    <!DOCTYPE html>
    <html lang="en">
    
    <head>
        <meta charset="UTF-8">
        <meta http-equiv="X-UA-Compatible" content="IE=edge">
        <meta name="viewport" content="width=device-width, initial-scale=1.0">
        <title>IaSmarKet Products</title>
        <style>
            body {
                background-color: black;
                color: white;
                font-family: Arial, sans-serif;
            }
    
            .datetime {
                text-align: center;
                color: gray;
                margin-top: 20px;
            }
    
            .date,
            .time {
                font-size: 48px;
            }
    
            .container {
                display: flex;
                flex-wrap: wrap;
                justify-content: center;
                align-items: flex-start;
                min-height: calc(100vh - 7cm);
                padding: 20px;
            }
    
            .product {
                width: calc(100% / 4 - 40px);
                margin: 10px;
                text-align: center;
                border: 1px solid red;
                border-radius: 10px;
                overflow: hidden;
                padding: 10px;
                display: flex;
                flex-direction: column;
                background-color: black;
                color: white;
                transition: transform 0.3s;
            }
    
            .product:hover {
                transform: scale(1.05);
            }
    
            .product .content {
                height: 200px;
                overflow: hidden;
            }
    
            .product img {
                width: 100%;
                height: 200px;
                object-fit: cover;
            }
    
            .product .description {
                margin-top: 10px;
                flex-grow: 1;
            }
    
            .product .more-link {
                margin-top: 5px;
                cursor: pointer;
                color: blue;
                text-decoration: underline;
            }
    
            .pagination {
                text-align: center;
                margin: 20px 0;
                width: 100%;
            }
    
            .pagination a {
                color: white;
                padding: 8px 16px;
                text-decoration: none;
                background-color: gray;
                margin: 0 4px;
                border-radius: 4px;
            }
    
            .pagination a:hover {
                background-color: #575757;
            }
    
            @media (min-width: 768px) and (max-width: 991px) {
                .product {
                    width: calc(100% / 3 - 40px);
                }
            }
    
            @media (max-width: 767px) {
                .product {
                    width: calc(100% - 40px);
                }
            }
    
            /* Style pour le bouton flottant */
            .floating-button {
                position: fixed;
                bottom: 20px;
                right: 20px;
                background-color: red;
                color: white;
                border: none;
                border-radius: 50%;
                width: 60px;
                height: 60px;
                text-align: center;
                font-size: 18px;
                cursor: pointer;
                z-index: 1000;
                box-shadow: 0 4px 8px rgba(0, 0, 0, 0.2);
            }
    
            /* Style pour la barre de recherche */
            .search-bar {
                width: 100%;
                text-align: center;
                margin: 20px 0;
            }
    
            .search-bar input {
                width: 50%;
                padding: 10px;
                border-radius: 5px;
                border: none;
                font-size: 16px;
            }
    
            @media (max-width: 767px) {
                .search-bar input {
                    width: 80%;
                }
            }
        </style>
    </head>
    
    <body>
        <div class="datetime">
            <div class="date" id="comment"></div>
            <div class="date" id="date"></div>
            <div class="time" id="time"></div>
        </div>
        <!-- Pagination -->
        <div class="pagination">Pages :

     <a href="https://iasmarket.github.io/Baby/">Back</a>    
            </div>
                <!-- Barre de recherche -->
                <div class="search-bar">serche:
                <input type="text" id="searchInput" placeholder=" search and filter by product / name Ex:'Blender' / discount percentage Ex:'30%' ..." onkeyup="filterProducts()">
                </div>

                <div class="container" id="productContainer">
                    <!-- Exemple de produits -->
          
            

<div class="product"><a href="https://www.amazon.com/dp/B0CD42KQ3K?tag=eloabder-20&linkCode=osi&th=1&psc=1"><img src="https://m.media-amazon.com/images/I/41c9zvmFrLL._SL500_.jpg" alt="Product Image"></a><p>TOHIBEE Baby Montessori Sensory Toys for 0-6 6-12 Months, Food Grade Teething Toys for Babies 0 3 6 9 12 18 Months, Newborn Infant Learning Developmental Toys Gifts for 1 2 Year Old Boys Girls</p><p> -50% 0FF </p><p>$9.99</p><a href="https://www.amazon.com/dp/B0CD42KQ3K?tag=eloabder-20&linkCode=osi&th=1&psc=1">View Product</a></div><div class="product"><a href="https://www.amazon.com/dp/B0CNNZKL6Z?tag=eloabder-20&linkCode=osi&th=1&psc=1"><img src="https://m.media-amazon.com/images/I/419qSwSFEIL._SL500_.jpg" alt="Product Image"></a><p>MIUXUESO 3 Pcs Baby Flower Headbands Baby Girls Nylon Headbands Soft Hairbands Hair Accessories for Newborn Infant Toddler Kids (Beige Pink Khaki)</p><p> -11% 0FF </p><p>$8.89 ($2.96 / Count)</p><a href="https://www.amazon.com/dp/B0CNNZKL6Z?tag=eloabder-20&linkCode=osi&th=1&psc=1">View Product</a></div><div class="product"><a href="https://www.amazon.com/dp/B0CRLDXBYN?tag=eloabder-20&linkCode=osi&th=1&psc=1"><img src="https://m.media-amazon.com/images/I/51U5mzLT4CL._SL500_.jpg" alt="Product Image"></a><p>Cute Castle Baby Sleep Sack 0-6 Months - Lightweight 100% Cotton 2-Way Zipper TOG 0.5 Infant Wearable Blanket, Newborn Essentials Toddler Sleep Clothes (3 Pack Green)</p><p> -41% 0FF </p><p>$26.98</p><a href="https://www.amazon.com/dp/B0CRLDXBYN?tag=eloabder-20&linkCode=osi&th=1&psc=1">View Product</a></div><div class="product"><a href="https://www.amazon.com/dp/B0CNSPHBBG?tag=eloabder-20&linkCode=osi&th=1&psc=1"><img src="https://m.media-amazon.com/images/I/41KtLZ6dp3L._SL500_.jpg" alt="Product Image"></a><p>Arnzion Baby Hooded Towels for Babies and Toddlers, Muslin Baby Bath Towel Soft and Absorbent for Boys and Girls (Dark Grey 1 Pack)</p><p> -10% 0FF </p><p>$8.99</p><a href="https://www.amazon.com/dp/B0CNSPHBBG?tag=eloabder-20&linkCode=osi&th=1&psc=1">View Product</a></div><div class="product"><a href="https://www.amazon.com/dp/B0C6Y89H47?tag=eloabder-20&linkCode=osi&th=1&psc=1"><img src="https://m.media-amazon.com/images/I/41SIANIdhkL._SL500_.jpg" alt="Product Image"></a><p>HelloBaby Upgrade 5’’ Baby Monitor with 26-Hour Battery, 2 Cameras Pan-Tilt-Zoom, 1000ft Range Video Audio Baby Monitor No WiFi, VOX, Night Vision, 2-Way Talk, 8 Lullabies and Temperature</p><p> -22% 0FF </p><p>$139.99</p><a href="https://www.amazon.com/dp/B0C6Y89H47?tag=eloabder-20&linkCode=osi&th=1&psc=1">View Product</a></div><div class="product"><a href="https://www.amazon.com/dp/B0CLGCN5ZS?tag=eloabder-20&linkCode=osi&th=1&psc=1"><img src="https://m.media-amazon.com/images/I/41PuaWmW8rL._SL500_.jpg" alt="Product Image"></a><p>Momcozy Baby Carrier Newborn to Toddler - Ergonomic, Cozy and Lightweight Infant Carrier for 7-44lbs, Effortless to Put On, Ideal for Hands-Free Parenting, Enhanced Lumbar Support, Khaki</p><p> -7% 0FF </p><p>$64.99</p><a href="https://www.amazon.com/dp/B0CLGCN5ZS?tag=eloabder-20&linkCode=osi&th=1&psc=1">View Product</a></div>
<div class="product"><a href="https://www.amazon.com/dp/B09B94C44F?tag=eloabder-20&linkCode=osi&th=1&psc=1"><img src="https://m.media-amazon.com/images/I/41mrmM0elVL._SL500_.jpg" alt="Product Image"></a><p>Fisher-Price Baby to Toddler Learning Toy 2-in-1 Like a Boss Activity Center and Play Table with Lights Music and Sounds</p><p> -33% 0FF </p><p>$73.99</p><a href="https://www.amazon.com/dp/B09B94C44F?tag=eloabder-20&linkCode=osi&th=1&psc=1">View Product</a></div><div class="product"><a href="https://www.amazon.com/dp/B08D8RSLXW?tag=eloabder-20&linkCode=osi&th=1&psc=1"><img src="https://m.media-amazon.com/images/I/41CTM7vmqIL._SL500_.jpg" alt="Product Image"></a><p>Smart Steps® Bounce N’ Play 3-in-1 Activity Center, Woodland Walk</p><p> -14% 0FF </p><p>$59.99</p><a href="https://www.amazon.com/dp/B08D8RSLXW?tag=eloabder-20&linkCode=osi&th=1&psc=1">View Product</a></div><div class="product"><a href="https://www.amazon.com/dp/B08WQB3JQW?tag=eloabder-20&linkCode=osi&th=1&psc=1"><img src="https://m.media-amazon.com/images/I/413UkTCXRJL._SL500_.jpg" alt="Product Image"></a><p>Smart Steps® 3-in-1 Bounce N' Play Activity Center Plus with STEM Learning Toys, Tike Hike</p><p> -33% 0FF </p><p>$59.99</p><a href="https://www.amazon.com/dp/B08WQB3JQW?tag=eloabder-20&linkCode=osi&th=1&psc=1">View Product</a></div><div class="product"><a href="https://www.amazon.com/dp/B0B5JJGGTC?tag=eloabder-20&linkCode=osi&th=1&psc=1"><img src="https://m.media-amazon.com/images/I/41hewN3eW6L._SL500_.jpg" alt="Product Image"></a><p>Fisher-Price Baby to Toddler Toy 3-in-1 SnugaPuppy Activity Center and Play Table with Lights Sounds and Developmental Activities</p><p> -23% 0FF </p><p>$99.99</p><a href="https://www.amazon.com/dp/B0B5JJGGTC?tag=eloabder-20&linkCode=osi&th=1&psc=1">View Product</a></div><div class="product"><a href="https://www.amazon.com/dp/B07BF1V8K8?tag=eloabder-20&linkCode=osi&th=1&psc=1"><img src="https://m.media-amazon.com/images/I/51kWbX5t3FL._SL500_.jpg" alt="Product Image"></a><p>Battat - Activity Cube With Farm Theme - Educational Wooden Toys For Toddlers And Kids - 1 Year +</p><p> -42% 0FF </p><p>$59.95</p><a href="https://www.amazon.com/dp/B07BF1V8K8?tag=eloabder-20&linkCode=osi&th=1&psc=1">View Product</a></div>
<div class="product"><a href="https://www.amazon.com/dp/B07MPCCDM7?tag=eloabder-20&linkCode=osi&th=1&psc=1"><img src="https://m.media-amazon.com/images/I/414WzjZL6XL._SL500_.jpg" alt="Product Image"></a><p>Baby Einstein 4-in-1 Kickin' Tunes Music and Language Play Gym and Piano Tummy Time Activity Mat</p><p> -20% 0FF </p><p>$39.98</p><a href="https://www.amazon.com/dp/B07MPCCDM7?tag=eloabder-20&linkCode=osi&th=1&psc=1">View Product</a></div><div class="product"><a href="https://www.amazon.com/dp/B0793D9WBY?tag=eloabder-20&linkCode=osi&th=1&psc=1"><img src="https://m.media-amazon.com/images/I/51SJobuKTzL._SL500_.jpg" alt="Product Image"></a><p>Fisher-Price Baby Playmat Deluxe Kick & Play Piano Gym, Green Musical Learning Toy with 2 Rattle Maracas for Developmental Play Newborns 0+ Months</p><p> -18% 0FF </p><p>$49.49</p><a href="https://www.amazon.com/dp/B0793D9WBY?tag=eloabder-20&linkCode=osi&th=1&psc=1">View Product</a></div><div class="product"><a href="https://www.amazon.com/dp/B0B5JXBMZJ?tag=eloabder-20&linkCode=osi&th=1&psc=1"><img src="https://m.media-amazon.com/images/I/51zfjAIFbcL._SL500_.jpg" alt="Product Image"></a><p>Fisher-Price Baby Playmat Kick & Play Piano Gym with Musical and Sensory Toys for Newborn to Toddler, Navy Fawn</p><p> -27% 0FF </p><p>$39.88</p><a href="https://www.amazon.com/dp/B0B5JXBMZJ?tag=eloabder-20&linkCode=osi&th=1&psc=1">View Product</a></div><div class="product"><a href="https://www.amazon.com/dp/B0036RKGHQ?tag=eloabder-20&linkCode=osi&th=1&psc=1"><img src="https://m.media-amazon.com/images/I/51ciJPgVi-L._SL500_.jpg" alt="Product Image"></a><p>Bright Starts Disney Baby Finding Nemo Mr. Ray Ocean Lights & Music Gym, Ages Newborn +</p><p> -18% 0FF </p><p>$69.98</p><a href="https://www.amazon.com/dp/B0036RKGHQ?tag=eloabder-20&linkCode=osi&th=1&psc=1">View Product</a></div>
<div class="product"><a href="https://www.amazon.com/dp/B0C8HGTL8Y?tag=eloabder-20&linkCode=osi&th=1&psc=1"><img src="https://m.media-amazon.com/images/I/41JRClg8WzL._SL500_.jpg" alt="Product Image"></a><p>Baby Trend Everlast 7-in-1 High Chair, Charcoal Stone</p><p> -50% 0FF </p><p>$49.99</p><a href="https://www.amazon.com/dp/B0C8HGTL8Y?tag=eloabder-20&linkCode=osi&th=1&psc=1">View Product</a></div><div class="product"><a href="https://www.amazon.com/dp/B08DY55SQZ?tag=eloabder-20&linkCode=osi&th=1&psc=1"><img src="https://m.media-amazon.com/images/I/31Gi5M2n0TL._SL500_.jpg" alt="Product Image"></a><p>Evenflo 4-in-1 Eat & Grow Convertible High Chair,Polyester</p><p> -9% 0FF </p><p>$62.99</p><a href="https://www.amazon.com/dp/B08DY55SQZ?tag=eloabder-20&linkCode=osi&th=1&psc=1">View Product</a></div><div class="product"><a href="https://www.amazon.com/dp/B0BDSWVGJN?tag=eloabder-20&linkCode=osi&th=1&psc=1"><img src="https://m.media-amazon.com/images/I/31RKzujFVpL._SL500_.jpg" alt="Product Image"></a><p>Graco EveryStep 6 in 1 High Chair, Babies and Toddlers Portable Slim High Chair with 6 Growing Stages from Infant to Toddler Seating, Convenient for Dining Time, Featured Design in Misty</p><p> -12% 0FF </p><p>$176.99</p><a href="https://www.amazon.com/dp/B0BDSWVGJN?tag=eloabder-20&linkCode=osi&th=1&psc=1">View Product</a></div><div class="product"><a href="https://www.amazon.com/dp/B0DFGSY7D2?tag=eloabder-20&linkCode=osi&th=1&psc=1"><img src="https://m.media-amazon.com/images/I/41LuMCYsLxL._SL500_.jpg" alt="Product Image"></a><p>High Chair,IJHIJH Baby High Chair,Foldable High Chair,High Chair for Babies and Toddlers,Double-Layer Large Tray,Backrest and Height Adjustable,5-Point Safety Belt,Non-Slip Mat,Space Saving</p><p> -23% 0FF </p><p>$99.99</p><a href="https://www.amazon.com/dp/B0DFGSY7D2?tag=eloabder-20&linkCode=osi&th=1&psc=1">View Product</a></div><div class="product"><a href="https://www.amazon.com/dp/B01MRVWGJH?tag=eloabder-20&linkCode=osi&th=1&psc=1"><img src="https://m.media-amazon.com/images/I/41HxUVOWn-L._SL500_.jpg" alt="Product Image"></a><p>Cosco Simple Fold Full Size High Chair With Adjustable Tray, 28.5x23.5x38.7 Inch (Pack of 1)</p><p> -23% 0FF </p><p>$49.99</p><a href="https://www.amazon.com/dp/B01MRVWGJH?tag=eloabder-20&linkCode=osi&th=1&psc=1">View Product</a></div><div class="product"><a href="https://www.amazon.com/dp/B0B1QRSXW9?tag=eloabder-20&linkCode=osi&th=1&psc=1"><img src="https://m.media-amazon.com/images/I/41k+dOKhnqL._SL500_.jpg" alt="Product Image"></a><p>Baby Trend Sit Right 2.0 3-in-1 High Chair - Cozy Grey</p><p> -25% 0FF </p><p>$59.99</p><a href="https://www.amazon.com/dp/B0B1QRSXW9?tag=eloabder-20&linkCode=osi&th=1&psc=1">View Product</a></div><div class="product"><a href="https://www.amazon.com/dp/B08HKPPJPV?tag=eloabder-20&linkCode=osi&th=1&psc=1"><img src="https://m.media-amazon.com/images/I/31cMtIzV9lL._SL500_.jpg" alt="Product Image"></a><p>Graco® Table2Table LX 6-in-1 Highchair, Arrows with Infant Head Support & One-Hand Removable Tray</p><p> -16% 0FF </p><p>$100.99</p><a href="https://www.amazon.com/dp/B08HKPPJPV?tag=eloabder-20&linkCode=osi&th=1&psc=1">View Product</a></div><div class="product"><a href="https://www.amazon.com/dp/B07Y5RY7QT?tag=eloabder-20&linkCode=osi&th=1&psc=1"><img src="https://m.media-amazon.com/images/I/31IiUCIU1JL._SL500_.jpg" alt="Product Image"></a><p>Graco DuoDiner DLX 6-in-1 Highchair, Mathis</p><p> -7% 0FF </p><p>$139.99</p><a href="https://www.amazon.com/dp/B07Y5RY7QT?tag=eloabder-20&linkCode=osi&th=1&psc=1">View Product</a></div><div class="product"><a href="https://www.amazon.com/dp/B091M5MT2L?tag=eloabder-20&linkCode=osi&th=1&psc=1"><img src="https://m.media-amazon.com/images/I/31ukjyiALGL._SL500_.jpg" alt="Product Image"></a><p>Century Dine On 4-in-1 High Chair, Grows with Child with 4 Modes, Metro</p><p> -11% 0FF </p><p>$79.99</p><a href="https://www.amazon.com/dp/B091M5MT2L?tag=eloabder-20&linkCode=osi&th=1&psc=1">View Product</a></div>
<div class="product"><a href="https://www.amazon.com/dp/B000MR4IX6?tag=eloabder-20&linkCode=osi&th=1&psc=1"><img src="https://m.media-amazon.com/images/I/31QxBnnFyKL._SL500_.jpg" alt="Product Image"></a><p>Crane Adorables Ultrasonic Humidifiers for Bedroom and Baby Nursery, 1 Gallon Cool Mist Air Humidifier for Large Room or Kid's Room, Humidifier Filters Optional, Hello Kitty</p><p> -10% 0FF </p><p>$53.99</p><a href="https://www.amazon.com/dp/B000MR4IX6?tag=eloabder-20&linkCode=osi&th=1&psc=1">View Product</a></div><div class="product"><a href="https://www.amazon.com/dp/B001ADL1SG?tag=eloabder-20&linkCode=osi&th=1&psc=1"><img src="https://m.media-amazon.com/images/I/31jxnLUt3iL._SL500_.jpg" alt="Product Image"></a><p>Crane Ultrasonic Cool Mist Humidifier for Bedroom, Baby Nursery, Kids Room, Plants, or Office, Large 1 Gallon Tank, Filter Optional, Blue and White</p><p> -25% 0FF </p><p>$44.99</p><a href="https://www.amazon.com/dp/B001ADL1SG?tag=eloabder-20&linkCode=osi&th=1&psc=1">View Product</a></div><div class="product"><a href="https://www.amazon.com/dp/B089QWNQXC?tag=eloabder-20&linkCode=osi&th=1&psc=1"><img src="https://m.media-amazon.com/images/I/31SHRor76xL._SL500_.jpg" alt="Product Image"></a><p>Dr. Brown's All-in-One Sterilizer and Dryer for Baby Bottles, Parts & Other Newborn Essentials</p><p> -28% 0FF </p><p>$57.99</p><a href="https://www.amazon.com/dp/B089QWNQXC?tag=eloabder-20&linkCode=osi&th=1&psc=1">View Product</a></div><div class="product"><a href="https://www.amazon.com/dp/B008KJEYLO?tag=eloabder-20&linkCode=osi&th=1&psc=1"><img src="https://m.media-amazon.com/images/I/516vqHBFtxL._SL500_.jpg" alt="Product Image"></a><p>WaterWipes Plastic-Free Original Baby Wipes, 99.9% Water Based Wipes, Unscented & Hypoallergenic for Sensitive Skin, 60 Count (Pack of 12), Packaging May Vary</p><p> -13% 0FF </p><p>$39.97 ($5.55 / 100 Count)</p><a href="https://www.amazon.com/dp/B008KJEYLO?tag=eloabder-20&linkCode=osi&th=1&psc=1">View Product</a></div><div class="product"><a href="https://www.amazon.com/dp/B094YK9MB1?tag=eloabder-20&linkCode=osi&th=1&psc=1"><img src="https://m.media-amazon.com/images/I/31h+m99qpwL._SL500_.jpg" alt="Product Image"></a><p>Westinghouse 28-inch Cool Mist Ultrasonic Tower Humidifier, 6L Top Fill Air Humidifier with Essential Oil Diffuser, Adjustable Mist Volume for Large Bedrooms</p><p> -50% 0FF </p><p>$59.99</p><a href="https://www.amazon.com/dp/B094YK9MB1?tag=eloabder-20&linkCode=osi&th=1&psc=1">View Product</a></div>
<div class="product"><a href="https://www.amazon.com/dp/B0961KZ9X2?tag=eloabder-20&linkCode=osi&th=1&psc=1"><img src="https://m.media-amazon.com/images/I/41AUjJ8u93S._SL500_.jpg" alt="Product Image"></a><p>Philips Avent Anti-Colic Baby Bottle with AirFree Vent, 9oz, 4pk, Clear, SCY703/04</p><p> -20% 0FF </p><p>$23.99</p><a href="https://www.amazon.com/dp/B0961KZ9X2?tag=eloabder-20&linkCode=osi&th=1&psc=1">View Product</a></div><div class="product"><a href="https://www.amazon.com/dp/B00K5KVC52?tag=eloabder-20&linkCode=osi&th=1&psc=1"><img src="https://m.media-amazon.com/images/I/411dDDTfnQL._SL500_.jpg" alt="Product Image"></a><p>Tommee Tippee Natural Start Anti-Colic BPA Free Baby Bottles, 9oz, Slow-Flow Breast-Like Nipple for a Natural Latch, Designed for Seamless Transitions Between Bottle and Breast, Fiesta, Pack of 6</p><p> -44% 0FF </p><p>$23.97</p><a href="https://www.amazon.com/dp/B00K5KVC52?tag=eloabder-20&linkCode=osi&th=1&psc=1">View Product</a></div><div class="product"><a href="https://www.amazon.com/dp/B00H0DH2NS?tag=eloabder-20&linkCode=osi&th=1&psc=1"><img src="https://m.media-amazon.com/images/I/41-a1Bfp4SL._SL500_.jpg" alt="Product Image"></a><p>Lansinoh Anti-Colic Baby Bottles for Breastfeeding Babies, 5 Ounces, 3 Count, Includes 3 Slow Flow Nipples, Size S</p><p> -25% 0FF </p><p>$14.99</p><a href="https://www.amazon.com/dp/B00H0DH2NS?tag=eloabder-20&linkCode=osi&th=1&psc=1">View Product</a></div><div class="product"><a href="https://www.amazon.com/dp/B07M6QQP9Z?tag=eloabder-20&linkCode=osi&th=1&psc=1"><img src="https://m.media-amazon.com/images/I/41DGyuAuyJL._SL500_.jpg" alt="Product Image"></a><p>Dr. Brown's Natural Flow Anti-Colic Options+ Wide-Neck Glass Baby Bottles 5 oz/150 mL, with Level 1 Slow Flow Nipple, 3 Pack, 0m+</p><p> -17% 0FF </p><p>$23.99</p><a href="https://www.amazon.com/dp/B07M6QQP9Z?tag=eloabder-20&linkCode=osi&th=1&psc=1">View Product</a></div>
<div class="product"><a href="https://www.amazon.com/dp/B00MN6IGPK?tag=eloabder-20&linkCode=osi&th=1&psc=1"><img src="https://m.media-amazon.com/images/I/41QKUlWUujL._SL500_.jpg" alt="Product Image"></a><p>Pioneer Photo Albums DA-200COLB/B 200-Pocket Embossed Baby Leatherette Frame Cover Album for 4 by 6-Inch Prints, Blue</p><p> -20% 0FF </p><p>$13.58</p><a href="https://www.amazon.com/dp/B00MN6IGPK?tag=eloabder-20&linkCode=osi&th=1&psc=1">View Product</a></div><div class="product"><a href="https://www.amazon.com/dp/B09G9LD7MR?tag=eloabder-20&linkCode=osi&th=1&psc=1"><img src="https://m.media-amazon.com/images/I/41G9dvP0dRL._SL500_.jpg" alt="Product Image"></a><p>Holoary Baby Photo Album 4” x 6” 160 Photos, Newborn Baby Keepsake Gifts for Baby Boy/Girl and New Parents, Woodland Animals Design</p><p> -15% 0FF </p><p>$16.99</p><a href="https://www.amazon.com/dp/B09G9LD7MR?tag=eloabder-20&linkCode=osi&th=1&psc=1">View Product</a></div>
<div class="product"><a href="https://www.amazon.com/dp/B099FM4W4H?tag=eloabder-20&linkCode=osi&th=1&psc=1"><img src="https://m.media-amazon.com/images/I/41oW5RAdkOL._SL500_.jpg" alt="Product Image"></a><p>Frida Baby 4-in-1 Grow-with-Me Baby Bathtub, Baby Tub for Newborns to Toddler with Removable Bath Seat & Backrest for Bath Support in Tub</p><p> -9% 0FF </p><p>$49.97</p><a href="https://www.amazon.com/dp/B099FM4W4H?tag=eloabder-20&linkCode=osi&th=1&psc=1">View Product</a></div><div class="product"><a href="https://www.amazon.com/dp/B008VWVS14?tag=eloabder-20&linkCode=osi&th=1&psc=1"><img src="https://m.media-amazon.com/images/I/41SmMRWIinL._SL500_.jpg" alt="Product Image"></a><p>Angelcare Baby Bath Support (Aqua) | Ideal for Babies Less than 6 Months Old</p><p> -33% 0FF </p><p>$19.99</p><a href="https://www.amazon.com/dp/B008VWVS14?tag=eloabder-20&linkCode=osi&th=1&psc=1">View Product</a></div><div class="product"><a href="https://www.amazon.com/dp/B0856SSQ1X?tag=eloabder-20&linkCode=osi&th=1&psc=1"><img src="https://m.media-amazon.com/images/I/31uBL4LsJbL._SL500_.jpg" alt="Product Image"></a><p>Fisher-Price Baby to Toddler Bath 4-in-1 Sling ‘n Seat Tub with Removable Infant Support and 2 Toys, Pacific Pebble</p><p> -11% 0FF </p><p>$39.99</p><a href="https://www.amazon.com/dp/B0856SSQ1X?tag=eloabder-20&linkCode=osi&th=1&psc=1">View Product</a></div><div class="product"><a href="https://www.amazon.com/dp/B0BFVBMM2Y?tag=eloabder-20&linkCode=osi&th=1&psc=1"><img src="https://m.media-amazon.com/images/I/31HpHQ7IjxL._SL500_.jpg" alt="Product Image"></a><p>The First Years Renewed Baby Bath Tub - Newborn to Toddler 3-in-1 Baby Tub with Removable Sling - Made with 50% Recycled Material - 0 to 25 LBs</p><p> -10% 0FF </p><p>$26.99</p><a href="https://www.amazon.com/dp/B0BFVBMM2Y?tag=eloabder-20&linkCode=osi&th=1&psc=1">View Product</a></div><div class="product"><a href="https://www.amazon.com/dp/B08XYFMK8K?tag=eloabder-20&linkCode=osi&th=1&psc=1"><img src="https://m.media-amazon.com/images/I/41pzMRjTbyS._SL500_.jpg" alt="Product Image"></a><p>The First Years Rain Shower Baby Bathtub — Baby Spa for Newborn to Toddler — includes Convertible Bathtub and Sling with Soothing Spray — Baby Bath Essentials</p><p> -20% 0FF </p><p>$69.99</p><a href="https://www.amazon.com/dp/B08XYFMK8K?tag=eloabder-20&linkCode=osi&th=1&psc=1">View Product</a></div>
<div class="product"><a href="https://www.amazon.com/dp/B08GFCX964?tag=eloabder-20&linkCode=osi&th=1&psc=1"><img src="https://m.media-amazon.com/images/I/41WRO-OeUjL._SL500_.jpg" alt="Product Image"></a><p>PandaEar Set of 3 Silicone Baby Bibs Waterproof, Soft, Unisex, 10-72 Months (Brown/Blue/Green)</p><p> -27% 0FF </p><p>$8.45</p><a href="https://www.amazon.com/dp/B08GFCX964?tag=eloabder-20&linkCode=osi&th=1&psc=1">View Product</a></div><div class="product"><a href="https://www.amazon.com/dp/B0B152XRC4?tag=eloabder-20&linkCode=osi&th=1&psc=1"><img src="https://m.media-amazon.com/images/I/51OYlHgekxL._SL500_.jpg" alt="Product Image"></a><p>8-Pack Organic Baby Bibs for Boys, Girls - Soft Cotton Drooling and Teething Baby Bibs, Baby Girl Bibs, Baby Boy Bibs, Baby Drool Bibs for Baby Girl, Boy, Newborn Infant Bibs (Sweet Charm)</p><p> -39% 0FF </p><p>$16.96</p><a href="https://www.amazon.com/dp/B0B152XRC4?tag=eloabder-20&linkCode=osi&th=1&psc=1">View Product</a></div>
<div class="product"><a href="https://www.amazon.com/dp/B01CJABFKM?tag=eloabder-20&linkCode=osi&th=1&psc=1"><img src="https://m.media-amazon.com/images/I/41Cy6DIfuuL._SL500_.jpg" alt="Product Image"></a><p>Custom Catch Personalized Baby Blanket for Boys - Blue</p><p> -27% 0FF </p><p>$21.94</p><a href="https://www.amazon.com/dp/B01CJABFKM?tag=eloabder-20&linkCode=osi&th=1&psc=1">View Product</a></div><div class="product"><a href="https://www.amazon.com/dp/B098NY9KW8?tag=eloabder-20&linkCode=osi&th=1&psc=1"><img src="https://m.media-amazon.com/images/I/41k5gWkxQgL._SL500_.jpg" alt="Product Image"></a><p>Momcozy Muslin Swaddle Blankets, Swaddle Blanket for Baby Boys and Girls, 4-Pack Breathable and Skin-Friendly Baby Receiving Blankets Swaddle Wrap, Baby Essentials, Registry & Gift, 47 x 47 inches</p><p> -40% 0FF </p><p>$29.99</p><a href="https://www.amazon.com/dp/B098NY9KW8?tag=eloabder-20&linkCode=osi&th=1&psc=1">View Product</a></div><div class="product"><a href="https://www.amazon.com/dp/B0CNPDMD1R?tag=eloabder-20&linkCode=osi&th=1&psc=1"><img src="https://m.media-amazon.com/images/I/41P19H8j35L._SL500_.jpg" alt="Product Image"></a><p>Yurhap Fleece Baby Blanket Heart Checkered Blanket, Ultra Soft Cozy Baby Blankets for Girls Boys, Fluffy Infant Toddler Newborn Receiving Blankets for Crib Stroller 30”×40” (Light Pink)</p><p> -33% 0FF </p><p>$9.99</p><a href="https://www.amazon.com/dp/B0CNPDMD1R?tag=eloabder-20&linkCode=osi&th=1&psc=1">View Product</a></div><div class="product"><a href="https://www.amazon.com/dp/B0B3J7RYTF?tag=eloabder-20&linkCode=osi&th=1&psc=1"><img src="https://m.media-amazon.com/images/I/41xEsOQY4yL._SL500_.jpg" alt="Product Image"></a><p>Konssy Waffle Baby Blankets, Nursery Blankets for Boys Girls, Swaddle Blankets Neutral Soft Lightweight Toddler and Kids Throw Blankets(Oat)</p><p> -23% 0FF </p><p>$22.99</p><a href="https://www.amazon.com/dp/B0B3J7RYTF?tag=eloabder-20&linkCode=osi&th=1&psc=1">View Product</a></div><div class="product"><a href="https://www.amazon.com/dp/B0BD6TPYXR?tag=eloabder-20&linkCode=osi&th=1&psc=1"><img src="https://m.media-amazon.com/images/I/51SPJrzTpKL._SL500_.jpg" alt="Product Image"></a><p>Konssy Baby Blankets for Unisex Boys Girls, Super Soft Nursery Minky Blankets with Muslin Cotton Front and Dotted Fleece Backing, Printed Bed Throws Newborn</p><p> -10% 0FF </p><p>$18.99</p><a href="https://www.amazon.com/dp/B0BD6TPYXR?tag=eloabder-20&linkCode=osi&th=1&psc=1">View Product</a></div>
<div class="product"><a href="https://www.amazon.com/dp/B081FTXL88?tag=eloabder-20&linkCode=osi&th=1&psc=1"><img src="https://m.media-amazon.com/images/I/31S6fvevhIL._SL500_.jpg" alt="Product Image"></a><p>Munchkin® Bristle™ Bottle Brush, Grey</p><p> -23% 0FF </p><p>$4.47</p><a href="https://www.amazon.com/dp/B081FTXL88?tag=eloabder-20&linkCode=osi&th=1&psc=1">View Product</a></div><div class="product"><a href="https://www.amazon.com/dp/B082PZ44M9?tag=eloabder-20&linkCode=osi&th=1&psc=1"><img src="https://m.media-amazon.com/images/I/21NI5khXnaL._SL500_.jpg" alt="Product Image"></a><p>Boon Cacti Bottle Cleaning Brush Set - Includes Bottle Brush, Nipple Brush, Detail Brush, and Straw Brush - Baby Bottle Brush Set for Bottle Drying Rack - Baby Essentials - 4 Count</p><p> -12% 0FF </p><p>$13.49</p><a href="https://www.amazon.com/dp/B082PZ44M9?tag=eloabder-20&linkCode=osi&th=1&psc=1">View Product</a></div><div class="product"><a href="https://www.amazon.com/dp/B0CQKF5CWS?tag=eloabder-20&linkCode=osi&th=1&psc=1"><img src="https://m.media-amazon.com/images/I/31RoBDDbg3L._SL500_.jpg" alt="Product Image"></a><p>Munchkin® Bristle™ Bottle Brush, Modern Design, Grey</p><p> -23% 0FF </p><p>$4.47</p><a href="https://www.amazon.com/dp/B0CQKF5CWS?tag=eloabder-20&linkCode=osi&th=1&psc=1">View Product</a></div><div class="product"><a href="https://www.amazon.com/dp/B01968GERY?tag=eloabder-20&linkCode=osi&th=1&psc=1"><img src="https://m.media-amazon.com/images/I/21rubIV8FNL._SL500_.jpg" alt="Product Image"></a><p>NUK Triple Action Baby Bottle & Nipple Brush, 3 Powerful Cleaning Materials - Bristles, Sponge, & Scruber, Non-Slip Handle, Odor Resistant, Top Rack Dishwasher Safe</p><p> -54% 0FF </p><p>$4.49</p><a href="https://www.amazon.com/dp/B01968GERY?tag=eloabder-20&linkCode=osi&th=1&psc=1">View Product</a></div>
<div class="product"><a href="https://www.amazon.com/dp/B09CGTPJSL?tag=eloabder-20&linkCode=osi&th=1&psc=1"><img src="https://m.media-amazon.com/images/I/31O1L+MYMxL._SL500_.jpg" alt="Product Image"></a><p>Baby Bottle Sterilizer | Esterilizador de Biberones, 6-in-1 HAUTURE Bottle Sterilizer and Dryer, Electric Steam Bottle Sanitizer for Baby Stuffs, Baby Bottles & Breast Pump Accessories</p><p> -10% 0FF </p><p>$69.98</p><a href="https://www.amazon.com/dp/B09CGTPJSL?tag=eloabder-20&linkCode=osi&th=1&psc=1">View Product</a></div><div class="product"><a href="https://www.amazon.com/dp/B007VBXKG2?tag=eloabder-20&linkCode=osi&th=1&psc=1"><img src="https://m.media-amazon.com/images/I/315F64OEQHL._SL500_.jpg" alt="Product Image"></a><p>Philips AVENT Microwave Steam Sterilizer for Baby Bottles, Pacifiers, Cups and More, SCF281/05</p><p> -29% 0FF </p><p>$22.79</p><a href="https://www.amazon.com/dp/B007VBXKG2?tag=eloabder-20&linkCode=osi&th=1&psc=1">View Product</a></div><div class="product"><a href="https://www.amazon.com/dp/B09HJDX5S6?tag=eloabder-20&linkCode=osi&th=1&psc=1"><img src="https://m.media-amazon.com/images/I/41rjM6KCAmL._SL500_.jpg" alt="Product Image"></a><p>Baby Brezza Bottle Sterilizer and Dryer Advanced – Electric Steam Sterilization Machine Universal Sterilizing for All Bottles: Plastic + Glass Pacifiers Breast Pump Parts - HEPA Filtration</p><p> -15% 0FF </p><p>$118.99</p><a href="https://www.amazon.com/dp/B09HJDX5S6?tag=eloabder-20&linkCode=osi&th=1&psc=1">View Product</a></div><div class="product"><a href="https://www.amazon.com/dp/B0D474DSB6?tag=eloabder-20&linkCode=osi&th=1&psc=1"><img src="https://m.media-amazon.com/images/I/41p78Of58KL._SL500_.jpg" alt="Product Image"></a><p>Bottle Sterilizer and Dryer, HIYAKOI Electric Steam Baby Bottle Sterilizer and Dryer, All-in-One Sterilizer 2 Layers Large for Baby Bottles, Parts & Other Newborn Essentials - HEPA Filtration</p><p> -38% 0FF </p><p>$49.99</p><a href="https://www.amazon.com/dp/B0D474DSB6?tag=eloabder-20&linkCode=osi&th=1&psc=1">View Product</a></div><div class="product"><a href="https://www.amazon.com/dp/B0CQQFFQKJ?tag=eloabder-20&linkCode=osi&th=1&psc=1"><img src="https://m.media-amazon.com/images/I/41tQNekOelL._SL500_.jpg" alt="Product Image"></a><p>Momcozy Bottle Sterilizer and Dryer, 8-in-1 Electric Steam Baby Bottle Sterilizer for Baby Bottles, Baby stuffs & Breast Pump Accessories</p><p> -36% 0FF </p><p>$63.99</p><a href="https://www.amazon.com/dp/B0CQQFFQKJ?tag=eloabder-20&linkCode=osi&th=1&psc=1">View Product</a></div><div class="product"><a href="https://www.amazon.com/dp/B09HH7HSGV?tag=eloabder-20&linkCode=osi&th=1&psc=1"><img src="https://m.media-amazon.com/images/I/31tOSRxwFYL._SL500_.jpg" alt="Product Image"></a><p>GROWNSY Bottle Sterilizer and Dryer, 2024 Compact Electric Steam Baby Bottle Sterilizer (Esterilizador de Biberones), Bottle Sanitizer for Baby Bottles, Pacifiers, Pump Parts</p><p> -33% 0FF </p><p>$59.99</p><a href="https://www.amazon.com/dp/B09HH7HSGV?tag=eloabder-20&linkCode=osi&th=1&psc=1">View Product</a></div>
<div class="product"><a href="https://www.amazon.com/dp/B07G4KBQJ7?tag=eloabder-20&linkCode=osi&th=1&psc=1"><img src="https://m.media-amazon.com/images/I/41WM4mOjQiL._SL500_.jpg" alt="Product Image"></a><p>Evenflo Feeding Classic Tinted Plastic Standard Neck Bottles for Baby, Infant and Newborn, Pink/Lavender/Teal, 8 Ounce (Pack of 12)</p><p> -27% 0FF </p><p>$10.19</p><a href="https://www.amazon.com/dp/B07G4KBQJ7?tag=eloabder-20&linkCode=osi&th=1&psc=1">View Product</a></div><div class="product"><a href="https://www.amazon.com/dp/B00N9X4YZW?tag=eloabder-20&linkCode=osi&th=1&psc=1"><img src="https://m.media-amazon.com/images/I/51kDCJ8oQmL._SL500_.jpg" alt="Product Image"></a><p>Evenflo Feeding Classic Tinted Plastic Standard Neck Bottles for Baby, Infant and Newborn - Teal/Green/Blue, 8 Ounce (Pack of 12)</p><p> -31% 0FF </p><p>$9.68</p><a href="https://www.amazon.com/dp/B00N9X4YZW?tag=eloabder-20&linkCode=osi&th=1&psc=1">View Product</a></div><div class="product"><a href="https://www.amazon.com/dp/B07DCQKC33?tag=eloabder-20&linkCode=osi&th=1&psc=1"><img src="https://m.media-amazon.com/images/I/41jfe6zVMgL._SL500_.jpg" alt="Product Image"></a><p>Dr. Brown's Anti-Colic Baby Feeding Set with Slow Flow Nipples, Travel Caps, Silicone Pacifier - Pink</p><p> -20% 0FF </p><p>$18.41</p><a href="https://www.amazon.com/dp/B07DCQKC33?tag=eloabder-20&linkCode=osi&th=1&psc=1">View Product</a></div>
<div class="product"><a href="https://www.amazon.com/dp/B095F28Q6J?tag=eloabder-20&linkCode=osi&th=1&psc=1"><img src="https://m.media-amazon.com/images/I/311FVQReZOL._SL500_.jpg" alt="Product Image"></a><p>Baby Delight Alpine Deluxe Portable Bouncer, Infant, 0-6 Months, 100% GOTS Certified Cotton Fabrics, Organic Oat</p><p> -22% 0FF </p><p>$69.99</p><a href="https://www.amazon.com/dp/B095F28Q6J?tag=eloabder-20&linkCode=osi&th=1&psc=1">View Product</a></div><div class="product"><a href="https://www.amazon.com/dp/B0BLP5G5FJ?tag=eloabder-20&linkCode=osi&th=1&psc=1"><img src="https://m.media-amazon.com/images/I/41F7YHDOEGL._SL500_.jpg" alt="Product Image"></a><p>Bright Starts Playful Paradise Comfy Baby Bouncer Seat with Soothing Vibration and Toys, Unisex, 0-6 Months</p><p> -26% 0FF </p><p>$22.11</p><a href="https://www.amazon.com/dp/B0BLP5G5FJ?tag=eloabder-20&linkCode=osi&th=1&psc=1">View Product</a></div><div class="product"><a href="https://www.amazon.com/dp/B016DAWD3W?tag=eloabder-20&linkCode=osi&th=1&psc=1"><img src="https://m.media-amazon.com/images/I/31SssXA+BHL._SL500_.jpg" alt="Product Image"></a><p>BabyBjörn Bouncer Balance Soft, Cotton/Jersey, Dark Gray/Gray (005084US)</p><p> -14% 0FF </p><p>$179.99</p><a href="https://www.amazon.com/dp/B016DAWD3W?tag=eloabder-20&linkCode=osi&th=1&psc=1">View Product</a></div><div class="product"><a href="https://www.amazon.com/dp/B07C9ZR2VC?tag=eloabder-20&linkCode=osi&th=1&psc=1"><img src="https://m.media-amazon.com/images/I/41wSBC1+j4L._SL500_.jpg" alt="Product Image"></a><p>Smart Steps Trend EZ Bouncer, Bluebell</p><p> -45% 0FF </p><p>$29.99</p><a href="https://www.amazon.com/dp/B07C9ZR2VC?tag=eloabder-20&linkCode=osi&th=1&psc=1">View Product</a></div>
<div class="product"><a href="https://www.amazon.com/dp/B07XMN3SK6?tag=eloabder-20&linkCode=osi&th=1&psc=1"><img src="https://m.media-amazon.com/images/I/41bHS4nTJ2L._SL500_.jpg" alt="Product Image"></a><p>Infantino Flip 4-in-1 Carrier - Ergonomic for Newborns and Older Babies 8-32 lbs</p><p> -21% 0FF </p><p>$29.99</p><a href="https://www.amazon.com/dp/B07XMN3SK6?tag=eloabder-20&linkCode=osi&th=1&psc=1">View Product</a></div><div class="product"><a href="https://www.amazon.com/dp/B0743L6R1T?tag=eloabder-20&linkCode=osi&th=1&psc=1"><img src="https://m.media-amazon.com/images/I/31ZGsR+w+1L._SL500_.jpg" alt="Product Image"></a><p>Ergobaby Omni 360 All-Position Baby Carrier for Newborn to Toddler with Lumbar Support (7-45 Pounds), Pearl Grey, One Size (Pack of 1)</p><p> -39% 0FF </p><p>$110.00</p><a href="https://www.amazon.com/dp/B0743L6R1T?tag=eloabder-20&linkCode=osi&th=1&psc=1">View Product</a></div><div class="product"><a href="https://www.amazon.com/dp/B0CDQ1XH6W?tag=eloabder-20&linkCode=osi&th=1&psc=1"><img src="https://m.media-amazon.com/images/I/41kAV5NXZBL._SL500_.jpg" alt="Product Image"></a><p>Momcozy Baby Carrier Newborn to Toddler - Ergonomic, Cozy and Lightweight Infant Carrier for 7-44lbs, Effortless to Put On, Ideal for Hands-Free Parenting, Enhanced Lumbar Support, Leopard</p><p> -8% 0FF </p><p>$59.99</p><a href="https://www.amazon.com/dp/B0CDQ1XH6W?tag=eloabder-20&linkCode=osi&th=1&psc=1">View Product</a></div><div class="product"><a href="https://www.amazon.com/dp/B005SP2LWW?tag=eloabder-20&linkCode=osi&th=1&psc=1"><img src="https://m.media-amazon.com/images/I/31fYPOjdFrL._SL500_.jpg" alt="Product Image"></a><p>Boba Baby Wrap Carrier - Original Baby Carrier Wrap Sling for Newborns - Baby Wearing Essentials - Newborn Wrap Swaddle Holder, Newborn to Toddler Infant Sling (Grey)</p><p> -19% 0FF </p><p>$32.49</p><a href="https://www.amazon.com/dp/B005SP2LWW?tag=eloabder-20&linkCode=osi&th=1&psc=1">View Product</a></div><div class="product"><a href="https://www.amazon.com/dp/B098X8WS7Y?tag=eloabder-20&linkCode=osi&th=1&psc=1"><img src="https://m.media-amazon.com/images/I/41az3xS82UL._SL500_.jpg" alt="Product Image"></a><p>Momcozy Baby Wrap Carrier, Easy to Wear Infant Carrier Slings, Lightweight Hands Free Baby Sling, Adjustable Baby Carriers for Newborn to Toddler 8-35 lbs, Black</p><p> -28% 0FF </p><p>$32.99</p><a href="https://www.amazon.com/dp/B098X8WS7Y?tag=eloabder-20&linkCode=osi&th=1&psc=1">View Product</a></div>
<div class="product"><a href="https://www.amazon.com/dp/B01N3MYVZM?tag=eloabder-20&linkCode=osi&th=1&psc=1"><img src="https://m.media-amazon.com/images/I/41CLrlYJDnL._SL500_.jpg" alt="Product Image"></a><p>Graco SlimFit 3-in-1 Convertible Car Seat, Ultra-Space-Saving Design, Darcie, Suitable for Rear and Forward-Facing, Highback Booster Seat with 10-Position Headrest</p><p> -21% 0FF </p><p>$157.99</p><a href="https://www.amazon.com/dp/B01N3MYVZM?tag=eloabder-20&linkCode=osi&th=1&psc=1">View Product</a></div><div class="product"><a href="https://www.amazon.com/dp/B07J37RTPG?tag=eloabder-20&linkCode=osi&th=1&psc=1"><img src="https://m.media-amazon.com/images/I/41fGAx7LcGL._SL500_.jpg" alt="Product Image"></a><p>Graco 4Ever DLX 4-in-1 Car Seat, Grey, Infant to Toddler Car Seat, with 10 Years of Use, Rear-facing, Forward-facing and Booster Modes, Safe, Comfortable and Convenient</p><p> -7% 0FF </p><p>$279.00</p><a href="https://www.amazon.com/dp/B07J37RTPG?tag=eloabder-20&linkCode=osi&th=1&psc=1">View Product</a></div><div class="product"><a href="https://www.amazon.com/dp/B07R9H1JC9?tag=eloabder-20&linkCode=osi&th=1&psc=1"><img src="https://m.media-amazon.com/images/I/41NwO9xrBGL._SL500_.jpg" alt="Product Image"></a><p>Graco Grows4Me 4-in-1 Car Seat, Convertible Infant to Toddler Car Seat and Booster, West Point Design, for 10 Years of Safe, Comfortable Journeys</p><p> -29% 0FF </p><p>$199.99</p><a href="https://www.amazon.com/dp/B07R9H1JC9?tag=eloabder-20&linkCode=osi&th=1&psc=1">View Product</a></div>
<div class="product"><a href="https://www.amazon.com/dp/B08RN8G58P?tag=eloabder-20&linkCode=osi&th=1&psc=1"><img src="https://m.media-amazon.com/images/I/41Qid-FWhYL._SL500_.jpg" alt="Product Image"></a><p>Baby Portable Changing Pad Travel - Waterproof Compact Diaper Changing Mat with Built-in Pillow - Lightweight & Foldable Changing Station, Newborn Shower Gifts</p><p> -29% 0FF </p><p>$9.99</p><a href="https://www.amazon.com/dp/B08RN8G58P?tag=eloabder-20&linkCode=osi&th=1&psc=1">View Product</a></div><div class="product"><a href="https://www.amazon.com/dp/B089XVKJSL?tag=eloabder-20&linkCode=osi&th=1&psc=1"><img src="https://m.media-amazon.com/images/I/51qlzLJHUWL._SL500_.jpg" alt="Product Image"></a><p>Portable Diaper Changing Pad - Waterproof Foldable Baby Changing Mat - Travel Diaper Change Mat - Lightweight Changing Pads for Baby - Baby Changer - Machine Washable (Black Geo)</p><p> -7% 0FF </p><p>$12.96</p><a href="https://www.amazon.com/dp/B089XVKJSL?tag=eloabder-20&linkCode=osi&th=1&psc=1">View Product</a></div><div class="product"><a href="https://www.amazon.com/dp/B08PH9Y6QS?tag=eloabder-20&linkCode=osi&th=1&psc=1"><img src="https://m.media-amazon.com/images/I/21cBsus1AHL._SL500_.jpg" alt="Product Image"></a><p>Regalo Baby Basics Infant Changing Pad, White , 31x16x4 Inch (Pack of 1)</p><p> -33% 0FF </p><p>$19.99</p><a href="https://www.amazon.com/dp/B08PH9Y6QS?tag=eloabder-20&linkCode=osi&th=1&psc=1">View Product</a></div>
<div class="product"><a href="https://www.amazon.com/dp/B07GFNVLS2?tag=eloabder-20&linkCode=osi&th=1&psc=1"><img src="https://m.media-amazon.com/images/I/31T-p4V5gsL._SL500_.jpg" alt="Product Image"></a><p>Gerber Unisex Baby Multi-Pack Long-Sleeve Onesies Bodysuit Mitten Cuff Sizes 6-Pack Mitten Cuff 0-3 Months</p><p> -12% 0FF </p><p>$15.81</p><a href="https://www.amazon.com/dp/B07GFNVLS2?tag=eloabder-20&linkCode=osi&th=1&psc=1">View Product</a></div><div class="product"><a href="https://www.amazon.com/dp/B0CP3NQCN3?tag=eloabder-20&linkCode=osi&th=1&psc=1"><img src="https://m.media-amazon.com/images/I/41MpsB3rYcL._SL500_.jpg" alt="Product Image"></a><p>Kaipiclos Newborn Infant Girl Clothes Rib Knit Romper Daisy Print Pants Headband Baby Clothes for Girls 0 3 6 12 18 24 Months</p><p> -10% 0FF </p><p>$14.99</p><a href="https://www.amazon.com/dp/B0CP3NQCN3?tag=eloabder-20&linkCode=osi&th=1&psc=1">View Product</a></div><div class="product"><a href="https://www.amazon.com/dp/B0D88Z7VLZ?tag=eloabder-20&linkCode=osi&th=1&psc=1"><img src="https://m.media-amazon.com/images/I/41Au0yzblbL._SL500_.jpg" alt="Product Image"></a><p>Burt's Bees Baby Baby Boys Pajamas, Sleep and Play Loose Fit, 100% Organic Cotton, Soft One-piece PJs, Diagonal Zip Up Jumpsuit Newborn Essentials with Interior Zipper Guard in sizes NB to 6-9 Months</p><p> -49% 0FF </p><p>$7.60</p><a href="https://www.amazon.com/dp/B0D88Z7VLZ?tag=eloabder-20&linkCode=osi&th=1&psc=1">View Product</a></div>
<div class="product"><a href="https://www.amazon.com/dp/B002FQK8IQ?tag=eloabder-20&linkCode=osi&th=1&psc=1"><img src="https://m.media-amazon.com/images/I/41WTSrhkJ4L._SL500_.jpg" alt="Product Image"></a><p>Safety 1st Easy Grip Brush and Comb, Colors May Vary</p><p> -23% 0FF </p><p>$4.59</p><a href="https://www.amazon.com/dp/B002FQK8IQ?tag=eloabder-20&linkCode=osi&th=1&psc=1">View Product</a></div><div class="product"><a href="https://www.amazon.com/dp/B07T16DQ31?tag=eloabder-20&linkCode=osi&th=1&psc=1"><img src="https://m.media-amazon.com/images/I/41Grt+V3Q7L._SL500_.jpg" alt="Product Image"></a><p>Frida Baby The 3-Step Cradle Cap System, DermaFrida The FlakeFixer, Sponge, Brush, Comb and Storage Stand for Babies with Cradle Cap, White-Blue</p><p> -15% 0FF </p><p>$14.44</p><a href="https://www.amazon.com/dp/B07T16DQ31?tag=eloabder-20&linkCode=osi&th=1&psc=1">View Product</a></div>
<div class="product"><a href="https://www.amazon.com/dp/B071K5T5Q2?tag=eloabder-20&linkCode=osi&th=1&psc=1"><img src="https://m.media-amazon.com/images/I/21rvQFmQBLL._SL500_.jpg" alt="Product Image"></a><p>The Honest Company Silicone-Free Conditioner | Gentle for Baby | Naturally Derived, Tear-free, Hypoallergenic | Fragrance Free Sensitive, 10 fl oz</p><p> -16% 0FF </p><p>$10.10 ($1.01 / Fl Oz)</p><a href="https://www.amazon.com/dp/B071K5T5Q2?tag=eloabder-20&linkCode=osi&th=1&psc=1">View Product</a></div><div class="product"><a href="https://www.amazon.com/dp/B07DGJ57P7?tag=eloabder-20&linkCode=osi&th=1&psc=1"><img src="https://m.media-amazon.com/images/I/31AEfjD6FyL._SL500_.jpg" alt="Product Image"></a><p>Johnson's Baby No More Tangles 2-in-1 Detangling Hair Shampoo & Conditioner for Kids & Toddlers, Gentle & Tear-Free, Hypoallergenic & Free of Parabens, Phthalates, Sulfates & Dyes, 20.3 fl. oz</p><p> -7% 0FF </p><p>$6.29 ($0.31 / Fl Oz)</p><a href="https://www.amazon.com/dp/B07DGJ57P7?tag=eloabder-20&linkCode=osi&th=1&psc=1">View Product</a></div><div class="product"><a href="https://www.amazon.com/dp/B07S89SL7D?tag=eloabder-20&linkCode=osi&th=1&psc=1"><img src="https://m.media-amazon.com/images/I/313C69-mF6L._SL500_.jpg" alt="Product Image"></a><p>Johnson's Baby Curl Defining Tear-Free Kids' Leave-in Conditioner with Shea Butter, Paraben-, Sulfate- & Dye-Free Formula, Hypoallergenic & Gentle for Toddlers' Hair, 6.8 fl. Oz</p><p> -28% 0FF </p><p>$6.11 ($0.90 / Fl Oz)</p><a href="https://www.amazon.com/dp/B07S89SL7D?tag=eloabder-20&linkCode=osi&th=1&psc=1">View Product</a></div><div class="product"><a href="https://www.amazon.com/dp/B07S7BPB2Q?tag=eloabder-20&linkCode=osi&th=1&psc=1"><img src="https://m.media-amazon.com/images/I/31DemfdZoNL._SL500_.jpg" alt="Product Image"></a><p>Johnson's Baby Shiny & Soft Tear-Free Kids' Hair Conditioning Spray with Argan Oil & Silk Proteins, Paraben, Sulfate & Dye-Free Formula, Hypoallergenic & Gentle for Toddlers, 10 Fl Oz</p><p> -33% 0FF </p><p>$5.66 ($0.57 / Fl Oz)</p><a href="https://www.amazon.com/dp/B07S7BPB2Q?tag=eloabder-20&linkCode=osi&th=1&psc=1">View Product</a></div><div class="product"><a href="https://www.amazon.com/dp/B0CJP91HN7?tag=eloabder-20&linkCode=osi&th=1&psc=1"><img src="https://m.media-amazon.com/images/I/41Z4G7wsFWL._SL500_.jpg" alt="Product Image"></a><p>ECOLATIÈR Kids Hair Balm Easy Detangling 3+ - Toddler Hair Conditioner, Tear-Free, 96.8% Natural, Vegan, Strengthens & Softens Kids' Hair, No Irritation - 8.5 Fl Oz</p><p> -14% 0FF </p><p>$9.49 ($1.12 / Ounce)</p><a href="https://www.amazon.com/dp/B0CJP91HN7?tag=eloabder-20&linkCode=osi&th=1&psc=1">View Product</a></div>
<div class="product"><a href="https://www.amazon.com/dp/B07Y3WQHZ6?tag=eloabder-20&linkCode=osi&th=1&psc=1"><img src="https://m.media-amazon.com/images/I/41Ai-kbx6LL._SL500_.jpg" alt="Product Image"></a><p>Delta Children Essex 4-in-1 Convertible Baby Crib, Bianca White with Natural Legs</p><p> -34% 0FF </p><p>$145.96</p><a href="https://www.amazon.com/dp/B07Y3WQHZ6?tag=eloabder-20&linkCode=osi&th=1&psc=1">View Product</a></div><div class="product"><a href="https://www.amazon.com/dp/B00LFP61PW?tag=eloabder-20&linkCode=osi&th=1&psc=1"><img src="https://m.media-amazon.com/images/I/41jj-ehw-vL._SL500_.jpg" alt="Product Image"></a><p>Graco Benton 5-in-1 Convertible Crib (White) – GREENGUARD Gold Certified, Converts from Baby Crib to Toddler Bed, Daybed and Full-Size Bed, Fits Standard Full-Size Crib Mattress</p><p> -20% 0FF </p><p>$159.99</p><a href="https://www.amazon.com/dp/B00LFP61PW?tag=eloabder-20&linkCode=osi&th=1&psc=1">View Product</a></div><div class="product"><a href="https://www.amazon.com/dp/B00EANJX5Q?tag=eloabder-20&linkCode=osi&th=1&psc=1"><img src="https://m.media-amazon.com/images/I/41+kxqP4icL._SL500_.jpg" alt="Product Image"></a><p>Dream On Me Synergy 5-In-1 Convertible Crib In White, Greenguard Gold Certified</p><p> -31% 0FF </p><p>$137.20</p><a href="https://www.amazon.com/dp/B00EANJX5Q?tag=eloabder-20&linkCode=osi&th=1&psc=1">View Product</a></div><div class="product"><a href="https://www.amazon.com/dp/B08D4N5RKW?tag=eloabder-20&linkCode=osi&th=1&psc=1"><img src="https://m.media-amazon.com/images/I/41sUNWg3sBL._SL500_.jpg" alt="Product Image"></a><p>Graco Hadley 5-in-1 Convertible Crib and Changer with Drawer (White) – GREENGUARD Gold Certified, Crib and Changing -Table Combo with Drawer, Includes Baby Changing Pad, Converts to Full-Size Bed</p><p> -18% 0FF </p><p>$359.99</p><a href="https://www.amazon.com/dp/B08D4N5RKW?tag=eloabder-20&linkCode=osi&th=1&psc=1">View Product</a></div><div class="product"><a href="https://www.amazon.com/dp/B08PMJBN33?tag=eloabder-20&linkCode=osi&th=1&psc=1"><img src="https://m.media-amazon.com/images/I/416ZYsREZOL._SL500_.jpg" alt="Product Image"></a><p>Oxford Baby North Bay 4-in-1 Convertible Baby Crib, Dove Gray, GreenGuard Gold Certified</p><p> -18% 0FF </p><p>$188.09</p><a href="https://www.amazon.com/dp/B08PMJBN33?tag=eloabder-20&linkCode=osi&th=1&psc=1">View Product</a></div><div class="product"><a href="https://www.amazon.com/dp/B078WTVBVW?tag=eloabder-20&linkCode=osi&th=1&psc=1"><img src="https://m.media-amazon.com/images/I/41NpHX4YnfL._SL500_.jpg" alt="Product Image"></a><p>Dream On Me Jayden 4-in-1 Mini Convertible Crib And Changer in Storm Grey, Greenguard Gold Certified, Non-Toxic Finish, New Zealand Pinewood, 1" Mattress Pad</p><p> -35% 0FF </p><p>$259.99</p><a href="https://www.amazon.com/dp/B078WTVBVW?tag=eloabder-20&linkCode=osi&th=1&psc=1">View Product</a></div>
<div class="product"><a href="https://www.amazon.com/dp/B01M4QMQ4B?tag=eloabder-20&linkCode=osi&th=1&psc=1"><img src="https://m.media-amazon.com/images/I/317ardc5Y-L._SL500_.jpg" alt="Product Image"></a><p>The Honest Company 2-in-1 Cleansing Shampoo + Body Wash | Gentle for Baby | Naturally Derived, Tear-free, Hypoallergenic | Lavender Calm, 10 fl oz</p><p> -8% 0FF </p><p>$10.99 ($1.10 / Fl Oz)</p><a href="https://www.amazon.com/dp/B01M4QMQ4B?tag=eloabder-20&linkCode=osi&th=1&psc=1">View Product</a></div><div class="product"><a href="https://www.amazon.com/dp/B09MVMNW5M?tag=eloabder-20&linkCode=osi&th=1&psc=1"><img src="https://m.media-amazon.com/images/I/41GDxpQsmOL._SL500_.jpg" alt="Product Image"></a><p>Cetaphil Baby Wash & Shampoo, 13.5oz Pack of 2, Hypoallergenic, Gentle Enough for Everyday Use, Soap Free</p><p> -10% 0FF </p><p>$16.99</p><a href="https://www.amazon.com/dp/B09MVMNW5M?tag=eloabder-20&linkCode=osi&th=1&psc=1">View Product</a></div><div class="product"><a href="https://www.amazon.com/dp/B0CZY44GD2?tag=eloabder-20&linkCode=osi&th=1&psc=1"><img src="https://m.media-amazon.com/images/I/31Gh3bZjFXL._SL500_.jpg" alt="Product Image"></a><p>Aveeno Baby Healthy Start Nourishing Newborn Wash, Hypoallergenic Baby Body Wash with Prebiotic Oat Gently Cleanses Delicate Newborn Skin, Fragrance-Free, Tear-Free, Paraben-Free, 8 fl. oz</p><p> -21% 0FF </p><p>$7.01 ($0.88 / Fl Oz)</p><a href="https://www.amazon.com/dp/B0CZY44GD2?tag=eloabder-20&linkCode=osi&th=1&psc=1">View Product</a></div>
<div class="product"><a href="https://www.amazon.com/dp/B07M6FL57T?tag=eloabder-20&linkCode=osi&th=1&psc=1"><img src="https://m.media-amazon.com/images/I/51iE4BjVpYL._SL500_.jpg" alt="Product Image"></a><p>Huggies Newborn Diapers, Little Snugglers Baby Diapers, Size Newborn (up to 10 lbs), 31 Count</p><p> -19% 0FF </p><p>$9.94 ($0.32 / Count)</p><a href="https://www.amazon.com/dp/B07M6FL57T?tag=eloabder-20&linkCode=osi&th=1&psc=1">View Product</a></div><div class="product"><a href="https://www.amazon.com/dp/B0CHGCDYJJ?tag=eloabder-20&linkCode=osi&th=1&psc=1"><img src="https://m.media-amazon.com/images/I/41csgXalIEL._SL500_.jpg" alt="Product Image"></a><p>Huggies Size Newborn Diapers, Skin Essentials Baby Diapers, Size Newborn (6-9 lbs), 31 Count</p><p> -19% 0FF </p><p>$9.94 ($0.32 / Count)</p><a href="https://www.amazon.com/dp/B0CHGCDYJJ?tag=eloabder-20&linkCode=osi&th=1&psc=1">View Product</a></div><div class="product"><a href="https://www.amazon.com/dp/B082QBHW74?tag=eloabder-20&linkCode=osi&th=1&psc=1"><img src="https://m.media-amazon.com/images/I/41z+Jw1td2L._SL500_.jpg" alt="Product Image"></a><p>Pampers Pure Protection Diapers Newborn - Size 0, 76 Count, Hypoallergenic Premium Disposable Baby Diapers</p><p> -19% 0FF </p><p>$22.79 ($0.30 / Count)</p><a href="https://www.amazon.com/dp/B082QBHW74?tag=eloabder-20&linkCode=osi&th=1&psc=1">View Product</a></div><div class="product"><a href="https://www.amazon.com/dp/B07M6FL9V2?tag=eloabder-20&linkCode=osi&th=1&psc=1"><img src="https://m.media-amazon.com/images/I/51JPrk+N-RL._SL500_.jpg" alt="Product Image"></a><p>Huggies Size 4 Diapers, Little Movers Baby Diapers, Size 4 (22-37 lbs), 22 Count (Packaging May Vary)</p><p> -19% 0FF </p><p>$9.94 ($0.45 / Count)</p><a href="https://www.amazon.com/dp/B07M6FL9V2?tag=eloabder-20&linkCode=osi&th=1&psc=1">View Product</a></div><div class="product"><a href="https://www.amazon.com/dp/B07T2QM32L?tag=eloabder-20&linkCode=osi&th=1&psc=1"><img src="https://m.media-amazon.com/images/I/41w5IxTMsnL._SL500_.jpg" alt="Product Image"></a><p>Amazon Brand - Mama Bear Gentle Touch Diapers, Hypoallergenic, Size 6, 27 Count, White</p><p> -10% 0FF </p><p>$11.32</p><a href="https://www.amazon.com/dp/B07T2QM32L?tag=eloabder-20&linkCode=osi&th=1&psc=1">View Product</a></div>
<div class="product"><a href="https://www.amazon.com/dp/B001OC5UMQ?tag=eloabder-20&linkCode=osi&th=1&psc=1"><img src="https://m.media-amazon.com/images/I/413nT5TZ9sL._SL500_.jpg" alt="Product Image"></a><p>Regalo Easy Step 38.5-Inch Wide Walk Thru Baby Gate, Includes 6-Inch Extension Kit, Pressure Mount Kit, Wall Cups</p><p> -22% 0FF </p><p>$34.99</p><a href="https://www.amazon.com/dp/B001OC5UMQ?tag=eloabder-20&linkCode=osi&th=1&psc=1">View Product</a></div><div class="product"><a href="https://www.amazon.com/dp/B075XQ2XYV?tag=eloabder-20&linkCode=osi&th=1&psc=1"><img src="https://m.media-amazon.com/images/I/51+9Fa+FH3L._SL500_.jpg" alt="Product Image"></a><p>Evenflo Position & Lock Baby Gate, Pressure-Mounted, Farmhouse Collection</p><p> -9% 0FF </p><p>$19.98</p><a href="https://www.amazon.com/dp/B075XQ2XYV?tag=eloabder-20&linkCode=osi&th=1&psc=1">View Product</a></div><div class="product"><a href="https://www.amazon.com/dp/B01BTUNHSQ?tag=eloabder-20&linkCode=osi&th=1&psc=1"><img src="https://m.media-amazon.com/images/I/31nuC-O3n9L._SL500_.jpg" alt="Product Image"></a><p>Safety 1st Easy Install 28" High Walk Thru Gate, Fits Between 29" and 38"</p><p> -10% 0FF </p><p>$44.99</p><a href="https://www.amazon.com/dp/B01BTUNHSQ?tag=eloabder-20&linkCode=osi&th=1&psc=1">View Product</a></div><div class="product"><a href="https://www.amazon.com/dp/B07WFZSW72?tag=eloabder-20&linkCode=osi&th=1&psc=1"><img src="https://m.media-amazon.com/images/I/41nc627IqxL._SL500_.jpg" alt="Product Image"></a><p>Cumbor 29.7-46" Baby Gate for Stairs, Mom's Choice Awards Winner-Auto Close Dog Gate for the House, Easy Install Pressure Mounted Pet Gates for Doorways, Easy Walk Thru Wide Safety Gate for Dog, Black</p><p> -10% 0FF </p><p>$89.99</p><a href="https://www.amazon.com/dp/B07WFZSW72?tag=eloabder-20&linkCode=osi&th=1&psc=1">View Product</a></div><div class="product"><a href="https://www.amazon.com/dp/B09F36M2T5?tag=eloabder-20&linkCode=osi&th=1&psc=1"><img src="https://m.media-amazon.com/images/I/416tulkEC2L._SL500_.jpg" alt="Product Image"></a><p>COMOMY 36" Extra Tall Baby Gate for Stairs Doorways, Fits Openings 29.5" to 48.8" Wide, Auto Close Extra Wide Dog Gate for House, Pressure Mounted Easy Walk Through Pet Gate with Door, Black</p><p> -13% 0FF </p><p>$69.99</p><a href="https://www.amazon.com/dp/B09F36M2T5?tag=eloabder-20&linkCode=osi&th=1&psc=1">View Product</a></div><div class="product"><a href="https://www.amazon.com/dp/B01EMK5JQI?tag=eloabder-20&linkCode=osi&th=1&psc=1"><img src="https://m.media-amazon.com/images/I/417uxACGTTL._SL500_.jpg" alt="Product Image"></a><p>Regalo Easy Step 49-Inch Extra Wide Baby Gate, Includes 4-Inch and 12-Inch Extension Kit, 4 Pack of Pressure Mount Kit and 4 Pack of Wall Mount Kit, Black</p><p> -20% 0FF </p><p>$39.99</p><a href="https://www.amazon.com/dp/B01EMK5JQI?tag=eloabder-20&linkCode=osi&th=1&psc=1">View Product</a></div><div class="product"><a href="https://www.amazon.com/dp/B07JGDGG23?tag=eloabder-20&linkCode=osi&th=1&psc=1"><img src="https://m.media-amazon.com/images/I/51eFFFBIYUL._SL500_.jpg" alt="Product Image"></a><p>Toddleroo by North States Superyard 6 Panel Baby Play Yard. Playpen or Extra Wide Baby Gate, Wall Mount Kit Included. Made in USA. 38.5" - 201" wide, 5.5 ft corner to corner play yard (26" tall, Gray)</p><p> -29% 0FF </p><p>$61.46</p><a href="https://www.amazon.com/dp/B07JGDGG23?tag=eloabder-20&linkCode=osi&th=1&psc=1">View Product</a></div>
<div class="product"><a href="https://www.amazon.com/dp/B0D8J8RGMN?tag=eloabder-20&linkCode=osi&th=1&psc=1"><img src="https://m.media-amazon.com/images/I/51IQYrOgXVL._SL500_.jpg" alt="Product Image"></a><p>3 Pack Baby Beanie Hats with Earflaps, 2 Size Baby Winter Hat for Newborn Infant Toddler Kids Children with Cute Smiley Face, Soft Warm Fleece Lined Knit Hat for Girls Boys-01</p><p> -47% 0FF </p><p>$15.99</p><a href="https://www.amazon.com/dp/B0D8J8RGMN?tag=eloabder-20&linkCode=osi&th=1&psc=1">View Product</a></div><div class="product"><a href="https://www.amazon.com/dp/B08V4HJF5T?tag=eloabder-20&linkCode=osi&th=1&psc=1"><img src="https://m.media-amazon.com/images/I/41JnGlILpnL._SL500_.jpg" alt="Product Image"></a><p>6 Pieces Newborn Baby Hat Bear Ears Infant Caps Baby Boy Girl Toddler Hats Infant Beanie Caps for 0-3 Months (Black White, Black, Navy Blue, Black Gray, Gray, White,Classic)</p><p> -8% 0FF </p><p>$11.99</p><a href="https://www.amazon.com/dp/B08V4HJF5T?tag=eloabder-20&linkCode=osi&th=1&psc=1">View Product</a></div><div class="product"><a href="https://www.amazon.com/dp/B091D4KRJS?tag=eloabder-20&linkCode=osi&th=1&psc=1"><img src="https://m.media-amazon.com/images/I/41IspZQwuhL._SL500_.jpg" alt="Product Image"></a><p>Baby Boy Sun Hat Bucket Hats for Toddler 6-12,12-24 months</p><p> -20% 0FF </p><p>$14.39</p><a href="https://www.amazon.com/dp/B091D4KRJS?tag=eloabder-20&linkCode=osi&th=1&psc=1">View Product</a></div>
<div class="product"><a href="https://www.amazon.com/dp/B07BVN1YMN?tag=eloabder-20&linkCode=osi&th=1&psc=1"><img src="https://m.media-amazon.com/images/I/41+i0x5p4TL._SL500_.jpg" alt="Product Image"></a><p>Baby Trend Tot Spot 3-in-1 High Chair, Bluebell</p><p> -40% 0FF </p><p>$59.99</p><a href="https://www.amazon.com/dp/B07BVN1YMN?tag=eloabder-20&linkCode=osi&th=1&psc=1">View Product</a></div><div class="product"><a href="https://www.amazon.com/dp/B01JRY07BQ?tag=eloabder-20&linkCode=osi&th=1&psc=1"><img src="https://m.media-amazon.com/images/I/41zyGMxJY0L._SL500_.jpg" alt="Product Image"></a><p>Cosco Simple Fold High Chair, Comet</p><p> -23% 0FF </p><p>$49.99</p><a href="https://www.amazon.com/dp/B01JRY07BQ?tag=eloabder-20&linkCode=osi&th=1&psc=1">View Product</a></div><div class="product"><a href="https://www.amazon.com/dp/B017VNNWXA?tag=eloabder-20&linkCode=osi&th=1&psc=1"><img src="https://m.media-amazon.com/images/I/41VGIO1sPhL._SL500_.jpg" alt="Product Image"></a><p>Cosco Simple Fold Deluxe High Chair with 3-Position Tray, Monster Syd</p><p> -17% 0FF </p><p>$49.99</p><a href="https://www.amazon.com/dp/B017VNNWXA?tag=eloabder-20&linkCode=osi&th=1&psc=1">View Product</a></div><div class="product"><a href="https://www.amazon.com/dp/B089PKYWJ8?tag=eloabder-20&linkCode=osi&th=1&psc=1"><img src="https://m.media-amazon.com/images/I/31MgSLR6W8L._SL500_.jpg" alt="Product Image"></a><p>Dream On Me Portable 2-in-1 Tabletalk High Chair, Convertible Compact High Chair, Light Weight Portable Highchair, Aqua</p><p> -45% 0FF </p><p>$55.13</p><a href="https://www.amazon.com/dp/B089PKYWJ8?tag=eloabder-20&linkCode=osi&th=1&psc=1">View Product</a></div><div class="product"><a href="https://www.amazon.com/dp/B0CPXDDPDY?tag=eloabder-20&linkCode=osi&th=1&psc=1"><img src="https://m.media-amazon.com/images/I/41qNrW3wklL._SL500_.jpg" alt="Product Image"></a><p>Fodoss 3-in-1 Wooden High Chair for Babies and Toddlers,Convertible Easy Clean Infant Highchair,Silla Modern Design para Comer De Bebe</p><p> -10% 0FF </p><p>$80.98</p><a href="https://www.amazon.com/dp/B0CPXDDPDY?tag=eloabder-20&linkCode=osi&th=1&psc=1">View Product</a></div>
<div class="product"><a href="https://www.amazon.com/dp/B0BG7B1GHP?tag=eloabder-20&linkCode=osi&th=1&psc=1"><img src="https://m.media-amazon.com/images/I/51MRfMlZsSL._SL500_.jpg" alt="Product Image"></a><p>Yoofoss Hooded Baby Towels for Newborn 2 Pack 100% Muslin Cotton Baby Bath Towel with Hood for Babies, Infant, Toddler and Kids, Large 32x32Inch, Soft and Absorbent Newborn Essential</p><p> -20% 0FF </p><p>$15.99</p><a href="https://www.amazon.com/dp/B0BG7B1GHP?tag=eloabder-20&linkCode=osi&th=1&psc=1">View Product</a></div><div class="product"><a href="https://www.amazon.com/dp/B0C6RKZLXW?tag=eloabder-20&linkCode=osi&th=1&psc=1"><img src="https://m.media-amazon.com/images/I/51HX88nmMOL._SL500_.jpg" alt="Product Image"></a><p>Gerber Baby 4 Piece Animal Character Hooded Towel and Washcloth Set, Brown Lion, One Size</p><p> -49% 0FF </p><p>$9.24</p><a href="https://www.amazon.com/dp/B0C6RKZLXW?tag=eloabder-20&linkCode=osi&th=1&psc=1">View Product</a></div><div class="product"><a href="https://www.amazon.com/dp/B0CKXKR1RV?tag=eloabder-20&linkCode=osi&th=1&psc=1"><img src="https://m.media-amazon.com/images/I/41PjOK7YCBL._SL500_.jpg" alt="Product Image"></a><p>Momcozy Baby Hooded Towel, 2 Pack Baby Towel Set, Super Soft Bath Towel with Original Design, Shower Gifts for Infant, Toddler (28 X 28 Inch, Lemon Leaves)</p><p> -19% 0FF </p><p>$21.99</p><a href="https://www.amazon.com/dp/B0CKXKR1RV?tag=eloabder-20&linkCode=osi&th=1&psc=1">View Product</a></div><div class="product"><a href="https://www.amazon.com/dp/B00X21O4L0?tag=eloabder-20&linkCode=osi&th=1&psc=1"><img src="https://m.media-amazon.com/images/I/51fEvVAVyfL._SL500_.jpg" alt="Product Image"></a><p>Luvable Friends Unisex Baby Hooded Towel with Five Washcloths, Boy Fox, One Size</p><p> -17% 0FF </p><p>$9.99</p><a href="https://www.amazon.com/dp/B00X21O4L0?tag=eloabder-20&linkCode=osi&th=1&psc=1">View Product</a></div>
<div class="product"><a href="https://www.amazon.com/dp/B07DGKXBD7?tag=eloabder-20&linkCode=osi&th=1&psc=1"><img src="https://m.media-amazon.com/images/I/31FyDL3570L._SL500_.jpg" alt="Product Image"></a><p>Johnson's Moisturizing Mild Pink Baby Lotion with Coconut Oil for Delicate Baby Skin, Paraben-, Phthalate- & Dye-Free, Hypoallergenic & Dermatologist-Tested, Baby Skin Care, 27.1 Fl. Oz</p><p> -33% 0FF </p><p>$7.19 ($0.27 / Fl Oz)</p><a href="https://www.amazon.com/dp/B07DGKXBD7?tag=eloabder-20&linkCode=osi&th=1&psc=1">View Product</a></div><div class="product"><a href="https://www.amazon.com/dp/B00JF3RYPM?tag=eloabder-20&linkCode=osi&th=1&psc=1"><img src="https://m.media-amazon.com/images/I/31n9VJQSijL._SL500_.jpg" alt="Product Image"></a><p>CeraVe Baby Lotion | Gentle Baby Skin Care with Ceramides, Niacinamide & Vitamin E | Fragrance, Paraben, Dye & Phthalates Free | Lightweight Baby Moisturizer | 8 Ounce | Packaging May Vary</p><p> -10% 0FF </p><p>$8.97 ($1.12 / Fl Oz)</p><a href="https://www.amazon.com/dp/B00JF3RYPM?tag=eloabder-20&linkCode=osi&th=1&psc=1">View Product</a></div><div class="product"><a href="https://www.amazon.com/dp/B094RH4GHC?tag=eloabder-20&linkCode=osi&th=1&psc=1"><img src="https://m.media-amazon.com/images/I/31xi7tuBJAL._SL500_.jpg" alt="Product Image"></a><p>Johnson's Baby Moisturizing Mild Pink Baby Lotion with Coconut Oil for Delicate Baby Skin, Paraben-, Phthalate- & Dye-Free, Hypoallergenic & Dermatologist-Tested, Baby Skin Care, 13.6 Fl. Oz</p><p> -34% 0FF </p><p>$4.49 ($0.33 / Fl Oz)</p><a href="https://www.amazon.com/dp/B094RH4GHC?tag=eloabder-20&linkCode=osi&th=1&psc=1">View Product</a></div><div class="product"><a href="https://www.amazon.com/dp/B0030UF6EW?tag=eloabder-20&linkCode=osi&th=1&psc=1"><img src="https://m.media-amazon.com/images/I/31RKFp5lxLL._SL500_.jpg" alt="Product Image"></a><p>Aveeno Baby Daily Moisture Body Lotion for Sensitive Skin, Hypoallergenic Moisturizing Baby Lotion with Nourishing Oatmeal to Deeply Moisturize Baby's Skin, Fragrance-Free, 18 fl. oz</p><p> -32% 0FF </p><p>$11.06</p><a href="https://www.amazon.com/dp/B0030UF6EW?tag=eloabder-20&linkCode=osi&th=1&psc=1">View Product</a></div><div class="product"><a href="https://www.amazon.com/dp/B00U2VQW72?tag=eloabder-20&linkCode=osi&th=1&psc=1"><img src="https://m.media-amazon.com/images/I/31nMuDcXtPL._SL500_.jpg" alt="Product Image"></a><p>Aveeno Baby Calming Comfort Moisturizing Body Lotion with Relaxing Lavender & Vanilla Scents, Non-Greasy Baby Lotion, Nourishing Prebiotic Oatmeal, Paraben- & Phthalate-Free, 18 fl. oz</p><p> -29% 0FF </p><p>$11.69 ($0.65 / Fl Oz)</p><a href="https://www.amazon.com/dp/B00U2VQW72?tag=eloabder-20&linkCode=osi&th=1&psc=1">View Product</a></div><div class="product"><a href="https://www.amazon.com/dp/B07DGL23H4?tag=eloabder-20&linkCode=osi&th=1&psc=1"><img src="https://m.media-amazon.com/images/I/31YO49z1TsL._SL500_.jpg" alt="Product Image"></a><p>Johnson's Moisturizing Bedtime Baby Lotion with Coconut Oil & NaturalCalm Aromas to Help Relax Baby, Hypoallergenic & Free of Parabens, Phthalates & Dyes, Mild Baby Skin Care, 27.1 fl. oz</p><p> -36% 0FF </p><p>$9.50 ($0.35 / Fl Oz)</p><a href="https://www.amazon.com/dp/B07DGL23H4?tag=eloabder-20&linkCode=osi&th=1&psc=1">View Product</a></div><div class="product"><a href="https://www.amazon.com/dp/B01A59VMSO?tag=eloabder-20&linkCode=osi&th=1&psc=1"><img src="https://m.media-amazon.com/images/I/31P-2Bf0eYL._SL500_.jpg" alt="Product Image"></a><p>Eucerin Baby Body Lotion, Hypoallergenic and Fragrance Free Baby Lotion, Baby Moisturizer with Pro-Vitamin B5 and Shea Butter, 13.5 Fl Oz Bottle</p><p> -17% 0FF </p><p>$9.78 ($0.72 / Fl Oz)</p><a href="https://www.amazon.com/dp/B01A59VMSO?tag=eloabder-20&linkCode=osi&th=1&psc=1">View Product</a></div><div class="product"><a href="https://www.amazon.com/dp/B07DGKXBDD?tag=eloabder-20&linkCode=osi&th=1&psc=1"><img src="https://m.media-amazon.com/images/I/31IvagYz0ML._SL500_.jpg" alt="Product Image"></a><p>Johnson's Baby CottonTouch Newborn Baby Face and Body Lotion, Hypoallergenic and Paraben-Free Moisturization for Baby's Sensitive Skin, Made with Real Cotton, 27.1 fl. oz</p><p> -37% 0FF </p><p>$9.35 ($0.35 / Fl Oz)</p><a href="https://www.amazon.com/dp/B07DGKXBDD?tag=eloabder-20&linkCode=osi&th=1&psc=1">View Product</a></div>
<div class="product"><a href="https://www.amazon.com/dp/B08HSNXSM6?tag=eloabder-20&linkCode=osi&th=1&psc=1"><img src="https://m.media-amazon.com/images/I/4193Km1SQcL._SL500_.jpg" alt="Product Image"></a><p>The Peanutshell Crib Mobile for Boys or Girls - White Musical Baby Crib Mobile with 12 Lullabies, Jungle Animal, Baby Mobile Crib Safari Animals Nursery Decor</p><p> -11% 0FF </p><p>$39.99</p><a href="https://www.amazon.com/dp/B08HSNXSM6?tag=eloabder-20&linkCode=osi&th=1&psc=1">View Product</a></div><div class="product"><a href="https://www.amazon.com/dp/B088TCNZ52?tag=eloabder-20&linkCode=osi&th=1&psc=1"><img src="https://m.media-amazon.com/images/I/41Nuh1UJwkL._SL500_.jpg" alt="Product Image"></a><p>EVERLOVE Montessori Mobile Baby for Crib (TINITIGIES) - Black and White Mobile Give Visual Stimulation to Engage Your Newborn - Baby Crib Mobile for Boys & Girls - Baby Mobile for Crib</p><p> -12% 0FF </p><p>$37.99</p><a href="https://www.amazon.com/dp/B088TCNZ52?tag=eloabder-20&linkCode=osi&th=1&psc=1">View Product</a></div><div class="product"><a href="https://www.amazon.com/dp/B07DM86Z43?tag=eloabder-20&linkCode=osi&th=1&psc=1"><img src="https://m.media-amazon.com/images/I/41wBVQgCTUL._SL500_.jpg" alt="Product Image"></a><p>Baby Einstein Sea Dreams Soother Musical Crib Toy and Sound Machine, Newborn and up</p><p> -15% 0FF </p><p>$33.90</p><a href="https://www.amazon.com/dp/B07DM86Z43?tag=eloabder-20&linkCode=osi&th=1&psc=1">View Product</a></div><div class="product"><a href="https://www.amazon.com/dp/B0B38G1MBD?tag=eloabder-20&linkCode=osi&th=1&psc=1"><img src="https://m.media-amazon.com/images/I/51ES4bHBHqL._SL500_.jpg" alt="Product Image"></a><p>Eners Baby Crib Mobile with Music and Lights, Mobile for Crib with Remote Control, Rotation, Moon and Star Projection, Baby Crib Toys for Boys Girls (Blue)</p><p> -6% 0FF </p><p>$33.99</p><a href="https://www.amazon.com/dp/B0B38G1MBD?tag=eloabder-20&linkCode=osi&th=1&psc=1">View Product</a></div>
<div class="product"><a href="https://www.amazon.com/dp/B09GM8JZM9?tag=eloabder-20&linkCode=osi&th=1&psc=1"><img src="https://m.media-amazon.com/images/I/41XmH3g0-aL._SL500_.jpg" alt="Product Image"></a><p>HelloBaby Upgrade Baby Monitor, 5'' Screen with 30-Hour Battery, Pan-Tilt-Zoom Video Baby Monitor with Camera and Audio, Night Vision, VOX, 2-Way Talk, 8 Lullabies and 1000ft Range No WiFi</p><p> -20% 0FF </p><p>$79.99</p><a href="https://www.amazon.com/dp/B09GM8JZM9?tag=eloabder-20&linkCode=osi&th=1&psc=1">View Product</a></div><div class="product"><a href="https://www.amazon.com/dp/B00JEV5UI8?tag=eloabder-20&linkCode=osi&th=1&psc=1"><img src="https://m.media-amazon.com/images/I/41va56lWJ6L._SL500_.jpg" alt="Product Image"></a><p>VTech Upgraded Audio Baby Monitor with Rechargeable Battery, Long Range, and Crystal-Clear Sound</p><p> -9% 0FF </p><p>$19.99</p><a href="https://www.amazon.com/dp/B00JEV5UI8?tag=eloabder-20&linkCode=osi&th=1&psc=1">View Product</a></div><div class="product"><a href="https://www.amazon.com/dp/B0BZ8BN87L?tag=eloabder-20&linkCode=osi&th=1&psc=1"><img src="https://m.media-amazon.com/images/I/41Bi8mMjlBL._SL500_.jpg" alt="Product Image"></a><p>OKAIDI Video Baby Monitor with Camera and Audio, 5" Display Baby Monitor No WiFi, 30H Battery and 1000ft Range Baby Monitor, Remote Pan-Tilt-Zoom Baby Camera, Night Vision, 2-Way Talk, VOX,Temperature</p><p> -25% 0FF </p><p>$44.99</p><a href="https://www.amazon.com/dp/B0BZ8BN87L?tag=eloabder-20&linkCode=osi&th=1&psc=1">View Product</a></div><div class="product"><a href="https://www.amazon.com/dp/B0B316NPZ6?tag=eloabder-20&linkCode=osi&th=1&psc=1"><img src="https://m.media-amazon.com/images/I/41IWDeVuDfL._SL500_.jpg" alt="Product Image"></a><p>HelloBaby Monitor with Camera and Audio, 1000ft Long Range Video Baby Monitor-No WiFi, Night Vision, VOX Mode-Power Saving, 2.4'' Portable Travel Screen, Baby Safety Camera, for Baby/Pet, Plug & Play</p><p> -10% 0FF </p><p>$29.98</p><a href="https://www.amazon.com/dp/B0B316NPZ6?tag=eloabder-20&linkCode=osi&th=1&psc=1">View Product</a></div><div class="product"><a href="https://www.amazon.com/dp/B0CYCDTZ6G?tag=eloabder-20&linkCode=osi&th=1&psc=1"><img src="https://m.media-amazon.com/images/I/41PTcAHdqoL._SL500_.jpg" alt="Product Image"></a><p>HelloBaby Baby Monitor with Camera and Audio, 6'' World First IPS Screen Baby Camera Monitor No WiFi, 30-Hrs Battery, ECO, VOX, 2-Way Talk, Night Vision, 1000ft, Video Baby Monitor Portable</p><p> -25% 0FF </p><p>$89.99</p><a href="https://www.amazon.com/dp/B0CYCDTZ6G?tag=eloabder-20&linkCode=osi&th=1&psc=1">View Product</a></div><div class="product"><a href="https://www.amazon.com/dp/B007NG5UF4?tag=eloabder-20&linkCode=osi&th=1&psc=1"><img src="https://m.media-amazon.com/images/I/41SdqvzVNuL._SL500_.jpg" alt="Product Image"></a><p>VTech DM221 Audio Baby Monitor with up to 1,000 ft of Range, Vibrating Sound-Alert, Talk Back Intercom & Night Light Loop, White/Silver</p><p> -13% 0FF </p><p>$33.95</p><a href="https://www.amazon.com/dp/B007NG5UF4?tag=eloabder-20&linkCode=osi&th=1&psc=1">View Product</a></div><div class="product"><a href="https://www.amazon.com/dp/B0CZDYF95R?tag=eloabder-20&linkCode=osi&th=1&psc=1"><img src="https://m.media-amazon.com/images/I/41hYOyPQ9dL._SL500_.jpg" alt="Product Image"></a><p>VTimes Baby Monitor with Camera and Audio, Video Baby Monitor No WiFi Night Vision, 2.4" LCD Screen Portable Baby Camera VOX Mode Pan-Tilt-Zoom Alarm and 1000ft Range, Ideal for Baby/Elderly/Pet</p><p> -40% 0FF </p><p>$29.99</p><a href="https://www.amazon.com/dp/B0CZDYF95R?tag=eloabder-20&linkCode=osi&th=1&psc=1">View Product</a></div>
<div class="product"><a href="https://www.amazon.com/dp/B0119493OY?tag=eloabder-20&linkCode=osi&th=1&psc=1"><img src="https://m.media-amazon.com/images/I/31o0TllpwAL._SL500_.jpg" alt="Product Image"></a><p>Safety 1st Fold-Up Nail Clippers - 2pk</p><p> -25% 0FF </p><p>$2.99</p><a href="https://www.amazon.com/dp/B0119493OY?tag=eloabder-20&linkCode=osi&th=1&psc=1">View Product</a></div><div class="product"><a href="https://www.amazon.com/dp/B01644OCVS?tag=eloabder-20&linkCode=osi&th=1&psc=1"><img src="https://m.media-amazon.com/images/I/41oX5dLMB1L._SL500_.jpg" alt="Product Image"></a><p>Frida Baby NailFrida The SnipperClipper Set, Baby Nail Clippers & Nail Filer, Baby Essential Nail Kit for Newborns and Up</p><p> -36% 0FF </p><p>$8.31</p><a href="https://www.amazon.com/dp/B01644OCVS?tag=eloabder-20&linkCode=osi&th=1&psc=1">View Product</a></div><div class="product"><a href="https://www.amazon.com/dp/B084JZ27SM?tag=eloabder-20&linkCode=osi&th=1&psc=1"><img src="https://m.media-amazon.com/images/I/31JsNl8WpML._SL500_.jpg" alt="Product Image"></a><p>Safety 1st Light Zoom Nail Clippers, One Size</p><p> -27% 0FF </p><p>$7.29</p><a href="https://www.amazon.com/dp/B084JZ27SM?tag=eloabder-20&linkCode=osi&th=1&psc=1">View Product</a></div><div class="product"><a href="https://www.amazon.com/dp/B0D9BCJWC7?tag=eloabder-20&linkCode=osi&th=1&psc=1"><img src="https://m.media-amazon.com/images/I/41vknqnodfL._SL500_.jpg" alt="Product Image"></a><p>Yeeeasy Baby Nail Clippers Kit Baby Grooming Set with Nail Clippers, Scissors, Nail File & Tweezers Baby Care Kit Fingernail Cutter for Baby,Newborn,Infant,Toddler,Kid(Purple)</p><p> -55% 0FF </p><p>$4.49</p><a href="https://www.amazon.com/dp/B0D9BCJWC7?tag=eloabder-20&linkCode=osi&th=1&psc=1">View Product</a></div>
<div class="product"><a href="https://www.amazon.com/dp/B08CMWHD3B?tag=eloabder-20&linkCode=osi&th=1&psc=1"><img src="https://m.media-amazon.com/images/I/41+F2Dv0iiL._SL500_.jpg" alt="Product Image"></a><p>GROWNSY Nasal Aspirator for Baby, Baby Nose Sucker Pro with 3 Soft Silicone Tips, Adjustable Suction, Electric Nose Suction for Baby, Built-in Music & Light Soothing</p><p> -20% 0FF </p><p>$39.99 ($39.99 / Count)</p><a href="https://www.amazon.com/dp/B08CMWHD3B?tag=eloabder-20&linkCode=osi&th=1&psc=1">View Product</a></div><div class="product"><a href="https://www.amazon.com/dp/B00RP0GHBO?tag=eloabder-20&linkCode=osi&th=1&psc=1"><img src="https://m.media-amazon.com/images/I/41pIJoWu-UL._SL500_.jpg" alt="Product Image"></a><p>Frida Baby NoseFrida SnotSucker Nasal Aspirator for Baby, Baby Nose Sucker with 24 Extra Hygiene Filters, Baby Congestion Relief, FSA/HSA Eligible</p><p> -25% 0FF </p><p>$14.99</p><a href="https://www.amazon.com/dp/B00RP0GHBO?tag=eloabder-20&linkCode=osi&th=1&psc=1">View Product</a></div><div class="product"><a href="https://www.amazon.com/dp/B0C3CHQHJP?tag=eloabder-20&linkCode=osi&th=1&psc=1"><img src="https://m.media-amazon.com/images/I/51IO9JHchbL._SL500_.jpg" alt="Product Image"></a><p>X-Bosak Baby Nasal Aspirator, Electric Nose Sucker with 5 Levels Suction, Soothing Light & Nursery Rhymes</p><p> -18% 0FF </p><p>$30.99</p><a href="https://www.amazon.com/dp/B0C3CHQHJP?tag=eloabder-20&linkCode=osi&th=1&psc=1">View Product</a></div><div class="product"><a href="https://www.amazon.com/dp/B094Z43BQF?tag=eloabder-20&linkCode=osi&th=1&psc=1"><img src="https://m.media-amazon.com/images/I/41elOKysySL._SL500_.jpg" alt="Product Image"></a><p>Frida Baby Electric NoseFrida Nasal Aspirator for Baby, Nose Sucker for Baby & Toddler, Nasal Aspirator for Congestion Relief with 3 Suction Levels, 2 Silicone Tips, USB Rechargeable</p><p> -13% 0FF </p><p>$34.99</p><a href="https://www.amazon.com/dp/B094Z43BQF?tag=eloabder-20&linkCode=osi&th=1&psc=1">View Product</a></div><div class="product"><a href="https://www.amazon.com/dp/B01N093BYV?tag=eloabder-20&linkCode=osi&th=1&psc=1"><img src="https://m.media-amazon.com/images/I/316hpVBAmNL._SL500_.jpg" alt="Product Image"></a><p>Frida Baby Nasal Aspirator for Baby, NoseFrida Baby Nose Sucker with 10 Extra Filters + All-Natural Saline Nasal Spray for Babies, Nasal Spray Decongestant, 0.68 fl oz</p><p> -15% 0FF </p><p>$16.97</p><a href="https://www.amazon.com/dp/B01N093BYV?tag=eloabder-20&linkCode=osi&th=1&psc=1">View Product</a></div><div class="product"><a href="https://www.amazon.com/dp/B0BSVG8S59?tag=eloabder-20&linkCode=osi&th=1&psc=1"><img src="https://m.media-amazon.com/images/I/31Rju6jEphL._SL500_.jpg" alt="Product Image"></a><p>Dr. Talbot's Nasal Aspirator for Babies - Silicone - Includes Storage Case - Clear</p><p> -20% 0FF </p><p>$6.39</p><a href="https://www.amazon.com/dp/B0BSVG8S59?tag=eloabder-20&linkCode=osi&th=1&psc=1">View Product</a></div>
<div class="product"><a href="https://www.amazon.com/dp/B00WEBVM5U?tag=eloabder-20&linkCode=osi&th=1&psc=1"><img src="https://m.media-amazon.com/images/I/31oMSFi3dGL._SL500_.jpg" alt="Product Image"></a><p>Johnson's Baby Oil, Mineral Oil Enriched with Shea & Cocoa Butter to Prevent Moisture Loss, Hypoallergenic, 20 fl. oz</p><p> -35% 0FF </p><p>$5.90 ($0.30 / Fl Oz)</p><a href="https://www.amazon.com/dp/B00WEBVM5U?tag=eloabder-20&linkCode=osi&th=1&psc=1">View Product</a></div><div class="product"><a href="https://www.amazon.com/dp/B00J51Q1IA?tag=eloabder-20&linkCode=osi&th=1&psc=1"><img src="https://m.media-amazon.com/images/I/31WSLNGqaEL._SL500_.jpg" alt="Product Image"></a><p>Johnson & Johnson SLC (Cosmetics) Baby Oil, 20 Fl Oz</p><p> -33% 0FF </p><p>$6.02 ($0.30 / Fl Oz)</p><a href="https://www.amazon.com/dp/B00J51Q1IA?tag=eloabder-20&linkCode=osi&th=1&psc=1">View Product</a></div><div class="product"><a href="https://www.amazon.com/dp/B00LPC15FQ?tag=eloabder-20&linkCode=osi&th=1&psc=1"><img src="https://m.media-amazon.com/images/I/315PcqnZ4qL._SL500_.jpg" alt="Product Image"></a><p>Johnson's Baby Johnson & Johnson Baby Oil, Aloe Vera & Vitamin E, Multicolor, 14 Fl Oz</p><p> -23% 0FF </p><p>$5.49 ($0.39 / Fl Oz)</p><a href="https://www.amazon.com/dp/B00LPC15FQ?tag=eloabder-20&linkCode=osi&th=1&psc=1">View Product</a></div><div class="product"><a href="https://www.amazon.com/dp/B001UAA2UC?tag=eloabder-20&linkCode=osi&th=1&psc=1"><img src="https://m.media-amazon.com/images/I/31-74Q7XbxL._SL500_.jpg" alt="Product Image"></a><p>Johnson's Baby Oil Gel, Moisturizing Baby Massage Mineral Oil Enriched with Shea & Cocoa Butter, Dry Skin Relief for Babies, Kids & Adults, Nourishing & Gentle on Delicate Skin, 6.5 fl. oz</p><p> -16% 0FF </p><p>$5.98 ($0.92 / Fl Oz)</p><a href="https://www.amazon.com/dp/B001UAA2UC?tag=eloabder-20&linkCode=osi&th=1&psc=1">View Product</a></div>
<div class="product"><a href="https://www.amazon.com/dp/B0D88Y4955?tag=eloabder-20&linkCode=osi&th=1&psc=1"><img src="https://m.media-amazon.com/images/I/41Au0yzblbL._SL500_.jpg" alt="Product Image"></a><p>Burt's Bees Baby Baby Boys Pajamas, Sleep and Play Loose Fit, 100% Organic Cotton, Soft One-piece PJs, Diagonal Zip Up Jumpsuit Newborn Essentials with Interior Zipper Guard in sizes NB to 6-9 Months</p><p> -49% 0FF </p><p>$7.60</p><a href="https://www.amazon.com/dp/B0D88Y4955?tag=eloabder-20&linkCode=osi&th=1&psc=1">View Product</a></div><div class="product"><a href="https://www.amazon.com/dp/B08GHLBW8P?tag=eloabder-20&linkCode=osi&th=1&psc=1"><img src="https://m.media-amazon.com/images/I/512q+TZZ2UL._SL500_.jpg" alt="Product Image"></a><p>Gerber Baby Boys' 4-Pack Footed Pajamas, Dinosaurs Space Grey, 18 Months</p><p> -9% 0FF </p><p>$29.98</p><a href="https://www.amazon.com/dp/B08GHLBW8P?tag=eloabder-20&linkCode=osi&th=1&psc=1">View Product</a></div>
<div class="product"><a href="https://www.amazon.com/dp/B09XHGG4B8?tag=eloabder-20&linkCode=osi&th=1&psc=1"><img src="https://m.media-amazon.com/images/I/51drx-WonLL._SL500_.jpg" alt="Product Image"></a><p>Yeeeasy Tummy Time Water Mat丨Inflatable Tummy Time Water Play Mat for Babies, Infants and Toddlers 3 to 12 Months Promote Development Toys Baby Gifts</p><p> -33% 0FF </p><p>$9.99</p><a href="https://www.amazon.com/dp/B09XHGG4B8?tag=eloabder-20&linkCode=osi&th=1&psc=1">View Product</a></div>
<div class="product"><a href="https://www.amazon.com/dp/B0009STDJW?tag=eloabder-20&linkCode=osi&th=1&psc=1"><img src="https://m.media-amazon.com/images/I/31XlMHyMw4L._SL500_.jpg" alt="Product Image"></a><p>Johnson's Baby Powder, Naturally Derived Cornstarch with Aloe & Vitamin E for Delicate Skin, Hypoallergenic and Free of Parabens, Phthalates, and Dyes for Gentle Baby Skin Care, 15 oz</p><p> -31% 0FF </p><p>$4.98 ($0.33 / Ounce)</p><a href="https://www.amazon.com/dp/B0009STDJW?tag=eloabder-20&linkCode=osi&th=1&psc=1">View Product</a></div><div class="product"><a href="https://www.amazon.com/dp/B005IHT880?tag=eloabder-20&linkCode=osi&th=1&psc=1"><img src="https://m.media-amazon.com/images/I/31Yy8plMS3L._SL500_.jpg" alt="Product Image"></a><p>Johnson's Baby Naturally Derived Cornstarch Baby Powder with Aloe and Vitamin E for Delicate Skin, Hypoallergenic and Free of Parabens, Phthalates, and Dyes for Gentle Baby Skin Care, 1.5 oz</p><p> -31% 0FF </p><p>$1.97 ($1.31 / Ounce)</p><a href="https://www.amazon.com/dp/B005IHT880?tag=eloabder-20&linkCode=osi&th=1&psc=1">View Product</a></div><div class="product"><a href="https://www.amazon.com/dp/B00I5MVFB8?tag=eloabder-20&linkCode=osi&th=1&psc=1"><img src="https://m.media-amazon.com/images/I/41kU-erHU1L._SL500_.jpg" alt="Product Image"></a><p>Johnson's Baby Powder, Pure Cornstarch, Aloe & Vitamin E, 22 Ounce (Pack of 3) - Packaging May Vary</p><p> -31% 0FF </p><p>$18.87 ($0.29 / Ounce)</p><a href="https://www.amazon.com/dp/B00I5MVFB8?tag=eloabder-20&linkCode=osi&th=1&psc=1">View Product</a></div><div class="product"><a href="https://www.amazon.com/dp/B004Z4MNGQ?tag=eloabder-20&linkCode=osi&th=1&psc=1"><img src="https://m.media-amazon.com/images/I/31szXN97ucL._SL500_.jpg" alt="Product Image"></a><p>Johnson's Baby Powder with Naturally Derived Cornstarch Aloe & Vitamin E, Hypoallergenic, 9 oz</p><p> -26% 0FF </p><p>$3.95 ($0.44 / Ounce)</p><a href="https://www.amazon.com/dp/B004Z4MNGQ?tag=eloabder-20&linkCode=osi&th=1&psc=1">View Product</a></div><div class="product"><a href="https://www.amazon.com/dp/B0CCPK861Q?tag=eloabder-20&linkCode=osi&th=1&psc=1"><img src="https://m.media-amazon.com/images/I/51jIdMql0FL._SL500_.jpg" alt="Product Image"></a><p>Burt's Bees Christmas Gifts, Baby Dusting Powder, 100% Natural Origin, Talc-Free, Pediatrician Tested Stocking Stuffers, 7.5 Ounces, Pack of 3, Pack May Vary</p><p> -29% 0FF </p><p>$19.17 ($0.85 / Ounce)</p><a href="https://www.amazon.com/dp/B0CCPK861Q?tag=eloabder-20&linkCode=osi&th=1&psc=1">View Product</a></div><div class="product"><a href="https://www.amazon.com/dp/B012FUZ8NG?tag=eloabder-20&linkCode=osi&th=1&psc=1"><img src="https://m.media-amazon.com/images/I/41t4DM92+aL._SL500_.jpg" alt="Product Image"></a><p>Gold Bond Comfort Body Powder, 10 oz., Talc-Free, Fresh Clean Scent With Aloe & Chamomile</p><p> -7% 0FF </p><p>$6.79 ($0.68 / Ounce)</p><a href="https://www.amazon.com/dp/B012FUZ8NG?tag=eloabder-20&linkCode=osi&th=1&psc=1">View Product</a></div>
<div class="product"><a href="https://www.amazon.com/dp/B00JHKTDQG?tag=eloabder-20&linkCode=osi&th=1&psc=1"><img src="https://m.media-amazon.com/images/I/41u2OOs0uOL._SL500_.jpg" alt="Product Image"></a><p>Safety 1st Plug Protectors, 36 Count</p><p> -22% 0FF </p><p>$3.49</p><a href="https://www.amazon.com/dp/B00JHKTDQG?tag=eloabder-20&linkCode=osi&th=1&psc=1">View Product</a></div><div class="product"><a href="https://www.amazon.com/dp/B0CZRKFS5Z?tag=eloabder-20&linkCode=osi&th=1&psc=1"><img src="https://m.media-amazon.com/images/I/413bGIIY4WL._SL500_.jpg" alt="Product Image"></a><p>Baby Proofing Kit, Oven Door Lock Child proof Safety Product for Kitchen, Double Button, Heat-Resistant, Easy to Install (1 Pack,Grey)</p><p> -20% 0FF </p><p>$7.99</p><a href="https://www.amazon.com/dp/B0CZRKFS5Z?tag=eloabder-20&linkCode=osi&th=1&psc=1">View Product</a></div><div class="product"><a href="https://www.amazon.com/dp/B00YKG2YS6?tag=eloabder-20&linkCode=osi&th=1&psc=1"><img src="https://m.media-amazon.com/images/I/41+wB4D0smL._SL500_.jpg" alt="Product Image"></a><p>Safety 1st Safety Essentials Kit , White , 1 Count</p><p> -38% 0FF </p><p>$7.48</p><a href="https://www.amazon.com/dp/B00YKG2YS6?tag=eloabder-20&linkCode=osi&th=1&psc=1">View Product</a></div>
<div class="product"><a href="https://www.amazon.com/dp/B000BNCA4K?tag=eloabder-20&linkCode=osi&th=1&psc=1"><img src="https://m.media-amazon.com/images/I/51+hwco0h6L._SL500_.jpg" alt="Product Image"></a><p>Manhattan Toy Winkel Rattle & Sensory Teether Toy, Blue/Green/Orange, 5 Inch x 4 Inch x 3.5 Inch</p><p> -29% 0FF </p><p>$9.99</p><a href="https://www.amazon.com/dp/B000BNCA4K?tag=eloabder-20&linkCode=osi&th=1&psc=1">View Product</a></div><div class="product"><a href="https://www.amazon.com/dp/B000FMQWS2?tag=eloabder-20&linkCode=osi&th=1&psc=1"><img src="https://m.media-amazon.com/images/I/4108+CwoQfL._SL500_.jpg" alt="Product Image"></a><p>Bright Starts Grab & Spin Baby Rattle & BPA-Free Teether Toy, Ages 3 Months+</p><p> -15% 0FF </p><p>$2.97</p><a href="https://www.amazon.com/dp/B000FMQWS2?tag=eloabder-20&linkCode=osi&th=1&psc=1">View Product</a></div><div class="product"><a href="https://www.amazon.com/dp/B071YCHDX1?tag=eloabder-20&linkCode=osi&th=1&psc=1"><img src="https://m.media-amazon.com/images/I/512uBUjyccL._SL500_.jpg" alt="Product Image"></a><p>iPlay, iLearn 10pcs Baby Rattles Toys Set, Infant Grab Shake Rattle, Sensory Teether, Babies Development Learning Music Toy, Newborn First Christmas Gifts 0 1 2 3 4 5 6 7 8 9 10 12 Month Boy Girl</p><p> -15% 0FF </p><p>$22.99</p><a href="https://www.amazon.com/dp/B071YCHDX1?tag=eloabder-20&linkCode=osi&th=1&psc=1">View Product</a></div><div class="product"><a href="https://www.amazon.com/dp/B019ICFYNI?tag=eloabder-20&linkCode=osi&th=1&psc=1"><img src="https://m.media-amazon.com/images/I/51oYX33BlzL._SL500_.jpg" alt="Product Image"></a><p>VTech Baby Rattle and Sing Puppy</p><p> -18% 0FF </p><p>$8.99</p><a href="https://www.amazon.com/dp/B019ICFYNI?tag=eloabder-20&linkCode=osi&th=1&psc=1">View Product</a></div><div class="product"><a href="https://www.amazon.com/dp/B000V2Y5BW?tag=eloabder-20&linkCode=osi&th=1&psc=1"><img src="https://m.media-amazon.com/images/I/41Bz5Kz2OzL._SL500_.jpg" alt="Product Image"></a><p>The First Years First Keys Infant and Baby Toy</p><p> -67% 0FF </p><p>$2.44</p><a href="https://www.amazon.com/dp/B000V2Y5BW?tag=eloabder-20&linkCode=osi&th=1&psc=1">View Product</a></div>
<div class="product"><a href="https://www.amazon.com/dp/B005SPESKK?tag=eloabder-20&linkCode=osi&th=1&psc=1"><img src="https://m.media-amazon.com/images/I/410ZKnRS3aL._SL500_.jpg" alt="Product Image"></a><p>Aveeno Baby Bathtime Solutions Baby & Me Gift Set with Baby Wash & Shampoo, Calming Baby Bath, Baby Daily Moisturizing Lotion & Stress Relief Body Wash for Mom, Oatmeal, 4 Items</p><p> -35% 0FF </p><p>$20.69</p><a href="https://www.amazon.com/dp/B005SPESKK?tag=eloabder-20&linkCode=osi&th=1&psc=1">View Product</a></div><div class="product"><a href="https://www.amazon.com/dp/B005UEB96K?tag=eloabder-20&linkCode=osi&th=1&psc=1"><img src="https://m.media-amazon.com/images/I/41irWX472ZL._SL500_.jpg" alt="Product Image"></a><p>Aquaphor Baby Healing Ointment Advanced Therapy Skin Protectant, Dry Skin and Diaper Rash Ointment, 14 Oz Jar</p><p> -8% 0FF </p><p>$18.37</p><a href="https://www.amazon.com/dp/B005UEB96K?tag=eloabder-20&linkCode=osi&th=1&psc=1">View Product</a></div><div class="product"><a href="https://www.amazon.com/dp/B0CNXKT6S7?tag=eloabder-20&linkCode=osi&th=1&psc=1"><img src="https://m.media-amazon.com/images/I/41UPubKIJYL._SL500_.jpg" alt="Product Image"></a><p>Blissful Diary Baby Diaper Caddy Organizer, Stylish Nursery Storage Basket - Gift for Baby Shower, Baby Registry Must Have, Newborn Essentials - Baby Caddy Organizer for Diaper Station - Sage Green</p><p> -7% 0FF </p><p>$22.99</p><a href="https://www.amazon.com/dp/B0CNXKT6S7?tag=eloabder-20&linkCode=osi&th=1&psc=1">View Product</a></div><div class="product"><a href="https://www.amazon.com/dp/B07RX5BD32?tag=eloabder-20&linkCode=osi&th=1&psc=1"><img src="https://m.media-amazon.com/images/I/41p16YTuexL._SL500_.jpg" alt="Product Image"></a><p>Portable Diaper Changing Pad, Portable Changing pad for Newborn Girl & Boy - Baby Changing Pad with Smart Wipes Pocket – Waterproof Travel Changing Kit - Baby Gift by Kopi Baby</p><p> -42% 0FF </p><p>$21.89</p><a href="https://www.amazon.com/dp/B07RX5BD32?tag=eloabder-20&linkCode=osi&th=1&psc=1">View Product</a></div>
<div class="product"><a href="https://www.amazon.com/dp/B07DGKWFJM?tag=eloabder-20&linkCode=osi&th=1&psc=1"><img src="https://m.media-amazon.com/images/I/313M7YzzHPL._SL500_.jpg" alt="Product Image"></a><p>Johnson's Baby Shampoo with Tear-Free Formula, Shampoo for Baby's Delicate Scalp & Skin, Gently Washes Away Dirt & Germs, Paraben-, Phthalate-, Sulfate- & Dye-Free, 20.3 fl. oz</p><p> -35% 0FF </p><p>$5.90 ($0.29 / Fl Oz)</p><a href="https://www.amazon.com/dp/B07DGKWFJM?tag=eloabder-20&linkCode=osi&th=1&psc=1">View Product</a></div><div class="product"><a href="https://www.amazon.com/dp/B07DGK9FQG?tag=eloabder-20&linkCode=osi&th=1&psc=1"><img src="https://m.media-amazon.com/images/I/31ZmgkaoecL._SL500_.jpg" alt="Product Image"></a><p>Johnson's Baby Tear Free Shampoo, No Parabens/Phthalates/Sulfates/Dyes, Fresh, 13.6 Fl Oz</p><p> -30% 0FF </p><p>$4.78 ($0.35 / Fl Oz)</p><a href="https://www.amazon.com/dp/B07DGK9FQG?tag=eloabder-20&linkCode=osi&th=1&psc=1">View Product</a></div><div class="product"><a href="https://www.amazon.com/dp/B07D2JMJPS?tag=eloabder-20&linkCode=osi&th=1&psc=1"><img src="https://m.media-amazon.com/images/I/31GFcXvNoSL._SL500_.jpg" alt="Product Image"></a><p>Johnson's Head-to-Toe Gentle Tear-Free Baby & Newborn Wash & Shampoo, Sulfate-, Paraben- Phthalate- & Dye-Free, Hypoallergenic Wash for Sensitive Skin & Hair, 27.1 fl. Oz</p><p> -33% 0FF </p><p>$7.19 ($0.27 / Fl Oz)</p><a href="https://www.amazon.com/dp/B07D2JMJPS?tag=eloabder-20&linkCode=osi&th=1&psc=1">View Product</a></div><div class="product"><a href="https://www.amazon.com/dp/B07NSBTZ22?tag=eloabder-20&linkCode=osi&th=1&psc=1"><img src="https://m.media-amazon.com/images/I/316UK0+xv+L._SL500_.jpg" alt="Product Image"></a><p>Aveeno Baby Daily Moisture Gentle Bath Wash & Shampoo with Natural Oat Extract, Hypoallergenic, Tear-Free & Paraben-Free Formula For Sensitive Hair & Skin, Lightly Scented, 33 fl. oz</p><p> -43% 0FF </p><p>$13.98 ($0.42 / Fl Oz)</p><a href="https://www.amazon.com/dp/B07NSBTZ22?tag=eloabder-20&linkCode=osi&th=1&psc=1">View Product</a></div><div class="product"><a href="https://www.amazon.com/dp/B07DGPL4Y7?tag=eloabder-20&linkCode=osi&th=1&psc=1"><img src="https://m.media-amazon.com/images/I/310oJnMMURS._SL500_.jpg" alt="Product Image"></a><p>Johnson's Baby Calming Baby Shampoo with Soothing NaturalCalm Scent, Hypoallergenic & Tear-Free Baby Hair Shampoo, Free of Parabens, Phthalates, Sulfates & Dyes, 20.3 fl. oz</p><p> -9% 0FF </p><p>$5.39 ($0.27 / Fl Oz)</p><a href="https://www.amazon.com/dp/B07DGPL4Y7?tag=eloabder-20&linkCode=osi&th=1&psc=1">View Product</a></div><div class="product"><a href="https://www.amazon.com/dp/B072QXWXS6?tag=eloabder-20&linkCode=osi&th=1&psc=1"><img src="https://m.media-amazon.com/images/I/31nATTwRNrL._SL500_.jpg" alt="Product Image"></a><p>The Honest Company 2-in-1 Cleansing Shampoo + Body Wash | Gentle for Baby | Naturally Derived, Tear-free, Hypoallergenic | Fragrance Free Sensitive, 10 fl oz</p><p> -8% 0FF </p><p>$10.99 ($1.10 / Fl Oz)</p><a href="https://www.amazon.com/dp/B072QXWXS6?tag=eloabder-20&linkCode=osi&th=1&psc=1">View Product</a></div><div class="product"><a href="https://www.amazon.com/dp/B0BXB874ZB?tag=eloabder-20&linkCode=osi&th=1&psc=1"><img src="https://m.media-amazon.com/images/I/61I9qaFfznL._SL500_.jpg" alt="Product Image"></a><p>SheaMoisture Baby Shampoo & Bath Milk Manuka Honey & Lavender for Delicate Hair and Skin Nighttime Skin and Hair Care Regimen 13 oz</p><p> -10% 0FF </p><p>$8.97 ($0.69 / Fl Oz)</p><a href="https://www.amazon.com/dp/B0BXB874ZB?tag=eloabder-20&linkCode=osi&th=1&psc=1">View Product</a></div>
<div class="product"><a href="https://www.amazon.com/dp/B07JP112TD?tag=eloabder-20&linkCode=osi&th=1&psc=1"><img src="https://m.media-amazon.com/images/I/31-1TtUqz2L._SL500_.jpg" alt="Product Image"></a><p>Stride Rite Baby Girls Sr Taye 2.0 First Walker Shoe, Pink, 3 Infant US</p><p> -30% 0FF </p><p>$25.72</p><a href="https://www.amazon.com/dp/B07JP112TD?tag=eloabder-20&linkCode=osi&th=1&psc=1">View Product</a></div><div class="product"><a href="https://www.amazon.com/dp/B08M5M2ZNJ?tag=eloabder-20&linkCode=osi&th=1&psc=1"><img src="https://m.media-amazon.com/images/I/31qHgEG+WSL._SL500_.jpg" alt="Product Image"></a><p>Baby Booties 6-12 Months Unisex Cozy Fleece Newborn Booties Non-Slip Newborn First Walkers Shoes Toddler Slippers for Baby Boys & Baby Girls Gifts, Black</p><p> -33% 0FF </p><p>$9.99</p><a href="https://www.amazon.com/dp/B08M5M2ZNJ?tag=eloabder-20&linkCode=osi&th=1&psc=1">View Product</a></div><div class="product"><a href="https://www.amazon.com/dp/B0BV2J28DN?tag=eloabder-20&linkCode=osi&th=1&psc=1"><img src="https://m.media-amazon.com/images/I/41n15Z33RlL._SL500_.jpg" alt="Product Image"></a><p>Baby Walking Shoes First Boy Girl Walker Infant Sock Tennis Mesh Sneakers Breathable 6 9 12 18 24 Months Camel Size 6-12 Months Infant</p><p> -18% 0FF </p><p>$26.99</p><a href="https://www.amazon.com/dp/B0BV2J28DN?tag=eloabder-20&linkCode=osi&th=1&psc=1">View Product</a></div><div class="product"><a href="https://www.amazon.com/dp/B0C9ZTGHWF?tag=eloabder-20&linkCode=osi&th=1&psc=1"><img src="https://m.media-amazon.com/images/I/41jzu4SNmLL._SL500_.jpg" alt="Product Image"></a><p>BMCiTYBM Baby Boy Girl Shoes Infant First Walker Shoes Breathable Walking Shoes Lightweight Non-Slip Sneakers 6 9 12 18 24 Months Gray Size 12-18 Months Infant</p><p> -12% 0FF </p><p>$29.99</p><a href="https://www.amazon.com/dp/B0C9ZTGHWF?tag=eloabder-20&linkCode=osi&th=1&psc=1">View Product</a></div>
<div class="product"><a href="https://www.amazon.com/dp/B0B6Z9SVXG?tag=eloabder-20&linkCode=osi&th=1&psc=1"><img src="https://m.media-amazon.com/images/I/41yQhQfpuJL._SL500_.jpg" alt="Product Image"></a><p>Shiaon Baby Sling Carrier Newborn to Toddler, Lightweight Baby Carrier Sling, Baby Wrap Sling, Baby Hip Seat Carrier for Toddler Sling, Baby Holder Carrier, Nursing Sling, Carrying 7-45 lbs, Grey</p><p> -20% 0FF </p><p>$32.99</p><a href="https://www.amazon.com/dp/B0B6Z9SVXG?tag=eloabder-20&linkCode=osi&th=1&psc=1">View Product</a></div><div class="product"><a href="https://www.amazon.com/dp/B07SK6GVCJ?tag=eloabder-20&linkCode=osi&th=1&psc=1"><img src="https://m.media-amazon.com/images/I/41o7bWiYEUL._SL500_.jpg" alt="Product Image"></a><p>CUBY Water Baby Sling Carrier Breathable Mesh Baby Wraps Carrier Adjustable Ring Sling Baby Carrier Infant Carrier for Summer Swimming Pool Beach (Light Grey)</p><p> -27% 0FF </p><p>$18.99</p><a href="https://www.amazon.com/dp/B07SK6GVCJ?tag=eloabder-20&linkCode=osi&th=1&psc=1">View Product</a></div><div class="product"><a href="https://www.amazon.com/dp/B07YQYRVDX?tag=eloabder-20&linkCode=osi&th=1&psc=1"><img src="https://m.media-amazon.com/images/I/41nKHqgPniL._SL500_.jpg" alt="Product Image"></a><p>Baby Sling and Ring Sling 100% Cotton Muslin Infant Carrier, Front and Chest Newborn Carrier Wrap, Toddler Carrier – Grey</p><p> -31% 0FF </p><p>$44.95</p><a href="https://www.amazon.com/dp/B07YQYRVDX?tag=eloabder-20&linkCode=osi&th=1&psc=1">View Product</a></div>
<div class="product"><a href="https://www.amazon.com/dp/B07N13W76L?tag=eloabder-20&linkCode=osi&th=1&psc=1"><img src="https://m.media-amazon.com/images/I/41d8emuEA8L._SL500_.jpg" alt="Product Image"></a><p>Baby Dove Sensitive Skin Care Baby Wash Calming Moisture For a Calming Bath Wash Hypoallergenic and Tear-Free, Washes Away Bacteria 13 oz</p><p> -6% 0FF </p><p>$7.99 ($0.61 / Ounce)</p><a href="https://www.amazon.com/dp/B07N13W76L?tag=eloabder-20&linkCode=osi&th=1&psc=1">View Product</a></div><div class="product"><a href="https://www.amazon.com/dp/B097NRRRNT?tag=eloabder-20&linkCode=osi&th=1&psc=1"><img src="https://m.media-amazon.com/images/I/31qcQUGmwRS._SL500_.jpg" alt="Product Image"></a><p>Johnson's Skin Nourishing Moisture Baby Body Wash With Vanilla & Oat Scents, Hypoallergenic & Tear Free Baby Bath Wash, Paraben-, Dye-, Sulfate & Phthalate-Free, 20.3 fl. oz</p><p> -26% 0FF </p><p>$6.78 ($0.33 / Fl Oz)</p><a href="https://www.amazon.com/dp/B097NRRRNT?tag=eloabder-20&linkCode=osi&th=1&psc=1">View Product</a></div><div class="product"><a href="https://www.amazon.com/dp/B07D2G6CLG?tag=eloabder-20&linkCode=osi&th=1&psc=1"><img src="https://m.media-amazon.com/images/I/31EQ6Pb153L._SL500_.jpg" alt="Product Image"></a><p>Johnson's Bedtime Baby Bath with Soothing NaturalCalm Aromas, Hypoallergenic & Tear Free Formula, 27.1 fl. oz</p><p> -33% 0FF </p><p>$9.98 ($0.37 / Fl Oz)</p><a href="https://www.amazon.com/dp/B07D2G6CLG?tag=eloabder-20&linkCode=osi&th=1&psc=1">View Product</a></div>
<div class="product"><a href="https://www.amazon.com/dp/B006VB29D8?tag=eloabder-20&linkCode=osi&th=1&psc=1"><img src="https://m.media-amazon.com/images/I/41avOtC2ssL._SL500_.jpg" alt="Product Image"></a><p>Munchkin® Soft Tip™ Baby Spoons, BPA Free, 12 Pack</p><p> -17% 0FF </p><p>$6.98</p><a href="https://www.amazon.com/dp/B006VB29D8?tag=eloabder-20&linkCode=osi&th=1&psc=1">View Product</a></div><div class="product"><a href="https://www.amazon.com/dp/B0CKJXWM44?tag=eloabder-20&linkCode=osi&th=1&psc=1"><img src="https://m.media-amazon.com/images/I/41n4jr8b6VL._SL500_.jpg" alt="Product Image"></a><p>Nuby Baby's First Spoons Set - (3-Pack) Feeding Utensils for Babies - 6+ Months</p><p> -40% 0FF </p><p>$5.97</p><a href="https://www.amazon.com/dp/B0CKJXWM44?tag=eloabder-20&linkCode=osi&th=1&psc=1">View Product</a></div><div class="product"><a href="https://www.amazon.com/dp/B0CKWJNQP4?tag=eloabder-20&linkCode=osi&th=1&psc=1"><img src="https://m.media-amazon.com/images/I/413epEJW7PL._SL500_.jpg" alt="Product Image"></a><p>Munchkin® Gentle Dip™ Multistage First Spoon Set for Baby Led Weaning, Self Feeding, Solids & Purees, 3 Pack, Coral/Purple</p><p> -35% 0FF </p><p>$6.49</p><a href="https://www.amazon.com/dp/B0CKWJNQP4?tag=eloabder-20&linkCode=osi&th=1&psc=1">View Product</a></div><div class="product"><a href="https://www.amazon.com/dp/B08MVST7H1?tag=eloabder-20&linkCode=osi&th=1&psc=1"><img src="https://m.media-amazon.com/images/I/319zTmlUj8L._SL500_.jpg" alt="Product Image"></a><p>PrimaStella Silicone Chew Spoon Set for Babies and Toddlers | Safety Tested | BPA Free | Microwave, Dishwasher and Freezer Safe</p><p> -33% 0FF </p><p>$7.99</p><a href="https://www.amazon.com/dp/B08MVST7H1?tag=eloabder-20&linkCode=osi&th=1&psc=1">View Product</a></div>
<div class="product"><a href="https://www.amazon.com/dp/B0D5Q2GKMX?tag=eloabder-20&linkCode=osi&th=1&psc=1"><img src="https://m.media-amazon.com/images/I/51PSbL1vo1L._SL500_.jpg" alt="Product Image"></a><p>Accombe 2 in 1 Baby Stroller, Convertible Bassinet Pushchair for Infants and Newborns 0-36 Months</p><p> -23% 0FF </p><p>$154.99</p><a href="https://www.amazon.com/dp/B0D5Q2GKMX?tag=eloabder-20&linkCode=osi&th=1&psc=1">View Product</a></div><div class="product"><a href="https://www.amazon.com/dp/B01FCDWZFC?tag=eloabder-20&linkCode=osi&th=1&psc=1"><img src="https://m.media-amazon.com/images/I/41jrn+R3+0L._SL500_.jpg" alt="Product Image"></a><p>Baby Trend Range Jogger Stroller, Millennium</p><p> -36% 0FF </p><p>$90.08</p><a href="https://www.amazon.com/dp/B01FCDWZFC?tag=eloabder-20&linkCode=osi&th=1&psc=1">View Product</a></div><div class="product"><a href="https://www.amazon.com/dp/B0BSP4K34F?tag=eloabder-20&linkCode=osi&th=1&psc=1"><img src="https://m.media-amazon.com/images/I/41zs0EAVv0L._SL500_.jpg" alt="Product Image"></a><p>Summer by Ingenuity 3Dquickclose CS+ Compact Fold Stroller, Car-Seat Compatible, Lightweight Stroller with Oversized Canopy, Extra-Large Storage</p><p> -19% 0FF </p><p>$80.74</p><a href="https://www.amazon.com/dp/B0BSP4K34F?tag=eloabder-20&linkCode=osi&th=1&psc=1">View Product</a></div><div class="product"><a href="https://www.amazon.com/dp/B08K2YFNDW?tag=eloabder-20&linkCode=osi&th=1&psc=1"><img src="https://m.media-amazon.com/images/I/41USzhsByBL._SL500_.jpg" alt="Product Image"></a><p>Graco Ready2Grow LX 2.0 Double Stroller Features Bench Seat and Standing Platform Options, Clark</p><p> -20% 0FF </p><p>$215.99</p><a href="https://www.amazon.com/dp/B08K2YFNDW?tag=eloabder-20&linkCode=osi&th=1&psc=1">View Product</a></div><div class="product"><a href="https://www.amazon.com/dp/B09FL82SRC?tag=eloabder-20&linkCode=osi&th=1&psc=1"><img src="https://m.media-amazon.com/images/I/41oWEq1J+SL._SL500_.jpg" alt="Product Image"></a><p>Mompush Wiz 2-in-1 Convertible Baby Stroller with Bassinet Mode - Foldable Infant Stroller to Explore More as a Family - Toddler Stroller with Reversible Stroller Seat</p><p> -30% 0FF </p><p>$159.99</p><a href="https://www.amazon.com/dp/B09FL82SRC?tag=eloabder-20&linkCode=osi&th=1&psc=1">View Product</a></div><div class="product"><a href="https://www.amazon.com/dp/B01JRY00C2?tag=eloabder-20&linkCode=osi&th=1&psc=1"><img src="https://m.media-amazon.com/images/I/41oyBwt71IL._SL500_.jpg" alt="Product Image"></a><p>Safety 1st Smooth Ride Travel System Stroller and Car Seat OnBoard™ FLX - Efficient Infant Car Seat Stroller and Infant Car Seat and Stroller Combo, Monument</p><p> -9% 0FF </p><p>$199.99</p><a href="https://www.amazon.com/dp/B01JRY00C2?tag=eloabder-20&linkCode=osi&th=1&psc=1">View Product</a></div>
<div class="product"><a href="https://www.amazon.com/dp/B08K2CN246?tag=eloabder-20&linkCode=osi&th=1&psc=1"><img src="https://m.media-amazon.com/images/I/41kw6Z5JVpL._SL500_.jpg" alt="Product Image"></a><p>Graco Soothe My Way with Removable Rocker, Madden - Versatile Baby Swing & Portable Rocker</p><p> -5% 0FF </p><p>$199.99</p><a href="https://www.amazon.com/dp/B08K2CN246?tag=eloabder-20&linkCode=osi&th=1&psc=1">View Product</a></div><div class="product"><a href="https://www.amazon.com/dp/B0CPTD1PS8?tag=eloabder-20&linkCode=osi&th=1&psc=1"><img src="https://m.media-amazon.com/images/I/31mjNCs4A0L._SL500_.jpg" alt="Product Image"></a><p>Maxi-Cosi Cassia Baby Swings for Infants: Smart Portable Baby Swing with Music, Lightweight & Foldable Baby Swing, 360 Rotation Infant Swing, Classic Oat</p><p> -14% 0FF </p><p>$172.65</p><a href="https://www.amazon.com/dp/B0CPTD1PS8?tag=eloabder-20&linkCode=osi&th=1&psc=1">View Product</a></div>
<div class="product"><a href="https://www.amazon.com/dp/B0795ZW85G?tag=eloabder-20&linkCode=osi&th=1&psc=1"><img src="https://m.media-amazon.com/images/I/41MJ3gfs90L._SL500_.jpg" alt="Product Image"></a><p>Kinsa Smart,Fever, Digital Medical Baby, Kid and Adult Termometro - Accurate, Fast, FDA Cleared Thermometer for Oral, Armpit or Rectal Temperature Reading - QuickCare</p><p> -27% 0FF </p><p>$21.97</p><a href="https://www.amazon.com/dp/B0795ZW85G?tag=eloabder-20&linkCode=osi&th=1&psc=1">View Product</a></div>
<div class="product"><a href="https://www.amazon.com/dp/B0866RV9SM?tag=eloabder-20&linkCode=osi&th=1&psc=1"><img src="https://m.media-amazon.com/images/I/41n5jaf1l8L._SL500_.jpg" alt="Product Image"></a><p>Dr. Brown's Infant-to-Toddler Training Toothbrush Set with Fluoride-Free Baby Toothpaste, Strawberry - Giraffe - 1.4oz - 0-3 years</p><p> -9% 0FF </p><p>$8.19</p><a href="https://www.amazon.com/dp/B0866RV9SM?tag=eloabder-20&linkCode=osi&th=1&psc=1">View Product</a></div>
<div class="product"><a href="https://www.amazon.com/dp/B079KV58DJ?tag=eloabder-20&linkCode=osi&th=1&psc=1"><img src="https://m.media-amazon.com/images/I/31a0bFQr94L._SL500_.jpg" alt="Product Image"></a><p>Dr. Talbot's Baby Toothpaste Naturally Inspired with Citroganix and Silicone Finger Gum Massager, Vanilla Milk Flavor</p><p> -35% 0FF </p><p>$3.87</p><a href="https://www.amazon.com/dp/B079KV58DJ?tag=eloabder-20&linkCode=osi&th=1&psc=1">View Product</a></div><div class="product"><a href="https://www.amazon.com/dp/B07GT9YRXD?tag=eloabder-20&linkCode=osi&th=1&psc=1"><img src="https://m.media-amazon.com/images/I/416EJX6PtPL._SL500_.jpg" alt="Product Image"></a><p>Baby Toothpaste 6 to 12 Months - Rain Fluoride Free Tooth Paste Gel for Infant Toddler Kids 0-6 Years and Up, Safe to Swallow, 2.8 Oz, Babies Training, Xylitol, Vitamin C, Vegan, SLS Free, Gluten Free</p><p> -25% 0FF </p><p>$13.94</p><a href="https://www.amazon.com/dp/B07GT9YRXD?tag=eloabder-20&linkCode=osi&th=1&psc=1">View Product</a></div>
<div class="product"><a href="https://www.amazon.com/dp/B0B9BMFS4X?tag=eloabder-20&linkCode=osi&th=1&psc=1"><img src="https://m.media-amazon.com/images/I/51QOy--SVyL._SL500_.jpg" alt="Product Image"></a><p>HOMEXCEL Baby Washcloths 24 Pack-Microfiber Coral Fleece Baby Bath Face Towel 7 x 9 Inch Extra Absorbent and Soft Burp Cloth and Wash Cloths for Newborn-Infants and Toddlers-Gentle On Sensitive Skin</p><p> -10% 0FF </p><p>$8.99</p><a href="https://www.amazon.com/dp/B0B9BMFS4X?tag=eloabder-20&linkCode=osi&th=1&psc=1">View Product</a></div>
<div class="product"><a href="https://www.amazon.com/dp/B00M2AAYG6?tag=eloabder-20&linkCode=osi&th=1&psc=1"><img src="https://m.media-amazon.com/images/I/41fixA-oZyL._SL500_.jpg" alt="Product Image"></a><p>Smart Steps 3.0 Activity Walker, Emily</p><p> -20% 0FF </p><p>$39.98</p><a href="https://www.amazon.com/dp/B00M2AAYG6?tag=eloabder-20&linkCode=osi&th=1&psc=1">View Product</a></div><div class="product"><a href="https://www.amazon.com/dp/B0C4PB4QN3?tag=eloabder-20&linkCode=osi&th=1&psc=1"><img src="https://m.media-amazon.com/images/I/41a0CSHVcBL._SL500_.jpg" alt="Product Image"></a><p>Wismind Baby Walker Foldable with 9 Adjustable Heights, Baby Walkers and Activity Center for Boys Girls Babies 7-18 Months, Baby Walker with Wheels Portable</p><p> -30% 0FF </p><p>$69.99</p><a href="https://www.amazon.com/dp/B0C4PB4QN3?tag=eloabder-20&linkCode=osi&th=1&psc=1">View Product</a></div><div class="product"><a href="https://www.amazon.com/dp/B074ZDNJBD?tag=eloabder-20&linkCode=osi&th=1&psc=1"><img src="https://m.media-amazon.com/images/I/41WJhym-67L._SL500_.jpg" alt="Product Image"></a><p>Fisher-Price Baby Toy Laugh & Learn Smart Stages Learn with Puppy Walker with Music Lights & Activities for Infants Ages 6+ Months</p><p> -20% 0FF </p><p>$19.97</p><a href="https://www.amazon.com/dp/B074ZDNJBD?tag=eloabder-20&linkCode=osi&th=1&psc=1">View Product</a></div><div class="product"><a href="https://www.amazon.com/dp/B0CPP7HFVY?tag=eloabder-20&linkCode=osi&th=1&psc=1"><img src="https://m.media-amazon.com/images/I/51L9TuZYYDL._SL500_.jpg" alt="Product Image"></a><p>Tiny Land Wooden Baby Walker, Baby Push Walker, Montessori Walker Toy, Adjustable Speed Baby Walker for Boys and Girls, Baby Activity Center, Push Toys for Kids Development</p><p> -6% 0FF </p><p>$79.99</p><a href="https://www.amazon.com/dp/B0CPP7HFVY?tag=eloabder-20&linkCode=osi&th=1&psc=1">View Product</a></div><div class="product"><a href="https://www.amazon.com/dp/B09QNK7BD9?tag=eloabder-20&linkCode=osi&th=1&psc=1"><img src="https://m.media-amazon.com/images/I/417kGxszQCL._SL500_.jpg" alt="Product Image"></a><p>Bright Starts Disney Baby Minnie Mouse Forever Besties 2-in-1 Baby Activity Walker - Easy Fold Frame and Removable -Toy Station, 6 Months and up</p><p> -17% 0FF </p><p>$49.98</p><a href="https://www.amazon.com/dp/B09QNK7BD9?tag=eloabder-20&linkCode=osi&th=1&psc=1">View Product</a></div>
<div class="product"><a href="https://www.amazon.com/dp/B078XYF78X?tag=eloabder-20&linkCode=osi&th=1&psc=1"><img src="https://m.media-amazon.com/images/I/41cDmYF13wL._SL500_.jpg" alt="Product Image"></a><p>Huggies Simply Clean Fragrance-Free Baby Wipes, Unscented Diaper Wipes, 1 Flip-Top Pack (64 Wipes Total)</p><p> -21% 0FF </p><p>$2.17 ($3.39 / 100 Count)</p><a href="https://www.amazon.com/dp/B078XYF78X?tag=eloabder-20&linkCode=osi&th=1&psc=1">View Product</a></div><div class="product"><a href="https://www.amazon.com/dp/B08QRT84WJ?tag=eloabder-20&linkCode=osi&th=1&psc=1"><img src="https://m.media-amazon.com/images/I/51vfRHDV3QL._SL500_.jpg" alt="Product Image"></a><p>Huggies Natural Care Sensitive Baby Wipes, Unscented, Hypoallergenic, 6 Flip-Top Packs (288 Wipes Total)</p><p> -15% 0FF </p><p>$11.33 ($3.93 / 100 Count)</p><a href="https://www.amazon.com/dp/B08QRT84WJ?tag=eloabder-20&linkCode=osi&th=1&psc=1">View Product</a></div><div class="product"><a href="https://www.amazon.com/dp/B0CNSCVGPH?tag=eloabder-20&linkCode=osi&th=1&psc=1"><img src="https://m.media-amazon.com/images/I/51oFmARUYLL._SL500_.jpg" alt="Product Image"></a><p>Huggies Simply Clean Fresh Scent Baby Wipes, 3 Flip-Top Packs of 64 (192 Wipes Total)</p><p> -13% 0FF </p><p>$6.77 ($3.53 / 100 Count)</p><a href="https://www.amazon.com/dp/B0CNSCVGPH?tag=eloabder-20&linkCode=osi&th=1&psc=1">View Product</a></div><div class="product"><a href="https://www.amazon.com/dp/B07KGL6L56?tag=eloabder-20&linkCode=osi&th=1&psc=1"><img src="https://m.media-amazon.com/images/I/41mNPe9fqbL._SL500_.jpg" alt="Product Image"></a><p>Pampers Baby Clean Wipes, Baby Fresh Scented Baby Wipes, 72 Baby Wipes Total (1 Flip-Top Pack)</p><p> -27% 0FF </p><p>$2.49 ($3.46 / 100 Count)</p><a href="https://www.amazon.com/dp/B07KGL6L56?tag=eloabder-20&linkCode=osi&th=1&psc=1">View Product</a></div><div class="product"><a href="https://www.amazon.com/dp/B07XMFVN95?tag=eloabder-20&linkCode=osi&th=1&psc=1"><img src="https://m.media-amazon.com/images/I/51-VIf1JGuL._SL500_.jpg" alt="Product Image"></a><p>Amazon Brand - Mama Bear Gentle Fragrance Free Baby Wipes, Hypoallergenic, Sensitive Skin, Unscented, 800 Count (8 Packs of 100)</p><p> -11% 0FF </p><p>$20.59</p><a href="https://www.amazon.com/dp/B07XMFVN95?tag=eloabder-20&linkCode=osi&th=1&psc=1">View Product</a></div>
<div class="product"><a href="https://www.amazon.com/dp/B082PSKBXV?tag=eloabder-20&linkCode=osi&th=1&psc=1"><img src="https://m.media-amazon.com/images/I/41e-U+REwlL._SL500_.jpg" alt="Product Image"></a><p>Baby Wrap Carrier Jeroray Hands Free Infant Carrier,Lightweight,Breathable,Softness,Heather Grey</p><p> -11% 0FF </p><p>$19.59</p><a href="https://www.amazon.com/dp/B082PSKBXV?tag=eloabder-20&linkCode=osi&th=1&psc=1">View Product</a></div>
<div class="product"><a href="https://www.amazon.com/dp/B0771L5HN5?tag=eloabder-20&linkCode=osi&th=1&psc=1"><img src="https://m.media-amazon.com/images/I/51pAl1My4tL._SL500_.jpg" alt="Product Image"></a><p>Corner Protector for Baby, Protectors Guards, Furniture Corner Guard & Edge Safety Bumpers - Baby Proof Bumper Cushion - Clear & Transparent (12 Pack)</p><p> -11% 0FF </p><p>$7.98 ($0.66 / Count)</p><a href="https://www.amazon.com/dp/B0771L5HN5?tag=eloabder-20&linkCode=osi&th=1&psc=1">View Product</a></div><div class="product"><a href="https://www.amazon.com/dp/B07CNS8W5Y?tag=eloabder-20&linkCode=osi&th=1&psc=1"><img src="https://m.media-amazon.com/images/I/41Hxr+wFkkL._SL500_.jpg" alt="Product Image"></a><p>12 Pack Corner Guards Corner Protectors Baby Proof Furniture Corner & Edge Safety Bumpers, Table Corner Protector for Furniture Corner Covers Baby Safety</p><p> -17% 0FF </p><p>$4.99</p><a href="https://www.amazon.com/dp/B07CNS8W5Y?tag=eloabder-20&linkCode=osi&th=1&psc=1">View Product</a></div>
<div class="product"><a href="https://www.amazon.com/dp/B0BDFB3LW6?tag=eloabder-20&linkCode=osi&th=1&psc=1"><img src="https://m.media-amazon.com/images/I/31HyDb7637L._SL500_.jpg" alt="Product Image"></a><p>Baby Proofing Cabinets,Cabinet Locks for Babies,U-Shaped Child Locks for Cabinets, Child Proof Cabinet Latches,Child Safety Cabinet Locks with Adjustable by SPISPI (Pack of 2)</p><p> -30% 0FF </p><p>$6.99</p><a href="https://www.amazon.com/dp/B0BDFB3LW6?tag=eloabder-20&linkCode=osi&th=1&psc=1">View Product</a></div><div class="product"><a href="https://www.amazon.com/dp/B07GRNTXJZ?tag=eloabder-20&linkCode=osi&th=1&psc=1"><img src="https://m.media-amazon.com/images/I/41WR7vsRvML._SL500_.jpg" alt="Product Image"></a><p>Upgraded Invisible Baby Proofing Cabinet Latch Locks (10 Pack) - No Drilling or Tools Required for Installation, Works with Most Cabinets and Drawers, Works with Countertop Overhangs, Highly Secure</p><p> -33% 0FF </p><p>$19.99</p><a href="https://www.amazon.com/dp/B07GRNTXJZ?tag=eloabder-20&linkCode=osi&th=1&psc=1">View Product</a></div><div class="product"><a href="https://www.amazon.com/dp/B07TV9QY16?tag=eloabder-20&linkCode=osi&th=1&psc=1"><img src="https://m.media-amazon.com/images/I/31CzUhfEf9S._SL500_.jpg" alt="Product Image"></a><p>Child Safety Cabinet Locks - (10 Pack) Baby Proofing Latches to Drawer Door Fridge Oven Toilet Seat Kitchen Cupboard Appliance Trash Can with 3M Adhesive - Adjustable Strap No Drill No Tool</p><p> -25% 0FF </p><p>$14.99</p><a href="https://www.amazon.com/dp/B07TV9QY16?tag=eloabder-20&linkCode=osi&th=1&psc=1">View Product</a></div><div class="product"><a href="https://www.amazon.com/dp/B0D7W79D9T?tag=eloabder-20&linkCode=osi&th=1&psc=1"><img src="https://m.media-amazon.com/images/I/31awaiU9CVL._SL500_.jpg" alt="Product Image"></a><p>Baby Proofing Cabinets, Sliding Cabinet Locks for Babies, Adjustable U Shaped Baby Safety Locks, Childproof Cabinet Latch for Kitchen, Bathroom, Drawer, Cupboard Doors Knobs & Handles (2Pack White)</p><p> -25% 0FF </p><p>$2.99</p><a href="https://www.amazon.com/dp/B0D7W79D9T?tag=eloabder-20&linkCode=osi&th=1&psc=1">View Product</a></div><div class="product"><a href="https://www.amazon.com/dp/B07K2PWN19?tag=eloabder-20&linkCode=osi&th=1&psc=1"><img src="https://m.media-amazon.com/images/I/41UlC3lEJaS._SL500_.jpg" alt="Product Image"></a><p>Cabinet Locks - Adoric Life Child Safety Locks 4 Pack - Baby Safety Cabinet Locks - Baby Proofing Cabinet Kitchen System with Strong Adhesive Tape</p><p> -46% 0FF </p><p>$6.99</p><a href="https://www.amazon.com/dp/B07K2PWN19?tag=eloabder-20&linkCode=osi&th=1&psc=1">View Product</a></div>
<div class="product"><a href="https://www.amazon.com/dp/B007IUOG5A?tag=eloabder-20&linkCode=osi&th=1&psc=1"><img src="https://m.media-amazon.com/images/I/31+8zGGzplL._SL500_.jpg" alt="Product Image"></a><p>Safety Innovations Twin Door Baby Safety Outlet Cover Box for Babyproofing Outlets - More Interior Space for Extra Large Electrical Plugs and Adapters - Easy to Install - Easy to Use, (1-Pack)</p><p> -33% 0FF </p><p>$9.95</p><a href="https://www.amazon.com/dp/B007IUOG5A?tag=eloabder-20&linkCode=osi&th=1&psc=1">View Product</a></div><div class="product"><a href="https://www.amazon.com/dp/B000HKVG9C?tag=eloabder-20&linkCode=osi&th=1&psc=1"><img src="https://m.media-amazon.com/images/I/41RdFKMVyCL._SL500_.jpg" alt="Product Image"></a><p>Safety 1st Outlet Cover with Cord Shortener for Baby Proofing</p><p> -9% 0FF </p><p>$4.98</p><a href="https://www.amazon.com/dp/B000HKVG9C?tag=eloabder-20&linkCode=osi&th=1&psc=1">View Product</a></div><div class="product"><a href="https://www.amazon.com/dp/B01N7H7J47?tag=eloabder-20&linkCode=osi&th=1&psc=1"><img src="https://m.media-amazon.com/images/I/414dT3xocLL._SL500_.jpg" alt="Product Image"></a><p>Outlet Covers Baby Proofing (50 Pack) Safe & Secure Electric Plug Protectors | Sturdy Childproof Socket Covers for Home & Office | Easy Installation | Protect Toddlers & Babies | White</p><p> -31% 0FF </p><p>$8.99</p><a href="https://www.amazon.com/dp/B01N7H7J47?tag=eloabder-20&linkCode=osi&th=1&psc=1">View Product</a></div>
<div class="product"><a href="https://www.amazon.com/dp/B08SQYKXCH?tag=eloabder-20&linkCode=osi&th=1&psc=1"><img src="https://m.media-amazon.com/images/I/51NMUNJ6CmL._SL500_.jpg" alt="Product Image"></a><p>Baby Proofing Edge Corner Protector, Table Bumper Guard, Soft Rubber Foam Guard, 3M Pre-Taped Corners, 20.5 ft (18.1ft Edge + 8 Corners) Baby Proof Corner Guard Heavy-Duty (18.1ft, Cream White)</p><p> -5% 0FF </p><p>$15.75</p><a href="https://www.amazon.com/dp/B08SQYKXCH?tag=eloabder-20&linkCode=osi&th=1&psc=1">View Product</a></div>
<div class="product"><a href="https://www.amazon.com/dp/B082LN53Y4?tag=eloabder-20&linkCode=osi&th=1&psc=1"><img src="https://m.media-amazon.com/images/I/51MQ1RC2tuL._SL500_.jpg" alt="Product Image"></a><p>Baby Car Mirror Most Stable Backseat Mirror with Premium Matte Finish-Super Clear PMMA Material Mirror-Safe, Secure and Shatterproof,Black</p><p> -53% 0FF </p><p>$7.99</p><a href="https://www.amazon.com/dp/B082LN53Y4?tag=eloabder-20&linkCode=osi&th=1&psc=1">View Product</a></div><div class="product"><a href="https://www.amazon.com/dp/B07MT8HXVC?tag=eloabder-20&linkCode=osi&th=1&psc=1"><img src="https://m.media-amazon.com/images/I/51lvNQUNxjL._SL500_.jpg" alt="Product Image"></a><p>Baby Car Mirror, DARVIQS Seat Safely Monitor Infant Child in Rear Facing Seat, Wide View Shatterproof Adjustable Acrylic 360°for Backseat, Crash Tested and Certified for Safety</p><p> -15% 0FF </p><p>$12.69</p><a href="https://www.amazon.com/dp/B07MT8HXVC?tag=eloabder-20&linkCode=osi&th=1&psc=1">View Product</a></div><div class="product"><a href="https://www.amazon.com/dp/B01K478YBA?tag=eloabder-20&linkCode=osi&th=1&psc=1"><img src="https://m.media-amazon.com/images/I/413tQ4nkWHL._SL500_.jpg" alt="Product Image"></a><p>Shynerk Baby Car Mirror, Rear Facing Car Seat Mirror Safety for Infant Newborn, Baby Mirror with Wide Rearview & 360° Rotation, Shatterproof & Easy Assembled Crash Tested</p><p> -38% 0FF </p><p>$15.99</p><a href="https://www.amazon.com/dp/B01K478YBA?tag=eloabder-20&linkCode=osi&th=1&psc=1">View Product</a></div><div class="product"><a href="https://www.amazon.com/dp/B08FLH1SHC?tag=eloabder-20&linkCode=osi&th=1&psc=1"><img src="https://m.media-amazon.com/images/I/31HQAIIlPlL._SL500_.jpg" alt="Product Image"></a><p>Munchkin® Brica® 360 Pivot Baby in-Sight® Wide Angle Adjustable Car Mirror, Crash Tested and Shatter Resistant, Black</p><p> -11% 0FF </p><p>$20.52</p><a href="https://www.amazon.com/dp/B08FLH1SHC?tag=eloabder-20&linkCode=osi&th=1&psc=1">View Product</a></div><div class="product"><a href="https://www.amazon.com/dp/B0DD43HCBS?tag=eloabder-20&linkCode=osi&th=1&psc=1"><img src="https://m.media-amazon.com/images/I/411RbPJWuRL._SL500_.jpg" alt="Product Image"></a><p>WZBB Baby Car Mirror with Light - Remote Control, 360° Adjustable, Shatter Resistant, Clear Night Vision, Easy Installation for Rear Facing Infants and Toddlers</p><p> -22% 0FF </p><p>$27.98</p><a href="https://www.amazon.com/dp/B0DD43HCBS?tag=eloabder-20&linkCode=osi&th=1&psc=1">View Product</a></div>
<div class="product"><a href="https://www.amazon.com/dp/B000JVCJDQ?tag=eloabder-20&linkCode=osi&th=1&psc=1"><img src="https://m.media-amazon.com/images/I/41o-rEGfj5L._SL500_.jpg" alt="Product Image"></a><p>Earth Mama Organic Diaper Balm | Diaper Cream with Calendula | Calm Skin Baby Essentials for Diaper Bag |Multipurpose Baby Ointment, 2-Fluid Ounce (2-Pack)</p><p> -30% 0FF </p><p>$26.58</p><a href="https://www.amazon.com/dp/B000JVCJDQ?tag=eloabder-20&linkCode=osi&th=1&psc=1">View Product</a></div><div class="product"><a href="https://www.amazon.com/dp/B006YTX0HQ?tag=eloabder-20&linkCode=osi&th=1&psc=1"><img src="https://m.media-amazon.com/images/I/41WJwvRm5aL._SL500_.jpg" alt="Product Image"></a><p>Burt's Bees Christmas Gifts, Baby 100% Natural Multipurpose Healing Ointment, Face & Body Baby Ointment – 7.5 Ounce Tub</p><p> -16% 0FF </p><p>$7.59 ($1.01 / Ounce)</p><a href="https://www.amazon.com/dp/B006YTX0HQ?tag=eloabder-20&linkCode=osi&th=1&psc=1">View Product</a></div><div class="product"><a href="https://www.amazon.com/dp/B01HI7VY84?tag=eloabder-20&linkCode=osi&th=1&psc=1"><img src="https://m.media-amazon.com/images/I/41tnCnueEWL._SL500_.jpg" alt="Product Image"></a><p>Aveeno Baby Eczema Therapy Nighttime Moisturizing Body Balm, Nourishing Skin Protectant Soothes & Relieves Dry, Itchy Skin from Eczema, Hypoallergenic, Fragrance- & Steroid-Free, 11 oz</p><p> -28% 0FF </p><p>$19.37 ($1.76 / Ounce)</p><a href="https://www.amazon.com/dp/B01HI7VY84?tag=eloabder-20&linkCode=osi&th=1&psc=1">View Product</a></div><div class="product"><a href="https://www.amazon.com/dp/B078B9JPLX?tag=eloabder-20&linkCode=osi&th=1&psc=1"><img src="https://m.media-amazon.com/images/I/31V-kg6EG5L._SL500_.jpg" alt="Product Image"></a><p>Earth Mama Organic Baby Face Nose & Cheek Balm | Moisturizer with Calendula Oil for Dry Skin Care, Natural Petroleum Jelly Alternative (2-Fluid Ounce)</p><p> -9% 0FF </p><p>$9.99 ($5.00 / Ounce)</p><a href="https://www.amazon.com/dp/B078B9JPLX?tag=eloabder-20&linkCode=osi&th=1&psc=1">View Product</a></div>
<div class="product"><a href="https://www.amazon.com/dp/B0C6V4KH59?tag=eloabder-20&linkCode=osi&th=1&psc=1"><img src="https://m.media-amazon.com/images/I/41-m52lOZwL._SL500_.jpg" alt="Product Image"></a><p>HALO Baby Flex BassiNest, Adjustable Travel Bassinet, Easy Folding, Lightweight with Mattress and Carrying Bag, Morning Mist</p><p> -50% 0FF </p><p>$49.99</p><a href="https://www.amazon.com/dp/B0C6V4KH59?tag=eloabder-20&linkCode=osi&th=1&psc=1">View Product</a></div><div class="product"><a href="https://www.amazon.com/dp/B0C7VRMHYY?tag=eloabder-20&linkCode=osi&th=1&psc=1"><img src="https://m.media-amazon.com/images/I/41XOT8oQMML._SL500_.jpg" alt="Product Image"></a><p>AirClub Bassinet Bedside Sleeper, Baby Crib for Newborn, Baby Bassinets Bedside Sleeper with 4 Auto-Lock & Adjustable Height, Breathable Mesh & Mattress, Bedside Bassinet</p><p> -25% 0FF </p><p>$149.99</p><a href="https://www.amazon.com/dp/B0C7VRMHYY?tag=eloabder-20&linkCode=osi&th=1&psc=1">View Product</a></div><div class="product"><a href="https://www.amazon.com/dp/B0CB3HVPL7?tag=eloabder-20&linkCode=osi&th=1&psc=1"><img src="https://m.media-amazon.com/images/I/41AO8J-9fZL._SL500_.jpg" alt="Product Image"></a><p>Fodoss Baby Bassinets Bedside Sleeper - All Mesh Bedside Bassinet with Wheels, 7 Height Adjustable Baby Bassinet for Infants, Beige</p><p> -10% 0FF </p><p>$89.99</p><a href="https://www.amazon.com/dp/B0CB3HVPL7?tag=eloabder-20&linkCode=osi&th=1&psc=1">View Product</a></div><div class="product"><a href="https://www.amazon.com/dp/B0CXG8NVBP?tag=eloabder-20&linkCode=osi&th=1&psc=1"><img src="https://m.media-amazon.com/images/I/3173PjIYwrL._SL500_.jpg" alt="Product Image"></a><p>Graco® SmartSense™ Soothing Baby Bassinet – Smart Newborn Bassinet Detects and Automatically Responds to Baby's Cries – for Newborn Babies to 6 Months</p><p> -20% 0FF </p><p>$319.99</p><a href="https://www.amazon.com/dp/B0CXG8NVBP?tag=eloabder-20&linkCode=osi&th=1&psc=1">View Product</a></div><div class="product"><a href="https://www.amazon.com/dp/B08K3314ZL?tag=eloabder-20&linkCode=osi&th=1&psc=1"><img src="https://m.media-amazon.com/images/I/41pUDfJ9dAL._SL500_.jpg" alt="Product Image"></a><p>Graco Pack 'n Play Close2Baby Bassinet Playard Features Portable Bassinet Diaper Changer and More, Derby</p><p> -6% 0FF </p><p>$188.09</p><a href="https://www.amazon.com/dp/B08K3314ZL?tag=eloabder-20&linkCode=osi&th=1&psc=1">View Product</a></div><div class="product"><a href="https://www.amazon.com/dp/B0CTKT6641?tag=eloabder-20&linkCode=osi&th=1&psc=1"><img src="https://m.media-amazon.com/images/I/31pNKDUBgDL._SL500_.jpg" alt="Product Image"></a><p>Baby Delight Beside Me Dreamer Bassinet | Bedside Sleeper & Baby Bassinet | 6-Position Height Adjustment | 100% GOTS Certified Organic Cotton Fabric | Organic Mocha</p><p> -22% 0FF </p><p>$139.99</p><a href="https://www.amazon.com/dp/B0CTKT6641?tag=eloabder-20&linkCode=osi&th=1&psc=1">View Product</a></div><div class="product"><a href="https://www.amazon.com/dp/B09XHKL683?tag=eloabder-20&linkCode=osi&th=1&psc=1"><img src="https://m.media-amazon.com/images/I/611wEYRVaUL._SL500_.jpg" alt="Product Image"></a><p>Baby Bassinet Bedside Sleeper, besrey Bedside Bassinet for Newborn Infant with Comfy Mattress, 9 Height Positions, Adjustable Bedside Crib with 360° Swivel Wheels Bassinet for Baby with Storage Basket</p><p> -27% 0FF </p><p>$153.99</p><a href="https://www.amazon.com/dp/B09XHKL683?tag=eloabder-20&linkCode=osi&th=1&psc=1">View Product</a></div>
<div class="product"><a href="https://www.amazon.com/dp/B08CNM6DZT?tag=eloabder-20&linkCode=osi&th=1&psc=1"><img src="https://m.media-amazon.com/images/I/51D5+ArDsWL._SL500_.jpg" alt="Product Image"></a><p>Comfortable Bath Kneeler and Elbow Kneeling Rest Pad for Baby Bathing Parents - Painless Foam Mat with Toy Organizer Pockets - Quick Drying, Foldable, Non-Slip for Baby and Toddler Bathing</p><p> -20% 0FF </p><p>$41.97</p><a href="https://www.amazon.com/dp/B08CNM6DZT?tag=eloabder-20&linkCode=osi&th=1&psc=1">View Product</a></div><div class="product"><a href="https://www.amazon.com/dp/B07FK58QB1?tag=eloabder-20&linkCode=osi&th=1&psc=1"><img src="https://m.media-amazon.com/images/I/41qpzgGaHVL._SL500_.jpg" alt="Product Image"></a><p>Skip Hop Moby Bath Kneeler, Grey</p><p> -20% 0FF </p><p>$14.39</p><a href="https://www.amazon.com/dp/B07FK58QB1?tag=eloabder-20&linkCode=osi&th=1&psc=1">View Product</a></div><div class="product"><a href="https://www.amazon.com/dp/B081T5449V?tag=eloabder-20&linkCode=osi&th=1&psc=1"><img src="https://m.media-amazon.com/images/I/41bxm5Tx9BL._SL500_.jpg" alt="Product Image"></a><p>Toodly Baby Bath Kneeler and Elbow Rest Pad Set - Baby Bath Support for Knees and Elbows - Bath Kneeler Pad with Memory Foam and Bath Toys Organizer - Ideal Bath Kneeling Pad for Bathing Baby - Grey</p><p> -33% 0FF </p><p>$39.99</p><a href="https://www.amazon.com/dp/B081T5449V?tag=eloabder-20&linkCode=osi&th=1&psc=1">View Product</a></div><div class="product"><a href="https://www.amazon.com/dp/B07K1W7WN5?tag=eloabder-20&linkCode=osi&th=1&psc=1"><img src="https://m.media-amazon.com/images/I/31c0BxxJKZL._SL500_.jpg" alt="Product Image"></a><p>Skip Hop Baby Bath All-in-One Elbow Saver and Kneeler, Moby, Grey</p><p> -22% 0FF </p><p>$29.49</p><a href="https://www.amazon.com/dp/B07K1W7WN5?tag=eloabder-20&linkCode=osi&th=1&psc=1">View Product</a></div><div class="product"><a href="https://www.amazon.com/dp/B0CP48MH77?tag=eloabder-20&linkCode=osi&th=1&psc=1"><img src="https://m.media-amazon.com/images/I/41hoDZTiOEL._SL500_.jpg" alt="Product Image"></a><p>Efforest Baby Bath Kneeler and Elbow Rest Pad Set, 1.5" Thick Kneeling Pad for Baby Bath, Bathtub Kneeling pad with Toy Organizer for Knee & Arm Support, Non-Slip Mat for Baby & Toddler Bath</p><p> -50% 0FF </p><p>$17.48</p><a href="https://www.amazon.com/dp/B0CP48MH77?tag=eloabder-20&linkCode=osi&th=1&psc=1">View Product</a></div><div class="product"><a href="https://www.amazon.com/dp/B07WQTV19X?tag=eloabder-20&linkCode=osi&th=1&psc=1"><img src="https://m.media-amazon.com/images/I/41KGpUoWZ-S._SL500_.jpg" alt="Product Image"></a><p>Bath Kneeler and Elbow Rest Pad, 1.75 inch Extra Thick Baby Bath Kneeling Pad and Elbow Pad for Bathtub. Bath Tub Elbow Pad with Infant Toy and Baby Accessories Organizer, Grey</p><p> -13% 0FF </p><p>$34.99</p><a href="https://www.amazon.com/dp/B07WQTV19X?tag=eloabder-20&linkCode=osi&th=1&psc=1">View Product</a></div>
<div class="product"><a href="https://www.amazon.com/dp/B00I3K25R0?tag=eloabder-20&linkCode=osi&th=1&psc=1"><img src="https://m.media-amazon.com/images/I/41wucHZw+xL._SL500_.jpg" alt="Product Image"></a><p>Munchkin® Float & Play Bubbles™ Baby and Toddler Bath Toy, 4 Count</p><p> -35% 0FF </p><p>$6.15</p><a href="https://www.amazon.com/dp/B00I3K25R0?tag=eloabder-20&linkCode=osi&th=1&psc=1">View Product</a></div><div class="product"><a href="https://www.amazon.com/dp/B0C3VFVWYB?tag=eloabder-20&linkCode=osi&th=1&psc=1"><img src="https://m.media-amazon.com/images/I/41Cr35zwy4L._SL500_.jpg" alt="Product Image"></a><p>XY-WQ Bath Toys No Hole, for Infants 6-12& Toddlers 1-3, No Hole Bathtub Toys (Animal Ⅱ, 8 Pcs with Mesh Bag)</p><p> -25% 0FF </p><p>$11.99</p><a href="https://www.amazon.com/dp/B0C3VFVWYB?tag=eloabder-20&linkCode=osi&th=1&psc=1">View Product</a></div><div class="product"><a href="https://www.amazon.com/dp/B0D95ZDWD3?tag=eloabder-20&linkCode=osi&th=1&psc=1"><img src="https://m.media-amazon.com/images/I/51J3Myxu1lL._SL500_.jpg" alt="Product Image"></a><p>candyfouse Baby Whale Bath Toys,Whale Bath Toy Sprinkler, Light Up Bath Toys for Toddlers 1-3, Four Water Spray Patterns, Waterproof Design, Bathtub Fountain Spray Toy, Baby Birthday Shower Gifts</p><p> -40% 0FF </p><p>$5.99</p><a href="https://www.amazon.com/dp/B0D95ZDWD3?tag=eloabder-20&linkCode=osi&th=1&psc=1">View Product</a></div><div class="product"><a href="https://www.amazon.com/dp/B07Z22YMPN?tag=eloabder-20&linkCode=osi&th=1&psc=1"><img src="https://m.media-amazon.com/images/I/5101dLkJnoL._SL500_.jpg" alt="Product Image"></a><p>Toy Boat Bath Toys for Toddlers with 4 Mini Car Toys and 4 Bath Boat Squirters, Kids Ferry Boat for Bathtub Bathroom Pool Beach Toys</p><p> -50% 0FF </p><p>$13.47</p><a href="https://www.amazon.com/dp/B07Z22YMPN?tag=eloabder-20&linkCode=osi&th=1&psc=1">View Product</a></div><div class="product"><a href="https://www.amazon.com/dp/B0C72TGNHL?tag=eloabder-20&linkCode=osi&th=1&psc=1"><img src="https://m.media-amazon.com/images/I/51AOyTHwqrL._SL500_.jpg" alt="Product Image"></a><p>SplashEZ Mold Free Bath Toys for Babies & Toddlers, Car No Hole Bath Toys, Non Squirting Bath Toys No Mold for Tub, Beach, Pool, BPA-Free, Safe, Fun Infant Baby Bath Toys No Holes 0 1 3 6 12 18 Months</p><p> -38% 0FF </p><p>$9.99</p><a href="https://www.amazon.com/dp/B0C72TGNHL?tag=eloabder-20&linkCode=osi&th=1&psc=1">View Product</a></div>
<div class="product"><a href="https://www.amazon.com/dp/B078941ZC8?tag=eloabder-20&linkCode=osi&th=1&psc=1"><img src="https://m.media-amazon.com/images/I/31ltY+yutGL._SL500_.jpg" alt="Product Image"></a><p>Summer by Ingenuity My Bath Seat for Sit-Up Baby Bathing, Sure & Secure Suction Cups, ASTM Safety Tested & Approved, Backrest for Assisted Sitting, Easy Setup & Storage, Aqua</p><p> -34% 0FF </p><p>$23.16</p><a href="https://www.amazon.com/dp/B078941ZC8?tag=eloabder-20&linkCode=osi&th=1&psc=1">View Product</a></div><div class="product"><a href="https://www.amazon.com/dp/B0DCZ4F9MT?tag=eloabder-20&linkCode=osi&th=1&psc=1"><img src="https://m.media-amazon.com/images/I/31BF+egPyoL._SL500_.jpg" alt="Product Image"></a><p>Baby Bath Seat for Babies 6 Months & Up, Bath Seats for Babies Sitting Up, 3 Baby Bath Toys, Open Design, Non-Slip, Compact Toddler Bath Seat.</p><p> -6% 0FF </p><p>$39.99</p><a href="https://www.amazon.com/dp/B0DCZ4F9MT?tag=eloabder-20&linkCode=osi&th=1&psc=1">View Product</a></div><div class="product"><a href="https://www.amazon.com/dp/B0CSCYM2NW?tag=eloabder-20&linkCode=osi&th=1&psc=1"><img src="https://m.media-amazon.com/images/I/31Vbrx5q63L._SL500_.jpg" alt="Product Image"></a><p>Trankerloop Baby Bath Seat, Bath Seat for Baby 6 Month & up, Baby Bath tub Seat with Suction Cups, Non-Slip, Detachable, Pink</p><p> -11% 0FF </p><p>$39.99</p><a href="https://www.amazon.com/dp/B0CSCYM2NW?tag=eloabder-20&linkCode=osi&th=1&psc=1">View Product</a></div><div class="product"><a href="https://www.amazon.com/dp/B0CJF7WSCV?tag=eloabder-20&linkCode=osi&th=1&psc=1"><img src="https://m.media-amazon.com/images/I/41r0TqNTb+L._SL500_.jpg" alt="Product Image"></a><p>BKFEDLU Infant Bath Seat with Thermometer, Suction Cups, Toys - Toddler Bath Chair for Babies 6 Months & Up</p><p> -50% 0FF </p><p>$19.99</p><a href="https://www.amazon.com/dp/B0CJF7WSCV?tag=eloabder-20&linkCode=osi&th=1&psc=1">View Product</a></div><div class="product"><a href="https://www.amazon.com/dp/B0CRYFHT1G?tag=eloabder-20&linkCode=osi&th=1&psc=1"><img src="https://m.media-amazon.com/images/I/41nKT+O2y1L._SL500_.jpg" alt="Product Image"></a><p>Baby Bath Seat LDIIDII Baby Bathtub Seat Infant Bath Seat for Babies 6 Months&Up Sit Up Bathing in Tub,Toddler Bath Seat with Water Thermometer/4 Strong Suction Cup/3 Bath Toys/Shower Cap (Grey)</p><p> -50% 0FF </p><p>$19.99</p><a href="https://www.amazon.com/dp/B0CRYFHT1G?tag=eloabder-20&linkCode=osi&th=1&psc=1">View Product</a></div><div class="product"><a href="https://www.amazon.com/dp/B0D9VMXND1?tag=eloabder-20&linkCode=osi&th=1&psc=1"><img src="https://m.media-amazon.com/images/I/41UIJrNYB2L._SL500_.jpg" alt="Product Image"></a><p>Baby Bath Seat for Babies 6 Months & Up, Non-Slip Toddler Bath Seat for Baby Sitting Up, Safe Baby Bath tub Seat with Suction Cups, Soft Cushion, Baby Bath Chair, Gray</p><p> -13% 0FF </p><p>$39.99</p><a href="https://www.amazon.com/dp/B0D9VMXND1?tag=eloabder-20&linkCode=osi&th=1&psc=1">View Product</a></div><div class="product"><a href="https://www.amazon.com/dp/B0CR78TDQS?tag=eloabder-20&linkCode=osi&th=1&psc=1"><img src="https://m.media-amazon.com/images/I/41nFTXKoQGL._SL500_.jpg" alt="Product Image"></a><p>Wddbb Baby Bath Seat, Bath seat for Babies 6 Months & up, with Thermometer Bath Seats for Babies Sitting up, Non-Slip Toddler Bath Seat for Baby,Baby Bathtub Baby Bath Seats 6-24 Months (Gray)</p><p> -50% 0FF </p><p>$19.98</p><a href="https://www.amazon.com/dp/B0CR78TDQS?tag=eloabder-20&linkCode=osi&th=1&psc=1">View Product</a></div>
<div class="product"><a href="https://www.amazon.com/dp/B073GGVN3Q?tag=eloabder-20&linkCode=osi&th=1&psc=1"><img src="https://m.media-amazon.com/images/I/31vxBAs9CqL._SL500_.jpg" alt="Product Image"></a><p>b&h Baby Thermometer, The Infant Baby Bath Floating Toy Safety Temperature Water Thermometer (Classic Duck)</p><p> -6% 0FF </p><p>$15.99</p><a href="https://www.amazon.com/dp/B073GGVN3Q?tag=eloabder-20&linkCode=osi&th=1&psc=1">View Product</a></div><div class="product"><a href="https://www.amazon.com/dp/B0CBVTGRW2?tag=eloabder-20&linkCode=osi&th=1&psc=1"><img src="https://m.media-amazon.com/images/I/415ogBhdwML._SL500_.jpg" alt="Product Image"></a><p>Nuby Bath and Room Digital Thermometer - Baby Thermometer for Safe and Cozy Bath and Room Temperatures - Penguin</p><p> -20% 0FF </p><p>$11.99</p><a href="https://www.amazon.com/dp/B0CBVTGRW2?tag=eloabder-20&linkCode=osi&th=1&psc=1">View Product</a></div><div class="product"><a href="https://www.amazon.com/dp/B08HWBT9YD?tag=eloabder-20&linkCode=osi&th=1&psc=1"><img src="https://m.media-amazon.com/images/I/31SEPnY30NL._SL500_.jpg" alt="Product Image"></a><p>Doli Yearning Upgrade Baby Bath Thermometer Room Temperature| Water Thermometer|Kids' Bathroom Safety Products| Baby Bath(Seal Shape)℃/℉, LCD</p><p> -28% 0FF </p><p>$12.99</p><a href="https://www.amazon.com/dp/B08HWBT9YD?tag=eloabder-20&linkCode=osi&th=1&psc=1">View Product</a></div><div class="product"><a href="https://www.amazon.com/dp/B0CNCVSKWJ?tag=eloabder-20&linkCode=osi&th=1&psc=1"><img src="https://m.media-amazon.com/images/I/413jcI7ZoZL._SL500_.jpg" alt="Product Image"></a><p>Baby Bath Thermometer, Digital Water Temperature Thermometer with 3 Color Backlit and Temperature Warning, Safety Bath Tube Thermometer Floating Toy for Infant, Toddler</p><p> -7% 0FF </p><p>$12.99</p><a href="https://www.amazon.com/dp/B0CNCVSKWJ?tag=eloabder-20&linkCode=osi&th=1&psc=1">View Product</a></div><div class="product"><a href="https://www.amazon.com/dp/B01MY98912?tag=eloabder-20&linkCode=osi&th=1&psc=1"><img src="https://m.media-amazon.com/images/I/41HQEQLxeCL._SL500_.jpg" alt="Product Image"></a><p>Bath Thermometer - Bath Water Thermometer for Bathtub Baby Safety Water Temperature for Baby Bath - Easy to Use Bath Temperature Thermometer</p><p> -12% 0FF </p><p>$5.25</p><a href="https://www.amazon.com/dp/B01MY98912?tag=eloabder-20&linkCode=osi&th=1&psc=1">View Product</a></div><div class="product"><a href="https://www.amazon.com/dp/B0CYLVX1ZJ?tag=eloabder-20&linkCode=osi&th=1&psc=1"><img src="https://m.media-amazon.com/images/I/41xhSGYiopL._SL500_.jpg" alt="Product Image"></a><p>Pircaath Baby Bath Thermometer & Swimming Turtle Floating Bath Toys, BPA-Free Bath Thermometer Baby Safety, Backlit Display Bathtub Thermometer Baby Water Thermometer, Bath Temperature Toy for Infant</p><p> -17% 0FF </p><p>$9.99</p><a href="https://www.amazon.com/dp/B0CYLVX1ZJ?tag=eloabder-20&linkCode=osi&th=1&psc=1">View Product</a></div><div class="product"><a href="https://www.amazon.com/dp/B07GC7H86T?tag=eloabder-20&linkCode=osi&th=1&psc=1"><img src="https://m.media-amazon.com/images/I/414jIzev-VL._SL500_.jpg" alt="Product Image"></a><p>Baby Bath Thermometer with Room Thermometer - Famidoc FDTH-V0-22 New Upgraded Sensor Technology for Baby Health Bath Tub Thermometer Floating Toy Thermometer (Blue)</p><p> -12% 0FF </p><p>$14.99</p><a href="https://www.amazon.com/dp/B07GC7H86T?tag=eloabder-20&linkCode=osi&th=1&psc=1">View Product</a></div>
<div class="product"><a href="https://www.amazon.com/dp/B00G0KPLZI?tag=eloabder-20&linkCode=osi&th=1&psc=1"><img src="https://m.media-amazon.com/images/I/41X53ExW5-S._SL500_.jpg" alt="Product Image"></a><p>Spasilk Hooded Terry Bathrobe with Booties, Blue Plane, One Size</p><p> -14% 0FF </p><p>$11.99</p><a href="https://www.amazon.com/dp/B00G0KPLZI?tag=eloabder-20&linkCode=osi&th=1&psc=1">View Product</a></div><div class="product"><a href="https://www.amazon.com/dp/B09N7BB9Y6?tag=eloabder-20&linkCode=osi&th=1&psc=1"><img src="https://m.media-amazon.com/images/I/41iGc7gTxlL._SL500_.jpg" alt="Product Image"></a><p>ROMASA Baby Bath Towel Ultra Soft Hooded Towel Highly Absorbent Bathrobe Blanket Toddlers Shower Gifts for Boys Girls- 27.5" x 55" (Yellow)</p><p> -20% 0FF </p><p>$14.39 ($1.27 / Ounce)</p><a href="https://www.amazon.com/dp/B09N7BB9Y6?tag=eloabder-20&linkCode=osi&th=1&psc=1">View Product</a></div>
<div class="product"><a href="https://www.amazon.com/dp/B0C9Q8MXWW?tag=eloabder-20&linkCode=osi&th=1&psc=1"><img src="https://m.media-amazon.com/images/I/31aI3dosJJL._SL500_.jpg" alt="Product Image"></a><p>Baby Bathtub Faucet Cover, Bath Faucet Cover for Kids, Baby Bath Spout Cover, Soft Silicone Bathtub Faucet Safety Toys, Cute Whale, Universal Fit, Make Your Baby's Bath Time Fun and Love It</p><p> -46% 0FF </p><p>$6.99</p><a href="https://www.amazon.com/dp/B0C9Q8MXWW?tag=eloabder-20&linkCode=osi&th=1&psc=1">View Product</a></div><div class="product"><a href="https://www.amazon.com/dp/B07D98DLDV?tag=eloabder-20&linkCode=osi&th=1&psc=1"><img src="https://m.media-amazon.com/images/I/21f3AzvkYLL._SL500_.jpg" alt="Product Image"></a><p>Skip Hop Baby Bath Spout Cover, Universal Fit, Moby, Grey</p><p> -7% 0FF </p><p>$12.99</p><a href="https://www.amazon.com/dp/B07D98DLDV?tag=eloabder-20&linkCode=osi&th=1&psc=1">View Product</a></div><div class="product"><a href="https://www.amazon.com/dp/B0CSYJQ9D6?tag=eloabder-20&linkCode=osi&th=1&psc=1"><img src="https://m.media-amazon.com/images/I/314iWaEh9xL._SL500_.jpg" alt="Product Image"></a><p>Baby Bathtub Faucet Cover, Baby Safety Protection Silicone Toys, Bath Spout Cover Baby Bathtub, Faucet Cover Baby Bathtub Silicone Whale for Kids, Toddler, Infant, Grey Whale</p><p> -20% 0FF </p><p>$7.99</p><a href="https://www.amazon.com/dp/B0CSYJQ9D6?tag=eloabder-20&linkCode=osi&th=1&psc=1">View Product</a></div>
<div class="product"><a href="https://www.amazon.com/dp/B0070WGV9K?tag=eloabder-20&linkCode=osi&th=1&psc=1"><img src="https://m.media-amazon.com/images/I/41pqg6p2q0L._SL500_.jpg" alt="Product Image"></a><p>Regalo Swing Down Bed Rail Guard, with Reinforced Anchor Safety System</p><p> -8% 0FF </p><p>$23.99</p><a href="https://www.amazon.com/dp/B0070WGV9K?tag=eloabder-20&linkCode=osi&th=1&psc=1">View Product</a></div><div class="product"><a href="https://www.amazon.com/dp/B0CWS2NZ3K?tag=eloabder-20&linkCode=osi&th=1&psc=1"><img src="https://m.media-amazon.com/images/I/41OVQSq+N9L._SL500_.jpg" alt="Product Image"></a><p>NUTIKAS Baby Bed Rail Guard for Toddlers - 47" Toddler Bed Side Rails for Twin, Full, Queen Bunk Size Bed Swing Down Bedrail Extral Tall Child Safety Side Railing Guards for Kids</p><p> -27% 0FF </p><p>$35.98</p><a href="https://www.amazon.com/dp/B0CWS2NZ3K?tag=eloabder-20&linkCode=osi&th=1&psc=1">View Product</a></div><div class="product"><a href="https://www.amazon.com/dp/B00MTJWT68?tag=eloabder-20&linkCode=osi&th=1&psc=1"><img src="https://m.media-amazon.com/images/I/21FdaFkL+tL._SL500_.jpg" alt="Product Image"></a><p>Dream On Me Lightweight Mesh Security Adjustable Bed Rail for Toddler, Breathable Mesh Fabric, Suitable for All Types Of Beds, Reinforced Anchor System Bed Guard Rail, White</p><p> -50% 0FF </p><p>$19.98</p><a href="https://www.amazon.com/dp/B00MTJWT68?tag=eloabder-20&linkCode=osi&th=1&psc=1">View Product</a></div><div class="product"><a href="https://www.amazon.com/dp/B07JJP7S3Q?tag=eloabder-20&linkCode=osi&th=1&psc=1"><img src="https://m.media-amazon.com/images/I/41Rn7Sf-wLL._SL500_.jpg" alt="Product Image"></a><p>BANBALOO | Bed Bumper for Toddlers 53" | Bed Rails for Queen, King, Twin, Full-Size Bed | Toddler Bed Bumper | Bumpers for Bed | Bed Rail for Toddlers | Bed Barrier for Toddler | Foam Bumper</p><p> -23% 0FF </p><p>$26.99</p><a href="https://www.amazon.com/dp/B07JJP7S3Q?tag=eloabder-20&linkCode=osi&th=1&psc=1">View Product</a></div>
<div class="product"><a href="https://www.amazon.com/dp/B07SPT3D3J?tag=eloabder-20&linkCode=osi&th=1&psc=1"><img src="https://m.media-amazon.com/images/I/517zG-7ToEL._SL500_.jpg" alt="Product Image"></a><p>Teddy Soft Baby Book Activity Quiet Cloth Books Developmental Toys,Interactive Baby Books for Babies Toddlers Infants kids,Baby Boy Girls Machine Washable Toys Fabric Soft Book Goodnight Gift Box</p><p> -5% 0FF </p><p>$17.95</p><a href="https://www.amazon.com/dp/B07SPT3D3J?tag=eloabder-20&linkCode=osi&th=1&psc=1">View Product</a></div>
<div class="product"><a href="https://www.amazon.com/dp/B00JFTFPHK?tag=eloabder-20&linkCode=osi&th=1&psc=1"><img src="https://m.media-amazon.com/images/I/51O+qRW-KEL._SL500_.jpg" alt="Product Image"></a><p>25pcs 1" Pacifier Suspender Clips, Marrywindix Pacifier Clips for Making Pacifier Holders Bib Clips Toy Holder Silver</p><p> -33% 0FF </p><p>$5.99</p><a href="https://www.amazon.com/dp/B00JFTFPHK?tag=eloabder-20&linkCode=osi&th=1&psc=1">View Product</a></div><div class="product"><a href="https://www.amazon.com/dp/B00W94QLX0?tag=eloabder-20&linkCode=osi&th=1&psc=1"><img src="https://m.media-amazon.com/images/I/51O+qRW-KEL._SL500_.jpg" alt="Product Image"></a><p>50pcs 1" Pacifier Suspender Clips, Marrywindix Pacifier Clips for Making Pacifier Holders Bib Clips Toy Holder Silver</p><p> -40% 0FF </p><p>$8.99</p><a href="https://www.amazon.com/dp/B00W94QLX0?tag=eloabder-20&linkCode=osi&th=1&psc=1">View Product</a></div>
<div class="product"><a href="https://www.amazon.com/dp/B08G4SDDQC?tag=eloabder-20&linkCode=osi&th=1&psc=1"><img src="https://m.media-amazon.com/images/I/41HQSFX14bL._SL500_.jpg" alt="Product Image"></a><p>8-Pack Organic Baby Bandana Drool Bibs for Girls - Super Absorbent Baby Bibs for Baby Girls, Baby Boys, Soft Cotton Bandana Bibs, Baby Drool Bib, Teething Bibs for Infant, Toddler(Muted Pastel)</p><p> -26% 0FF </p><p>$16.96</p><a href="https://www.amazon.com/dp/B08G4SDDQC?tag=eloabder-20&linkCode=osi&th=1&psc=1">View Product</a></div>
<div class="product"><a href="https://www.amazon.com/dp/B08NNDN5GF?tag=eloabder-20&linkCode=osi&th=1&psc=1"><img src="https://m.media-amazon.com/images/I/41ocef4uVmL._SL500_.jpg" alt="Product Image"></a><p>Hudson Baby Unisex Baby Plush Sleeping Bag, Sack, Blanket, Gray Clouds, 18-24 Months</p><p> -37% 0FF </p><p>$10.08</p><a href="https://www.amazon.com/dp/B08NNDN5GF?tag=eloabder-20&linkCode=osi&th=1&psc=1">View Product</a></div><div class="product"><a href="https://www.amazon.com/dp/B0CQMHYCMX?tag=eloabder-20&linkCode=osi&th=1&psc=1"><img src="https://m.media-amazon.com/images/I/41vq0RvJ3yL._SL500_.jpg" alt="Product Image"></a><p>Gerber Baby Girls Flame Resistant Fleece Footed Pajamas 2-Pack, Purple Rainbows</p><p> -6% 0FF </p><p>$16.98</p><a href="https://www.amazon.com/dp/B0CQMHYCMX?tag=eloabder-20&linkCode=osi&th=1&psc=1">View Product</a></div>
<div class="product"><a href="https://www.amazon.com/dp/B0BDRKG478?tag=eloabder-20&linkCode=osi&th=1&psc=1"><img src="https://m.media-amazon.com/images/I/31LBn9SzD9L._SL500_.jpg" alt="Product Image"></a><p>Graco TurboBooster 2.0 Backless Booster Car Seat, Denton</p><p> -29% 0FF </p><p>$20.49</p><a href="https://www.amazon.com/dp/B0BDRKG478?tag=eloabder-20&linkCode=osi&th=1&psc=1">View Product</a></div><div class="product"><a href="https://www.amazon.com/dp/B07C2RNRCJ?tag=eloabder-20&linkCode=osi&th=1&psc=1"><img src="https://m.media-amazon.com/images/I/31CuULOPD4L._SL500_.jpg" alt="Product Image"></a><p>Graco Tranzitions 3 in 1 Harness Booster Seat</p><p> -21% 0FF </p><p>$94.49</p><a href="https://www.amazon.com/dp/B07C2RNRCJ?tag=eloabder-20&linkCode=osi&th=1&psc=1">View Product</a></div>
<div class="product"><a href="https://www.amazon.com/dp/B09H6Y14KH?tag=eloabder-20&linkCode=osi&th=1&psc=1"><img src="https://m.media-amazon.com/images/I/410cJD5cOBL._SL500_.jpg" alt="Product Image"></a><p>Mancro Breastmilk Cooler Bag with Ice Pack, Fits 6 Baby Bottles Up to 9 Ounce Insulated Bottle Bag, Breast Milk on The go Strap, for Nursing Mom Daycare, Black</p><p> -6% 0FF </p><p>$16.99</p><a href="https://www.amazon.com/dp/B09H6Y14KH?tag=eloabder-20&linkCode=osi&th=1&psc=1">View Product</a></div>
<div class="product"><a href="https://www.amazon.com/dp/B006SFUCV8?tag=eloabder-20&linkCode=osi&th=1&psc=1"><img src="https://m.media-amazon.com/images/I/31Uu2+3+7RL._SL500_.jpg" alt="Product Image"></a><p>Munchkin® High Capacity Drying Rack for Baby Bottles and Accessories, White</p><p> -6% 0FF </p><p>$13.75</p><a href="https://www.amazon.com/dp/B006SFUCV8?tag=eloabder-20&linkCode=osi&th=1&psc=1">View Product</a></div><div class="product"><a href="https://www.amazon.com/dp/B0CHJS27KB?tag=eloabder-20&linkCode=osi&th=1&psc=1"><img src="https://m.media-amazon.com/images/I/51CDxHsKEAL._SL500_.jpg" alt="Product Image"></a><p>Termichy Baby Bottle Drying Rack: Large Vertical Bottle Dryer Rack Holder - Space Saving Standing Drying Rack for Baby Bottles and Pump Part Cleaning (Gray)</p><p> -7% 0FF </p><p>$26.99</p><a href="https://www.amazon.com/dp/B0CHJS27KB?tag=eloabder-20&linkCode=osi&th=1&psc=1">View Product</a></div><div class="product"><a href="https://www.amazon.com/dp/B00RQ83N76?tag=eloabder-20&linkCode=osi&th=1&psc=1"><img src="https://m.media-amazon.com/images/I/31bE-Iv6B6L._SL500_.jpg" alt="Product Image"></a><p>Munchkin Fold Baby Bottle Drying Rack - Compact Design Folds Flat for Easy Storage, White/Grey</p><p> -8% 0FF </p><p>$7.76</p><a href="https://www.amazon.com/dp/B00RQ83N76?tag=eloabder-20&linkCode=osi&th=1&psc=1">View Product</a></div><div class="product"><a href="https://www.amazon.com/dp/B00HNVWGNS?tag=eloabder-20&linkCode=osi&th=1&psc=1"><img src="https://m.media-amazon.com/images/I/41oD0n0VKWL._SL500_.jpg" alt="Product Image"></a><p>Dr. Brown's Folding Baby Bottle Drying Rack for Easy Storage, Dry Nipples, Pacifiers and Other Baby Essentials, BPA-free</p><p> -34% 0FF </p><p>$11.89</p><a href="https://www.amazon.com/dp/B00HNVWGNS?tag=eloabder-20&linkCode=osi&th=1&psc=1">View Product</a></div><div class="product"><a href="https://www.amazon.com/dp/B0CMRV5CPZ?tag=eloabder-20&linkCode=osi&th=1&psc=1"><img src="https://m.media-amazon.com/images/I/41XhN13vG4L._SL500_.jpg" alt="Product Image"></a><p>Dr. Brown's Drying Tower, Stand-Up Drying Rack, Countertop Baby Bottle Drying with Organized Storage for Baby Essentials, Space Saving Vertical Rack</p><p> -32% 0FF </p><p>$19.98</p><a href="https://www.amazon.com/dp/B0CMRV5CPZ?tag=eloabder-20&linkCode=osi&th=1&psc=1">View Product</a></div>
<div class="product"><a href="https://www.amazon.com/dp/B0876T9DQZ?tag=eloabder-20&linkCode=osi&th=1&psc=1"><img src="https://m.media-amazon.com/images/I/41EvYRi2WLL._SL500_.jpg" alt="Product Image"></a><p>Philips Avent Premium Fast Bottle Warmer, with Smart Temperature Control, Water Bath Technology, Automatic Shut-Off, Model SCF358</p><p> -20% 0FF </p><p>$39.99</p><a href="https://www.amazon.com/dp/B0876T9DQZ?tag=eloabder-20&linkCode=osi&th=1&psc=1">View Product</a></div><div class="product"><a href="https://www.amazon.com/dp/B0D2X9276K?tag=eloabder-20&linkCode=osi&th=1&psc=1"><img src="https://m.media-amazon.com/images/I/31kRB6a3EoL._SL500_.jpg" alt="Product Image"></a><p>WITGER 8-in-1 Baby Bottle Warmer and Sterilizer - Fast Heating, Accurate Temperature Control, BPA-Free, Defrosting, Food Heating, and Constant Temperature Maintenance.</p><p> -14% 0FF </p><p>$29.99</p><a href="https://www.amazon.com/dp/B0D2X9276K?tag=eloabder-20&linkCode=osi&th=1&psc=1">View Product</a></div><div class="product"><a href="https://www.amazon.com/dp/B09XJBQWQZ?tag=eloabder-20&linkCode=osi&th=1&psc=1"><img src="https://m.media-amazon.com/images/I/41rEmiL1MDL._SL500_.jpg" alt="Product Image"></a><p>Dr. Brown’s™ Insta-Feed™ Bottle Warmer and Sterilizer</p><p> -14% 0FF </p><p>$24.99</p><a href="https://www.amazon.com/dp/B09XJBQWQZ?tag=eloabder-20&linkCode=osi&th=1&psc=1">View Product</a></div><div class="product"><a href="https://www.amazon.com/dp/B0B97M3PX2?tag=eloabder-20&linkCode=osi&th=1&psc=1"><img src="https://m.media-amazon.com/images/I/31D1jFeOavL._SL500_.jpg" alt="Product Image"></a><p>Momcozy Bottle Warmer, Fast Bottle Warmers for All Bottles with Timer, Accurate Temperature Control and Automatic Shut-Off, Multifunctional Bottle Warmer for Breastmilk</p><p> -43% 0FF </p><p>$33.99</p><a href="https://www.amazon.com/dp/B0B97M3PX2?tag=eloabder-20&linkCode=osi&th=1&psc=1">View Product</a></div><div class="product"><a href="https://www.amazon.com/dp/B07YJKWTYW?tag=eloabder-20&linkCode=osi&th=1&psc=1"><img src="https://m.media-amazon.com/images/I/31Rfvw7DMyL._SL500_.jpg" alt="Product Image"></a><p>Bottle Warmer, GROWNSY 8-in-1 Fast Baby Milk Warmer with Timer for Breastmilk or Formula, Accurate Temperature Control, with Defrost, Sterili-zing, Keep, Heat Baby Food Jars Function</p><p> -20% 0FF </p><p>$39.99</p><a href="https://www.amazon.com/dp/B07YJKWTYW?tag=eloabder-20&linkCode=osi&th=1&psc=1">View Product</a></div><div class="product"><a href="https://www.amazon.com/dp/B0BY26RDWQ?tag=eloabder-20&linkCode=osi&th=1&psc=1"><img src="https://m.media-amazon.com/images/I/412nEaDc-cL._SL500_.jpg" alt="Product Image"></a><p>Momcozy Nutri Bottle Warmer, 9-in-1 Baby Bottle Warmer with Night Light, Accurate Temperature to Preserve Fullest Nutrients in Breast Milk, Bottle Warmers for All Bottles with Breastmilk or Formula</p><p> -20% 0FF </p><p>$39.99</p><a href="https://www.amazon.com/dp/B0BY26RDWQ?tag=eloabder-20&linkCode=osi&th=1&psc=1">View Product</a></div><div class="product"><a href="https://www.amazon.com/dp/B00005BXKM?tag=eloabder-20&linkCode=osi&th=1&psc=1"><img src="https://m.media-amazon.com/images/I/31nh2NZoUTL._SL500_.jpg" alt="Product Image"></a><p>The First Years Baby Bottle Warmer and Sterilizer - Pacifier and Bottle Nipple Sanitizer - Feeding Baby Essentials for Formula or Breast Milk - Holds Multiple Sizes</p><p> -10% 0FF </p><p>$19.75</p><a href="https://www.amazon.com/dp/B00005BXKM?tag=eloabder-20&linkCode=osi&th=1&psc=1">View Product</a></div>
<div class="product"><a href="https://www.amazon.com/dp/B0C7FL2XSL?tag=eloabder-20&linkCode=osi&th=1&psc=1"><img src="https://m.media-amazon.com/images/I/3195BfbxF2L._SL500_.jpg" alt="Product Image"></a><p>Motif Medical, Milk Storage Bags, 6 oz Milk Freezer Bag with Easy Pour Spout, BPA Free, Write-On Label - 100 Count</p><p> -20% 0FF </p><p>$15.99</p><a href="https://www.amazon.com/dp/B0C7FL2XSL?tag=eloabder-20&linkCode=osi&th=1&psc=1">View Product</a></div>
<div class="product"><a href="https://www.amazon.com/dp/B08H9QJVNZ?tag=eloabder-20&linkCode=osi&th=1&psc=1"><img src="https://m.media-amazon.com/images/I/31XZwvFZhIL._SL500_.jpg" alt="Product Image"></a><p>Medela Manual breast pump with Flex Shields Harmony Single Hand for More Comfort and Expressing More Milk</p><p> -34% 0FF </p><p>$28.72</p><a href="https://www.amazon.com/dp/B08H9QJVNZ?tag=eloabder-20&linkCode=osi&th=1&psc=1">View Product</a></div><div class="product"><a href="https://www.amazon.com/dp/B0BXH3XF7X?tag=eloabder-20&linkCode=osi&th=1&psc=1"><img src="https://m.media-amazon.com/images/I/41GBdp47u+L._SL500_.jpg" alt="Product Image"></a><p>Momcozy Hands Free Breast Pump S9 Pro Updated, Wearable Breast Pump of Longer Battery Life & LED Display, Double Portable Electric Breast Pump with 2 Modes & 9 Levels - 24mm, 2 Pack Gray</p><p> -31% 0FF </p><p>$95.98</p><a href="https://www.amazon.com/dp/B0BXH3XF7X?tag=eloabder-20&linkCode=osi&th=1&psc=1">View Product</a></div><div class="product"><a href="https://www.amazon.com/dp/B0CNGJMQDD?tag=eloabder-20&linkCode=osi&th=1&psc=1"><img src="https://m.media-amazon.com/images/I/41XS8v-5dyL._SL500_.jpg" alt="Product Image"></a><p>Momcozy Breast Pump Hands Free M5, Wearable Breast Pump of Baby Mouth Double-Sealed Flange with 3 Modes & 9 Levels, Electric Breast Pump Portable - 24mm, 2 Pack Cozy Red</p><p> -23% 0FF </p><p>$199.99 ($100.00 / Count)</p><a href="https://www.amazon.com/dp/B0CNGJMQDD?tag=eloabder-20&linkCode=osi&th=1&psc=1">View Product</a></div><div class="product"><a href="https://www.amazon.com/dp/B0DK9VJCRK?tag=eloabder-20&linkCode=osi&th=1&psc=1"><img src="https://m.media-amazon.com/images/I/41RyWq3DsfL._SL500_.jpg" alt="Product Image"></a><p>Hands Free Breast Pump Wearable MY-375 - Strong Suction, Low Noise, Wearable Breastfeeding Pump with 4 Mode &12 Levels, Portable Electric Breast Pump - 19/21/24mm Insert/Flange, 2 Pack (White)</p><p> -33% 0FF </p><p>$99.99 ($50.00 / Count)</p><a href="https://www.amazon.com/dp/B0DK9VJCRK?tag=eloabder-20&linkCode=osi&th=1&psc=1">View Product</a></div>
<div class="product"><a href="https://www.amazon.com/dp/B0BTZTSMM7?tag=eloabder-20&linkCode=osi&th=1&psc=1"><img src="https://m.media-amazon.com/images/I/41E+gI3y2mL._SL500_.jpg" alt="Product Image"></a><p>Konssy Muslin Nursing Cover for Baby Breastfeeding, Breathable 100% Cotton Breastfeeding Cover with Rigid Hoop for Mother Nursing Apron, Multi-use Carseat Canopy (Summer Wheat)</p><p> -25% 0FF </p><p>$14.99</p><a href="https://www.amazon.com/dp/B0BTZTSMM7?tag=eloabder-20&linkCode=osi&th=1&psc=1">View Product</a></div><div class="product"><a href="https://www.amazon.com/dp/B0CRY93RSV?tag=eloabder-20&linkCode=osi&th=1&psc=1"><img src="https://m.media-amazon.com/images/I/31GF3tvRWjL._SL500_.jpg" alt="Product Image"></a><p>Konssy Knit Nursing Cover for Breastfeeding, 360 Full Privacy Breathable Breastfeeding Cover, Multi-use Carseat Canopy(Beige)</p><p> -25% 0FF </p><p>$14.99</p><a href="https://www.amazon.com/dp/B0CRY93RSV?tag=eloabder-20&linkCode=osi&th=1&psc=1">View Product</a></div><div class="product"><a href="https://www.amazon.com/dp/B0CYM1Y178?tag=eloabder-20&linkCode=osi&th=1&psc=1"><img src="https://m.media-amazon.com/images/I/41BlDYTW3hL._SL500_.jpg" alt="Product Image"></a><p>Comfy Cubs Nursing Cover for Baby Breastfeeding - 100% Muslin Cotton, Soft & Breathable Cotton, Breastfeeding Pumping Cover for Mom, with Rigid Hoop - Privacy Unisex Lightweight Wrap (Pacific Blue)</p><p> -48% 0FF </p><p>$12.99</p><a href="https://www.amazon.com/dp/B0CYM1Y178?tag=eloabder-20&linkCode=osi&th=1&psc=1">View Product</a></div><div class="product"><a href="https://www.amazon.com/dp/B074M6FRND?tag=eloabder-20&linkCode=osi&th=1&psc=1"><img src="https://m.media-amazon.com/images/I/51odoDcAZ9L._SL500_.jpg" alt="Product Image"></a><p>Baby Nursing Cover & Nursing Poncho - Multi Use Cover for Baby Car Seat Canopy, Shopping Cart Cover, Stroller Cover, 360° Full Privacy Breastfeeding Coverage, Baby Shower Gifts for Boy&Girl</p><p> -30% 0FF </p><p>$13.95</p><a href="https://www.amazon.com/dp/B074M6FRND?tag=eloabder-20&linkCode=osi&th=1&psc=1">View Product</a></div><div class="product"><a href="https://www.amazon.com/dp/B0CB15QFNL?tag=eloabder-20&linkCode=osi&th=1&psc=1"><img src="https://m.media-amazon.com/images/I/31GyAL5zSlL._SL500_.jpg" alt="Product Image"></a><p>Breathable Car Seat Cover for Babies – Multi-Purpose Soft Rayon Nursing Cover for Breastfeeding, High Stretchy Infant Carseat Canopy, Stroller Cover (Smooth Rayon, Blush)</p><p> -20% 0FF </p><p>$7.99</p><a href="https://www.amazon.com/dp/B0CB15QFNL?tag=eloabder-20&linkCode=osi&th=1&psc=1">View Product</a></div>
<div class="product"><a href="https://www.amazon.com/dp/B00PC3K7OE?tag=eloabder-20&linkCode=osi&th=1&psc=1"><img src="https://m.media-amazon.com/images/I/41Ysisnr8oL._SL500_.jpg" alt="Product Image"></a><p>My Brest Friend Nursing Pillow - Deluxe - Enhanced Comfort w/ Slipcover - Ergonomic Breastfeeding Pillow For Ultimate Support For Mom & Baby - Adjustable Pillow W/ Handy Side Pocket, Evening Grey</p><p> -6% 0FF </p><p>$49.99</p><a href="https://www.amazon.com/dp/B00PC3K7OE?tag=eloabder-20&linkCode=osi&th=1&psc=1">View Product</a></div><div class="product"><a href="https://www.amazon.com/dp/B0B2W7X465?tag=eloabder-20&linkCode=osi&th=1&psc=1"><img src="https://m.media-amazon.com/images/I/41TWXbEgaJL._SL500_.jpg" alt="Product Image"></a><p>Momcozy Nursing Pillow for Breastfeeding, Original Plus Size Breastfeeding Pillows for More Support for Mom and Baby, with Adjustable Waist Strap and Removable Cotton Cover, Grey</p><p> -17% 0FF </p><p>$39.99</p><a href="https://www.amazon.com/dp/B0B2W7X465?tag=eloabder-20&linkCode=osi&th=1&psc=1">View Product</a></div><div class="product"><a href="https://www.amazon.com/dp/B08LF56YHJ?tag=eloabder-20&linkCode=osi&th=1&psc=1"><img src="https://m.media-amazon.com/images/I/31pJjCYHNMS._SL500_.jpg" alt="Product Image"></a><p>My Brest Friend Super Deluxe Nursing Pillow - Enhanced Comfort & Ergonomic Breastfeeding Pillow for Ultimate Support For Mom & Baby - Adjustable and with Handy Side Pocket, Platinum</p><p> -8% 0FF </p><p>$59.99</p><a href="https://www.amazon.com/dp/B08LF56YHJ?tag=eloabder-20&linkCode=osi&th=1&psc=1">View Product</a></div><div class="product"><a href="https://www.amazon.com/dp/B0C3RWRCQM?tag=eloabder-20&linkCode=osi&th=1&psc=1"><img src="https://m.media-amazon.com/images/I/516Q+AKi5kL._SL500_.jpg" alt="Product Image"></a><p>PILLANI Nursing Pillow, Plus Size Breastfeeding Pillows for Enhanced Support & Comfort for Mom & Baby, Removable Cotton Cover, Adjustable Waist Strap, Breastfeeding Essentials, Baby Registry Search</p><p> -20% 0FF </p><p>$31.99</p><a href="https://www.amazon.com/dp/B0C3RWRCQM?tag=eloabder-20&linkCode=osi&th=1&psc=1">View Product</a></div><div class="product"><a href="https://www.amazon.com/dp/B0CPVDN3J3?tag=eloabder-20&linkCode=osi&th=1&psc=1"><img src="https://m.media-amazon.com/images/I/41sq3SZUjlL._SL500_.jpg" alt="Product Image"></a><p>Momcozy Original Nursing Pillow and Positioner, Plus Size Breast Feeding Pillow for More Support for Mom and Baby Boy or Girl，Baby Essentials for Nursing or Bottle Feeding and Removable Cotton Cover</p><p> -15% 0FF </p><p>$39.99</p><a href="https://www.amazon.com/dp/B0CPVDN3J3?tag=eloabder-20&linkCode=osi&th=1&psc=1">View Product</a></div><div class="product"><a href="https://www.amazon.com/dp/B00PC3JYQQ?tag=eloabder-20&linkCode=osi&th=1&psc=1"><img src="https://m.media-amazon.com/images/I/51AoteowPXL._SL500_.jpg" alt="Product Image"></a><p>My Brest Friend Original Nursing Pillow Enhanced Ergonomics Essential Breastfeeding Pillow Support For Mom & Baby W/ Convenient Side Pocket, Double Straps & slipcover, Midnight Poppy</p><p> -7% 0FF </p><p>$41.99</p><a href="https://www.amazon.com/dp/B00PC3JYQQ?tag=eloabder-20&linkCode=osi&th=1&psc=1">View Product</a></div>
<div class="product"><a href="https://www.amazon.com/dp/B09KRKGJ3S?tag=eloabder-20&linkCode=osi&th=1&psc=1"><img src="https://m.media-amazon.com/images/I/41fXKHSGeCL._SL500_.jpg" alt="Product Image"></a><p>Looxii Muslin Burp Cloths 100% Cotton Large 20''x10'' Extra Soft and Absorbent 6 Pack Baby Burping Cloth for Boys Girls (Dark Green)</p><p> -6% 0FF </p><p>$13.14</p><a href="https://www.amazon.com/dp/B09KRKGJ3S?tag=eloabder-20&linkCode=osi&th=1&psc=1">View Product</a></div><div class="product"><a href="https://www.amazon.com/dp/B0CLPGQWNB?tag=eloabder-20&linkCode=osi&th=1&psc=1"><img src="https://m.media-amazon.com/images/I/416sGTkqHRL._SL500_.jpg" alt="Product Image"></a><p>Comfy Cubs Muslin Burp Cloths Large 100% Cotton Hand Washcloths for Babies, Baby Essentials 6 Layers Extra Absorbent and Soft Boys & Girls Baby Bibs & Burp Cloths Set (Multicolor, 10-Pack, 20" X10")</p><p> -33% 0FF </p><p>$19.99</p><a href="https://www.amazon.com/dp/B0CLPGQWNB?tag=eloabder-20&linkCode=osi&th=1&psc=1">View Product</a></div><div class="product"><a href="https://www.amazon.com/dp/B0CNKWNY43?tag=eloabder-20&linkCode=osi&th=1&psc=1"><img src="https://m.media-amazon.com/images/I/31iZQ-IdT6L._SL500_.jpg" alt="Product Image"></a><p>Comfy Cubs Burp Cloths 6 Pack Large 100% Cotton Washcloths Double Layered Absorbent Burping Cloth Extra Absorbent Baby Burp Cloth Extra Soft for Boys and Girls (Multicolor Girl, Pack of 6)</p><p> -40% 0FF </p><p>$14.99 ($2.50 / Count)</p><a href="https://www.amazon.com/dp/B0CNKWNY43?tag=eloabder-20&linkCode=osi&th=1&psc=1">View Product</a></div>
<div class="product"><a href="https://www.amazon.com/dp/B096NZHHVR?tag=eloabder-20&linkCode=osi&th=1&psc=1"><img src="https://m.media-amazon.com/images/I/41PxfLKcdWL._SL500_.jpg" alt="Product Image"></a><p>Meolsaek Car Seat Protector for Child Car Seat, 600D Fabric Waterproof Car Seat Cover with Non-Slip Backing, Under Baby Car Seat from Pressure Marks</p><p> -15% 0FF </p><p>$33.97</p><a href="https://www.amazon.com/dp/B096NZHHVR?tag=eloabder-20&linkCode=osi&th=1&psc=1">View Product</a></div><div class="product"><a href="https://www.amazon.com/dp/B096PGXGB4?tag=eloabder-20&linkCode=osi&th=1&psc=1"><img src="https://m.media-amazon.com/images/I/31Y4e9zhROS._SL500_.jpg" alt="Product Image"></a><p>XHYANG Car Seat Protector 1 Pack Car Seat Cushion Mat Thickest Padding,Waterproof 600D Fabric Car Seat Covers for Non-Slip Backing Mesh Pockets for Baby and Pet (1 Seat Protector)</p><p> -24% 0FF </p><p>$17.95</p><a href="https://www.amazon.com/dp/B096PGXGB4?tag=eloabder-20&linkCode=osi&th=1&psc=1">View Product</a></div><div class="product"><a href="https://www.amazon.com/dp/B09828NDRS?tag=eloabder-20&linkCode=osi&th=1&psc=1"><img src="https://m.media-amazon.com/images/I/31ua+nTGAXL._SL500_.jpg" alt="Product Image"></a><p>XHYANG Car Seat Protector,Auto Car Seat Protectors Baby Carseat Waterproof Durable 600D Fabric for Child Baby Car Seat Mat Vehicle Pet Cover 2 Storage Pockets (1 Pack)</p><p> -31% 0FF </p><p>$17.99</p><a href="https://www.amazon.com/dp/B09828NDRS?tag=eloabder-20&linkCode=osi&th=1&psc=1">View Product</a></div><div class="product"><a href="https://www.amazon.com/dp/B0CB14PHZT?tag=eloabder-20&linkCode=osi&th=1&psc=1"><img src="https://m.media-amazon.com/images/I/31lC1dggTTL._SL500_.jpg" alt="Product Image"></a><p>Breathable Car Seat Cover for Babies – Multi-Purpose Soft Rayon Nursing Cover for Breastfeeding, High Stretchy Infant Carseat Canopy, Stroller Cover (Smooth Rayon, Roman Green)</p><p> -20% 0FF </p><p>$7.19</p><a href="https://www.amazon.com/dp/B0CB14PHZT?tag=eloabder-20&linkCode=osi&th=1&psc=1">View Product</a></div><div class="product"><a href="https://www.amazon.com/dp/B08H4WCFXV?tag=eloabder-20&linkCode=osi&th=1&psc=1"><img src="https://m.media-amazon.com/images/I/516mz-4vqgL._SL500_.jpg" alt="Product Image"></a><p>Yoofoss Baby Car Seat Cover Winter Carseat Canopies Cover to Protect Baby from Cold Wind, Super Warm Plush Fleece Baby Carrier Cover for Infant Boys Girls (Black)</p><p> -11% 0FF </p><p>$32.99</p><a href="https://www.amazon.com/dp/B08H4WCFXV?tag=eloabder-20&linkCode=osi&th=1&psc=1">View Product</a></div>

<div class="product"><a href="https://www.amazon.com/dp/B07W6JGDYW?tag=eloabder-20&linkCode=osi&th=1&psc=1"><img src="https://m.media-amazon.com/images/I/41H2tKos7SL._SL500_.jpg" alt="Product Image"></a><p>Kaiphy Car Seat Protector - Seat Protection Mat - Thick Padding - Durable, Waterproof Fabric, Leather Reinforced Corners & 3 Pockets for Handy Storage Black</p><p> -46% 0FF </p><p>$13.97</p><a href="https://www.amazon.com/dp/B07W6JGDYW?tag=eloabder-20&linkCode=osi&th=1&psc=1">View Product</a></div><div class="product"><a href="https://www.amazon.com/dp/B0D5XFHH28?tag=eloabder-20&linkCode=osi&th=1&psc=1"><img src="https://m.media-amazon.com/images/I/31XhcmIiWAL._SL500_.jpg" alt="Product Image"></a><p>Car Seat Protector, Carseat Seat Protectors with Thick Padding and Upgraded Non-Slip Backing, Waterproof Seat Protector under Baby Car Seat, 600D Fabric Car Seat Covers with Storage Pockets for Baby</p><p> -20% 0FF </p><p>$13.59</p><a href="https://www.amazon.com/dp/B0D5XFHH28?tag=eloabder-20&linkCode=osi&th=1&psc=1">View Product</a></div><div class="product"><a href="https://www.amazon.com/dp/B07JBQBVL6?tag=eloabder-20&linkCode=osi&th=1&psc=1"><img src="https://m.media-amazon.com/images/I/31PZj+OEfjL._SL500_.jpg" alt="Product Image"></a><p>Car Seat Protector for Baby Child Car Seats, Shynerk Auto Seat Cover Mat for Under Carseat to Protect Automotive Vehicle Leather and Cloth Upholstery - Waterproof and Dirt Resistant</p><p> -33% 0FF </p><p>$19.99</p><a href="https://www.amazon.com/dp/B07JBQBVL6?tag=eloabder-20&linkCode=osi&th=1&psc=1">View Product</a></div>
<div class="product"><a href="https://www.amazon.com/dp/B00O64QJOC?tag=eloabder-20&linkCode=osi&th=1&psc=1"><img src="https://m.media-amazon.com/images/I/21l2K1fjgyL._SL500_.jpg" alt="Product Image"></a><p>Munchkin® Secure Grip™ Contoured Baby Diaper Changing Pad for Dresser, Waterproof, 16" x 31"</p><p> -10% 0FF </p><p>$31.49</p><a href="https://www.amazon.com/dp/B00O64QJOC?tag=eloabder-20&linkCode=osi&th=1&psc=1">View Product</a></div><div class="product"><a href="https://www.amazon.com/dp/B0DF1W28C5?tag=eloabder-20&linkCode=osi&th=1&psc=1"><img src="https://m.media-amazon.com/images/I/31F+H+AlPWL._SL500_.jpg" alt="Product Image"></a><p>Blissful Diary Vegan Leather Baby Changing Pad with Waterproof & Wipe-Clean PU Cover, Standard Size Cozy Baby Changing Table Pads for Dressers/Tables, Taupe</p><p> -13% 0FF </p><p>$34.99</p><a href="https://www.amazon.com/dp/B0DF1W28C5?tag=eloabder-20&linkCode=osi&th=1&psc=1">View Product</a></div><div class="product"><a href="https://www.amazon.com/dp/B0B45JKHGG?tag=eloabder-20&linkCode=osi&th=1&psc=1"><img src="https://m.media-amazon.com/images/I/41i2u89FqBL._SL500_.jpg" alt="Product Image"></a><p>YENING Baby Diaper Changing Pad for Dresser Top with Cover Waterproof Lining Foam Contoured Changing Table Pads Topper 31" x 16" Grey</p><p> -33% 0FF </p><p>$26.98</p><a href="https://www.amazon.com/dp/B0B45JKHGG?tag=eloabder-20&linkCode=osi&th=1&psc=1">View Product</a></div>
<div class="product"><a href="https://www.amazon.com/dp/B0D3BPZ77F?tag=eloabder-20&linkCode=osi&th=1&psc=1"><img src="https://m.media-amazon.com/images/I/41-+eE90DeL._SL500_.jpg" alt="Product Image"></a><p>Baby Changing Table, Versatile Folding Changing Table, Waterproof Diaper Changing Station, Adjustable Height with 2 Drawers,Baby Changing Station, Mobile Nursery for Infant and Newborn</p><p> -30% 0FF </p><p>$159.99</p><a href="https://www.amazon.com/dp/B0D3BPZ77F?tag=eloabder-20&linkCode=osi&th=1&psc=1">View Product</a></div><div class="product"><a href="https://www.amazon.com/dp/B073YB522V?tag=eloabder-20&linkCode=osi&th=1&psc=1"><img src="https://m.media-amazon.com/images/I/41IwxC2WttS._SL500_.jpg" alt="Product Image"></a><p>Delta Children Eclipse Changing Table with Changing Pad, Grey</p><p> -44% 0FF </p><p>$79.00</p><a href="https://www.amazon.com/dp/B073YB522V?tag=eloabder-20&linkCode=osi&th=1&psc=1">View Product</a></div><div class="product"><a href="https://www.amazon.com/dp/B075ZVTJ3D?tag=eloabder-20&linkCode=osi&th=1&psc=1"><img src="https://m.media-amazon.com/images/I/41Ig2EwFThL._SL500_.jpg" alt="Product Image"></a><p>Dream On Me Emily Changing Table In Steel Grey, Comes With 1" Changing Pad, Features Two Shelves, Portable Changing Station, Made Of Sustainable New Zealand Pinewood</p><p> -21% 0FF </p><p>$69.99</p><a href="https://www.amazon.com/dp/B075ZVTJ3D?tag=eloabder-20&linkCode=osi&th=1&psc=1">View Product</a></div><div class="product"><a href="https://www.amazon.com/dp/B08HMJCHCT?tag=eloabder-20&linkCode=osi&th=1&psc=1"><img src="https://m.media-amazon.com/images/I/31aqc05wT6L._SL500_.jpg" alt="Product Image"></a><p>Storkcraft Brookside 2 Drawer Changing Table Dresser (Pebble Gray) – GREENGUARD Gold Certified, Easy-to-Match Chest of Drawers and Cubbies for Nursery and Kids Bedroom, Includes Changing Table Topper</p><p> -31% 0FF </p><p>$151.29</p><a href="https://www.amazon.com/dp/B08HMJCHCT?tag=eloabder-20&linkCode=osi&th=1&psc=1">View Product</a></div><div class="product"><a href="https://www.amazon.com/dp/B005OSHTSO?tag=eloabder-20&linkCode=osi&th=1&psc=1"><img src="https://m.media-amazon.com/images/I/41ckUWX71DL._SL500_.jpg" alt="Product Image"></a><p>Badger Basket Modern Baby Changing Table with Laundry Hamper, 3 Storage Drawers and Pad, Diaper Change Station - White/White</p><p> -32% 0FF </p><p>$128.99</p><a href="https://www.amazon.com/dp/B005OSHTSO?tag=eloabder-20&linkCode=osi&th=1&psc=1">View Product</a></div><div class="product"><a href="https://www.amazon.com/dp/B08HHFZ5JJ?tag=eloabder-20&linkCode=osi&th=1&psc=1"><img src="https://m.media-amazon.com/images/I/31oH0mt34ML._SL500_.jpg" alt="Product Image"></a><p>Graco Noah 3 Drawer Chest with Changing Topper (White) – GREENGUARD Gold Certified, Baby Dresser With Changing Table Top, Dresser for Nursery, 3 Drawer Kids Dresser</p><p> -24% 0FF </p><p>$188.75</p><a href="https://www.amazon.com/dp/B08HHFZ5JJ?tag=eloabder-20&linkCode=osi&th=1&psc=1">View Product</a></div>
<div class="product"><a href="https://www.amazon.com/dp/B0BVHMHH4X?tag=eloabder-20&linkCode=osi&th=1&psc=1"><img src="https://m.media-amazon.com/images/I/41AOdI5vSML._SL500_.jpg" alt="Product Image"></a><p>TAHAVICE 1 Pack Over The Door Organizer, Bathroom Organizers and Storage with 5 Pockets 10 Mesh Pockets, 50 lbs Weight Capacity Stuffed Animal Storage for Nursery Newborn Baby Essential</p><p> -20% 0FF </p><p>$15.98</p><a href="https://www.amazon.com/dp/B0BVHMHH4X?tag=eloabder-20&linkCode=osi&th=1&psc=1">View Product</a></div><div class="product"><a href="https://www.amazon.com/dp/B06XJ343CC?tag=eloabder-20&linkCode=osi&th=1&psc=1"><img src="https://m.media-amazon.com/images/I/31zbpeWMpnL._SL500_.jpg" alt="Product Image"></a><p>20 Pack Clothing Rack Size Dividers, Wardrobe Round Hangers Label Closet Dividers with 1 Piece Marker Pen for Clothes Organization(White, Blank)</p><p> -14% 0FF </p><p>$8.59 ($0.43 / Count)</p><a href="https://www.amazon.com/dp/B06XJ343CC?tag=eloabder-20&linkCode=osi&th=1&psc=1">View Product</a></div><div class="product"><a href="https://www.amazon.com/dp/B09H4JTQC7?tag=eloabder-20&linkCode=osi&th=1&psc=1"><img src="https://m.media-amazon.com/images/I/51pFCzWgo3L._SL500_.jpg" alt="Product Image"></a><p>Pro Goleem Baby Closet Dividers Unisex Baby Closet Organizer for Nursery Baby Clothes Size Age Dividers Fits 1.5" Rod 6 PCS</p><p> -20% 0FF </p><p>$7.99</p><a href="https://www.amazon.com/dp/B09H4JTQC7?tag=eloabder-20&linkCode=osi&th=1&psc=1">View Product</a></div><div class="product"><a href="https://www.amazon.com/dp/B0DDTSNXNM?tag=eloabder-20&linkCode=osi&th=1&psc=1"><img src="https://m.media-amazon.com/images/I/517HtZWlKIL._SL500_.jpg" alt="Product Image"></a><p>Blissful Diary Baby Diaper Caddy Organizer, Cotton Rope Diaper Caddy Basket, Large Baby Shower Caddy for Newborn Boys and Girls, Gift for Baby Shower List, Newborn Essentials Basket, Earthy Rainbow</p><p> -30% 0FF </p><p>$15.99</p><a href="https://www.amazon.com/dp/B0DDTSNXNM?tag=eloabder-20&linkCode=osi&th=1&psc=1">View Product</a></div>
<div class="product"><a href="https://www.amazon.com/dp/B08DN1KTRH?tag=eloabder-20&linkCode=osi&th=1&psc=1"><img src="https://m.media-amazon.com/images/I/510rTaksLXL._SL500_.jpg" alt="Product Image"></a><p>16 Pack Baby Washcloths - Luxury Multicolor Coral Fleece - Extra Absorbent and Soft Wash Clothes for Newborns, Infants and Toddlers - Suitable for Sensitive Skin and New Born - Baby Shower, 10x10 Inch</p><p> -47% 0FF </p><p>$9.99</p><a href="https://www.amazon.com/dp/B08DN1KTRH?tag=eloabder-20&linkCode=osi&th=1&psc=1">View Product</a></div><div class="product"><a href="https://www.amazon.com/dp/B088RBY8Y5?tag=eloabder-20&linkCode=osi&th=1&psc=1"><img src="https://m.media-amazon.com/images/I/31Ku9qSjBCL._SL500_.jpg" alt="Product Image"></a><p>Yoofoss Muslin Burp Cloths for Baby 10 Pack 100% Cotton Baby Washcloths for Boys Girls Large 20''X10'' Super Soft and Absorbent White</p><p> -5% 0FF </p><p>$18.95</p><a href="https://www.amazon.com/dp/B088RBY8Y5?tag=eloabder-20&linkCode=osi&th=1&psc=1">View Product</a></div>
<div class="product"><a href="https://www.amazon.com/dp/B0CMZJ1J4T?tag=eloabder-20&linkCode=osi&th=1&psc=1"><img src="https://m.media-amazon.com/images/I/410bv8kIM8L._SL500_.jpg" alt="Product Image"></a><p>Jay Franco Bluey & Bingo Toddler Comforter Set - 4 Piece Bed Set Includes Sheet Set & Pillow Covers - Super Soft Clouds & Stars Kids Bedding</p><p> -23% 0FF </p><p>$46.49</p><a href="https://www.amazon.com/dp/B0CMZJ1J4T?tag=eloabder-20&linkCode=osi&th=1&psc=1">View Product</a></div><div class="product"><a href="https://www.amazon.com/dp/B00VQ2RLNA?tag=eloabder-20&linkCode=osi&th=1&psc=1"><img src="https://m.media-amazon.com/images/I/513vvaHOurL._SL500_.jpg" alt="Product Image"></a><p>Burt's Bees Baby Infant Reversible Quilt Blanket, Jersey Knit, Soft, 100% Organic Cotton Blankets, with 100% Polyester Fill for Warm Padding, Size 37 x 46 Inch</p><p> -50% 0FF </p><p>$32.49</p><a href="https://www.amazon.com/dp/B00VQ2RLNA?tag=eloabder-20&linkCode=osi&th=1&psc=1">View Product</a></div><div class="product"><a href="https://www.amazon.com/dp/B01GKZO0U4?tag=eloabder-20&linkCode=osi&th=1&psc=1"><img src="https://m.media-amazon.com/images/I/21lI+ZZ6+3L._SL500_.jpg" alt="Product Image"></a><p>Tadpoles Quilted Toddler Comforter | 40" x 60" | Made of 100% Microfiber Polyester (Shell) & 200 GSM Fiberfill | Soft, Breathable & Durable | Ideal for Toddlers (12-48 Months) | Box Pattern in White</p><p> -12% 0FF </p><p>$21.99</p><a href="https://www.amazon.com/dp/B01GKZO0U4?tag=eloabder-20&linkCode=osi&th=1&psc=1">View Product</a></div><div class="product"><a href="https://www.amazon.com/dp/B0BRKBKSB5?tag=eloabder-20&linkCode=osi&th=1&psc=1"><img src="https://m.media-amazon.com/images/I/313gax4ZutL._SL500_.jpg" alt="Product Image"></a><p>ZPECC Toddler Comforter Blanket - 39" x 53" Down Alternative Crib Duvet Set, Includes Child Quilt, Flat Pillow, Bear Stitching</p><p> -26% 0FF </p><p>$18.49</p><a href="https://www.amazon.com/dp/B0BRKBKSB5?tag=eloabder-20&linkCode=osi&th=1&psc=1">View Product</a></div>
<div class="product"><a href="https://www.amazon.com/dp/B0BZVLW3XY?tag=eloabder-20&linkCode=osi&th=1&psc=1"><img src="https://m.media-amazon.com/images/I/41bnCsnrb2L._SL500_.jpg" alt="Product Image"></a><p>Yoofoss Baby Crib Sheets for Boys Girls, Fitted Crib Sheet 2 Pack for Standard Crib and Toddler Mattress, Super Soft Microfiber Baby Sheet 28x52x8in(Green+Leaf)</p><p> -17% 0FF </p><p>$9.99</p><a href="https://www.amazon.com/dp/B0BZVLW3XY?tag=eloabder-20&linkCode=osi&th=1&psc=1">View Product</a></div><div class="product"><a href="https://www.amazon.com/dp/B086YCZN5H?tag=eloabder-20&linkCode=osi&th=1&psc=1"><img src="https://m.media-amazon.com/images/I/41jKlfbIwGL._SL500_.jpg" alt="Product Image"></a><p>Crib Mattress Protector Sheets Fitted Waterproof Crib Mattress Pad Cover, Noiseless & Machine Wash 100% Absorbent Crib/Toddler Mattress Protector Sheet Quilted, White, 52" x 28"</p><p> -11% 0FF </p><p>$11.98</p><a href="https://www.amazon.com/dp/B086YCZN5H?tag=eloabder-20&linkCode=osi&th=1&psc=1">View Product</a></div><div class="product"><a href="https://www.amazon.com/dp/B0CLL7JPTY?tag=eloabder-20&linkCode=osi&th=1&psc=1"><img src="https://m.media-amazon.com/images/I/41X3AyJQqrL._SL500_.jpg" alt="Product Image"></a><p>PINNKKU 3-Piece Crib Bedding Set for Boy Girls, Includes Crib Skirt, Blanket and Crib Sheet, Crib Baby Bedding, Pintuck Pinch Pleat Pink</p><p> -19% 0FF </p><p>$34.99 ($11.66 / Count)</p><a href="https://www.amazon.com/dp/B0CLL7JPTY?tag=eloabder-20&linkCode=osi&th=1&psc=1">View Product</a></div><div class="product"><a href="https://www.amazon.com/dp/B08G3DCPYM?tag=eloabder-20&linkCode=osi&th=1&psc=1"><img src="https://m.media-amazon.com/images/I/51UmAUm+f-L._SL500_.jpg" alt="Product Image"></a><p>Bedtime Originals Mighty Jungle 3Piece Crib Bedding Set, Multicolor (283003V)</p><p> -27% 0FF </p><p>$49.49</p><a href="https://www.amazon.com/dp/B08G3DCPYM?tag=eloabder-20&linkCode=osi&th=1&psc=1">View Product</a></div><div class="product"><a href="https://www.amazon.com/dp/B0BRWWTS3M?tag=eloabder-20&linkCode=osi&th=1&psc=1"><img src="https://m.media-amazon.com/images/I/51WZGfoIsvL._SL500_.jpg" alt="Product Image"></a><p>The Peanutshell 3 Piece Baby Crib Bedding Set for Girls - Newborn, Infant & Toddler Nursery Bed Set Decor with Fitted Crib Sheet, Dust Ruffle, Crib Comforter - Wildest Dreams</p><p> -10% 0FF </p><p>$44.99</p><a href="https://www.amazon.com/dp/B0BRWWTS3M?tag=eloabder-20&linkCode=osi&th=1&psc=1">View Product</a></div>
<div class="product"><a href="https://www.amazon.com/dp/B010S7VZI0?tag=eloabder-20&linkCode=osi&th=1&psc=1"><img src="https://m.media-amazon.com/images/I/31Ll01T4-sL._SL500_.jpg" alt="Product Image"></a><p>Graco Premium Crib & Toddler Mattress – GREENGUARD Gold Certified & CertiPUR-US Certified, Fits All Standard Crib & Toddler Beds, Waterproof Sleep Surface, Machine-Washable Outer Cover for Easy Care</p><p> -25% 0FF </p><p>$89.99</p><a href="https://www.amazon.com/dp/B010S7VZI0?tag=eloabder-20&linkCode=osi&th=1&psc=1">View Product</a></div><div class="product"><a href="https://www.amazon.com/dp/B0030V4Z02?tag=eloabder-20&linkCode=osi&th=1&psc=1"><img src="https://m.media-amazon.com/images/I/416srazdlsL._SL500_.jpg" alt="Product Image"></a><p>Dream On Me Honeycomb Orthopedic Firm Fiber Standard Baby Crib Mattress, Greenguard Gold and JPMA Certified, 5” Fiber Core Optimum Support, Fits Crib and Toddler Bed, Waterproof Vinyl Cover</p><p> -7% 0FF </p><p>$59.87</p><a href="https://www.amazon.com/dp/B0030V4Z02?tag=eloabder-20&linkCode=osi&th=1&psc=1">View Product</a></div><div class="product"><a href="https://www.amazon.com/dp/B0BLK39GTG?tag=eloabder-20&linkCode=osi&th=1&psc=1"><img src="https://m.media-amazon.com/images/I/41U0AL73RKL._SL500_.jpg" alt="Product Image"></a><p>Letmxiu Premium Dual-Sided Crib & Toddler Mattress,100% Knitted Fabric,Premium Fleece-Hypoallergenic,5" Firm Soft Crib Mattress, Non-Toxic Toddler Bed Mattress Fits Standard Cribs & Toddler Beds</p><p> -14% 0FF </p><p>$59.99</p><a href="https://www.amazon.com/dp/B0BLK39GTG?tag=eloabder-20&linkCode=osi&th=1&psc=1">View Product</a></div><div class="product"><a href="https://www.amazon.com/dp/B0BWDRBYL4?tag=eloabder-20&linkCode=osi&th=1&psc=1"><img src="https://m.media-amazon.com/images/I/41dkngPyPEL._SL500_.jpg" alt="Product Image"></a><p>Tiankehan Premium Dual-Sided Baby Crib Mattress and Toddler Mattress - 52" x 27.6" x 5" - Breathable - Firm Soft - Fits Standard Cribs and Toddler Beds</p><p> -14% 0FF </p><p>$59.98</p><a href="https://www.amazon.com/dp/B0BWDRBYL4?tag=eloabder-20&linkCode=osi&th=1&psc=1">View Product</a></div>
<div class="product"><a href="https://www.amazon.com/dp/B0C7T23J3Y?tag=eloabder-20&linkCode=osi&th=1&psc=1"><img src="https://m.media-amazon.com/images/I/41wcurEQD3L._SL500_.jpg" alt="Product Image"></a><p>The Peanutshell Crib Mobile for Girls - Pink and White Musical Baby Crib Mobile with 12 Lullabies, Forest Baby Mobile Crib Little Forest Nursery Decor</p><p> -16% 0FF </p><p>$37.69</p><a href="https://www.amazon.com/dp/B0C7T23J3Y?tag=eloabder-20&linkCode=osi&th=1&psc=1">View Product</a></div><div class="product"><a href="https://www.amazon.com/dp/B0C7SC34Z3?tag=eloabder-20&linkCode=osi&th=1&psc=1"><img src="https://m.media-amazon.com/images/I/41i+L053hPL._SL500_.jpg" alt="Product Image"></a><p>The Peanutshell Crib Mobile for Boys or Girls - Light and Dark Blue Musical Baby Crib Mobile with 12 Lullabies, Ocean Baby Mobile Crib Nautical Nursery Decor</p><p> -11% 0FF </p><p>$39.99</p><a href="https://www.amazon.com/dp/B0C7SC34Z3?tag=eloabder-20&linkCode=osi&th=1&psc=1">View Product</a></div>
<div class="product"><a href="https://www.amazon.com/dp/B07K594Q7W?tag=eloabder-20&linkCode=osi&th=1&psc=1"><img src="https://m.media-amazon.com/images/I/41chCOFT3fL._SL500_.jpg" alt="Product Image"></a><p>Burt's Bees Baby Print Fitted Crib Sheet Organic Cotton BEESNUG - Hello Moon! Prints, Fits Unisex Standard Bed and Toddler Mattress, Infant Essentials, 52 x 28 Inch 1-Pack</p><p> -34% 0FF </p><p>$13.80</p><a href="https://www.amazon.com/dp/B07K594Q7W?tag=eloabder-20&linkCode=osi&th=1&psc=1">View Product</a></div><div class="product"><a href="https://www.amazon.com/dp/B08HYS8HCQ?tag=eloabder-20&linkCode=osi&th=1&psc=1"><img src="https://m.media-amazon.com/images/I/41OJxVS5clL._SL500_.jpg" alt="Product Image"></a><p>KeaBabies 2-Pack Organic Crib Sheets for Boys, Girls, Jersey Fitted Crib Sheet, Baby Crib Sheets Neutral, Cotton Breathable Crib Sheet, Cute Printed Crib Mattress Sheet, Baby Mattress Sheets(Woodland)</p><p> -27% 0FF </p><p>$21.96</p><a href="https://www.amazon.com/dp/B08HYS8HCQ?tag=eloabder-20&linkCode=osi&th=1&psc=1">View Product</a></div><div class="product"><a href="https://www.amazon.com/dp/B07JBRWPRZ?tag=eloabder-20&linkCode=osi&th=1&psc=1"><img src="https://m.media-amazon.com/images/I/41WkDf7XWaL._SL500_.jpg" alt="Product Image"></a><p>American Baby Company 3 Pack Fitted Mini Crib Sheet 24" x 38", Soft Breathable Neutral 100% Cotton Jersey Portable Sheet, Gray Star/Zigzag, for Boys and Girls, Fits Most Pack N Play Mattresses</p><p> -20% 0FF </p><p>$14.34</p><a href="https://www.amazon.com/dp/B07JBRWPRZ?tag=eloabder-20&linkCode=osi&th=1&psc=1">View Product</a></div><div class="product"><a href="https://www.amazon.com/dp/B0BGWX27FP?tag=eloabder-20&linkCode=osi&th=1&psc=1"><img src="https://m.media-amazon.com/images/I/41tRk-EAY-L._SL500_.jpg" alt="Product Image"></a><p>4-Pack Fitted Crib Sheets for Boys and Girls - Breathable, Soft Microfiber Baby Sheets in Grey, Navy and White</p><p> -9% 0FF </p><p>$19.99 ($5.00 / Count)</p><a href="https://www.amazon.com/dp/B0BGWX27FP?tag=eloabder-20&linkCode=osi&th=1&psc=1">View Product</a></div>
<div class="product"><a href="https://www.amazon.com/dp/B082WW1FCQ?tag=eloabder-20&linkCode=osi&th=1&psc=1"><img src="https://m.media-amazon.com/images/I/416EVH-FKwL._SL500_.jpg" alt="Product Image"></a><p>Crib Bed Skirt 28” x 52” with 14” Drop Pleated Dust Ruffle for Baby Boys Girls Elastic Adjustable Fit Toddler Bedskirt Easy On/Off Soft Nursery Standard Crib Bedding Skirts Solid White Crib Skirt</p><p> -18% 0FF </p><p>$17.99</p><a href="https://www.amazon.com/dp/B082WW1FCQ?tag=eloabder-20&linkCode=osi&th=1&psc=1">View Product</a></div><div class="product"><a href="https://www.amazon.com/dp/B000YFU77W?tag=eloabder-20&linkCode=osi&th=1&psc=1"><img src="https://m.media-amazon.com/images/I/31R9qJzse7L._SL500_.jpg" alt="Product Image"></a><p>American Baby Company 100% Natural Cotton Percale Ruffled Crib Skirt, Cream, 52"L x 28"W + 13.5"</p><p> -33% 0FF </p><p>$16.79</p><a href="https://www.amazon.com/dp/B000YFU77W?tag=eloabder-20&linkCode=osi&th=1&psc=1">View Product</a></div><div class="product"><a href="https://www.amazon.com/dp/B0B5YML25P?tag=eloabder-20&linkCode=osi&th=1&psc=1"><img src="https://m.media-amazon.com/images/I/31DyVARAxlL._SL500_.jpg" alt="Product Image"></a><p>Lush Decor Ruffle Crib Skirt, 16" Drop, White</p><p> -26% 0FF </p><p>$28.19</p><a href="https://www.amazon.com/dp/B0B5YML25P?tag=eloabder-20&linkCode=osi&th=1&psc=1">View Product</a></div>
<div class="product"><a href="https://www.amazon.com/dp/B0D8B4FNHF?tag=eloabder-20&linkCode=osi&th=1&psc=1"><img src="https://m.media-amazon.com/images/I/41gmkYMTEaL._SL500_.jpg" alt="Product Image"></a><p>CHICWAY Baby Patter for Sleep, Baby Sleep Soother, Baby Vibrating Soother 3 Vibration Modes & Intensities Help Baby Sleep, Crib Toy, Crib Accessory, Registry Gift, Shower Gift, Newborn Baby Essentials</p><p> -54% 0FF </p><p>$22.91</p><a href="https://www.amazon.com/dp/B0D8B4FNHF?tag=eloabder-20&linkCode=osi&th=1&psc=1">View Product</a></div><div class="product"><a href="https://www.amazon.com/dp/B009UPUFCY?tag=eloabder-20&linkCode=osi&th=1&psc=1"><img src="https://m.media-amazon.com/images/I/41MuYdMqcXL._SL500_.jpg" alt="Product Image"></a><p>Munchkin® Lulla-Vibe™ Vibrating Mattress Pad Sleep Soother</p><p> -9% 0FF </p><p>$27.25</p><a href="https://www.amazon.com/dp/B009UPUFCY?tag=eloabder-20&linkCode=osi&th=1&psc=1">View Product</a></div>

<div class="product"><a href="https://www.amazon.com/dp/B098TWMRNV?tag=eloabder-20&linkCode=osi&th=1&psc=1"><img src="https://m.media-amazon.com/images/I/51eBNBdbFPL._SL500_.jpg" alt="Product Image"></a><p>PILLANI Baby Diaper Bag Backpack - Baby Bag for Boys & Girls - Diaper Backpack - Large Travel Diaper Bags w/Changing Pad - Baby Registry Search & Shower Gifts Newborn Essentials & Items for Mom, Gray</p><p> -37% 0FF </p><p>$34.99</p><a href="https://www.amazon.com/dp/B098TWMRNV?tag=eloabder-20&linkCode=osi&th=1&psc=1">View Product</a></div><div class="product"><a href="https://www.amazon.com/dp/B07HL6FV5F?tag=eloabder-20&linkCode=osi&th=1&psc=1"><img src="https://m.media-amazon.com/images/I/41CpqR1T2iL._SL500_.jpg" alt="Product Image"></a><p>RUVALINO Diaper Bag Backpack - Multifunction Waterproof Travel Essentials, Maternity Baby Bag with Changing Pad & Stroller D-Ring & Pacifier Case - Baby Registry Search/Items & Shower Gifts - Black</p><p> -51% 0FF </p><p>$43.99</p><a href="https://www.amazon.com/dp/B07HL6FV5F?tag=eloabder-20&linkCode=osi&th=1&psc=1">View Product</a></div><div class="product"><a href="https://www.amazon.com/dp/B0BSKZFV8Z?tag=eloabder-20&linkCode=osi&th=1&psc=1"><img src="https://m.media-amazon.com/images/I/41kJJGd0-KL._SL500_.jpg" alt="Product Image"></a><p>Skip Hop Diaper Bag Backpack: Forma, Multi-Function Baby Travel Bag with Changing Pad & Stroller Attachment, Sage</p><p> -6% 0FF </p><p>$74.49</p><a href="https://www.amazon.com/dp/B0BSKZFV8Z?tag=eloabder-20&linkCode=osi&th=1&psc=1">View Product</a></div>
<div class="product"><a href="https://www.amazon.com/dp/B00569GU18?tag=eloabder-20&linkCode=osi&th=1&psc=1"><img src="https://m.media-amazon.com/images/I/41Zx990UFlL._SL500_.jpg" alt="Product Image"></a><p>Boudreaux's Butt Paste Maximum Strength Diaper Rash Cream, Ointment for Baby, 4 oz Tube</p><p> -12% 0FF </p><p>$7.48 ($1.87 / Ounce)</p><a href="https://www.amazon.com/dp/B00569GU18?tag=eloabder-20&linkCode=osi&th=1&psc=1">View Product</a></div><div class="product"><a href="https://www.amazon.com/dp/B00ZQXT4EY?tag=eloabder-20&linkCode=osi&th=1&psc=1"><img src="https://m.media-amazon.com/images/I/31SXI-cW6IL._SL500_.jpg" alt="Product Image"></a><p>Desitin Maximum Strength Baby Diaper Rash Cream, 40% Zinc Oxide for Treatment, Relief & Prevention, Hypoallergenic, Phthalate- & Paraben-Free Paste, Protects Skin for 12 Hours, 4.8 oz</p><p> -38% 0FF </p><p>$7.33 ($1.53 / Ounce)</p><a href="https://www.amazon.com/dp/B00ZQXT4EY?tag=eloabder-20&linkCode=osi&th=1&psc=1">View Product</a></div><div class="product"><a href="https://www.amazon.com/dp/B082QBB8KQ?tag=eloabder-20&linkCode=osi&th=1&psc=1"><img src="https://m.media-amazon.com/images/I/51vNnfQ6MmL._SL500_.jpg" alt="Product Image"></a><p>Aquaphor Baby Diaper Rash Paste - For Serious Diaper Rash and Flare-ups - 3.5 Oz. Tube</p><p> -5% 0FF </p><p>$7.87 ($2.25 / Ounce)</p><a href="https://www.amazon.com/dp/B082QBB8KQ?tag=eloabder-20&linkCode=osi&th=1&psc=1">View Product</a></div><div class="product"><a href="https://www.amazon.com/dp/B00M0N9J20?tag=eloabder-20&linkCode=osi&th=1&psc=1"><img src="https://m.media-amazon.com/images/I/41t50K+y9yL._SL500_.jpg" alt="Product Image"></a><p>Desitin Daily Defense Baby Diaper Rash Cream with Zinc Oxide to Treat, Relieve & Prevent diaper rash, Hypoallergenic, Dye-, Phthalate- & Paraben-Free, 4 oz</p><p> -42% 0FF </p><p>$5.39 ($1.35 / Ounce)</p><a href="https://www.amazon.com/dp/B00M0N9J20?tag=eloabder-20&linkCode=osi&th=1&psc=1">View Product</a></div><div class="product"><a href="https://www.amazon.com/dp/B00Q2MYU9W?tag=eloabder-20&linkCode=osi&th=1&psc=1"><img src="https://m.media-amazon.com/images/I/51PiNmf+vpL._SL500_.jpg" alt="Product Image"></a><p>Aquaphor Baby Diaper Rash Cream, 3-in-1 Diaper Rash Relief, 3.5 Oz Tube</p><p> -17% 0FF </p><p>$18.69 ($1.78 / Ounce)</p><a href="https://www.amazon.com/dp/B00Q2MYU9W?tag=eloabder-20&linkCode=osi&th=1&psc=1">View Product</a></div><div class="product"><a href="https://www.amazon.com/dp/B0B4PNGXFS?tag=eloabder-20&linkCode=osi&th=1&psc=1"><img src="https://m.media-amazon.com/images/I/51BB218LJpL._SL500_.jpg" alt="Product Image"></a><p>Triple Paste Diaper Rash Cream for Baby - 3 oz Tube - Zinc Oxide Ointment Treats, Soothes and Prevents Diaper Rash - Pediatrician-Recommended Hypoallergenic Formula with Soothing Botanicals</p><p> -25% 0FF </p><p>$8.96 ($2.99 / Ounce)</p><a href="https://www.amazon.com/dp/B0B4PNGXFS?tag=eloabder-20&linkCode=osi&th=1&psc=1">View Product</a></div><div class="product"><a href="https://www.amazon.com/dp/B00KFITCXS?tag=eloabder-20&linkCode=osi&th=1&psc=1"><img src="https://m.media-amazon.com/images/I/41Upagho5nL._SL500_.jpg" alt="Product Image"></a><p>The Honest Company Hypoallergenic Diaper Rash Cream | Moisturizing + Calming Zinc Oxide Ointment | NEA Recognized, Cruelty Free | 2.5 oz</p><p> -7% 0FF </p><p>$10.25 ($4.10 / Ounce)</p><a href="https://www.amazon.com/dp/B00KFITCXS?tag=eloabder-20&linkCode=osi&th=1&psc=1">View Product</a></div><div class="product"><a href="https://www.amazon.com/dp/B000LTJRQ8?tag=eloabder-20&linkCode=osi&th=1&psc=1"><img src="https://m.media-amazon.com/images/I/51z4dtHfCgL._SL500_.jpg" alt="Product Image"></a><p>Triple Paste Diaper Rash Cream for Baby - 8 Oz Tub - Zinc Oxide Ointment Treats, Soothes and Prevents Diaper Rash - Pediatrician-Recommended Hypoallergenic Formula with Soothing Botanicals</p><p> -27% 0FF </p><p>$14.53 ($1.82 / Ounce)</p><a href="https://www.amazon.com/dp/B000LTJRQ8?tag=eloabder-20&linkCode=osi&th=1&psc=1">View Product</a></div><div class="product"><a href="https://www.amazon.com/dp/B00BH0PZBG?tag=eloabder-20&linkCode=osi&th=1&psc=1"><img src="https://m.media-amazon.com/images/I/41nENIiSAHL._SL500_.jpg" alt="Product Image"></a><p>Desitin Maximum Strength Baby Diaper Rash Cream with 40% Zinc Oxide for Treatment, Relief & Prevention, Hypoallergenic, Phthalate- & Paraben-Free Paste, 16 oz</p><p> -31% 0FF </p><p>$18.44 ($1.15 / Ounce)</p><a href="https://www.amazon.com/dp/B00BH0PZBG?tag=eloabder-20&linkCode=osi&th=1&psc=1">View Product</a></div><div class="product"><a href="https://www.amazon.com/dp/B000V3MFUY?tag=eloabder-20&linkCode=osi&th=1&psc=1"><img src="https://m.media-amazon.com/images/I/31To+A+IRQL._SL500_.jpg" alt="Product Image"></a><p>Weleda Baby Calendula Diaper Cream, 2.8 Fluid Ounce, Plant Rich Protection with Calendula, Chamomile, Sweet Almond Oil, Lanolin and Zinc Oxide</p><p> -12% 0FF </p><p>$12.32 ($4.40 / Ounce)</p><a href="https://www.amazon.com/dp/B000V3MFUY?tag=eloabder-20&linkCode=osi&th=1&psc=1">View Product</a></div>
<div class="product"><a href="https://www.amazon.com/dp/B012UFN9T6?tag=eloabder-20&linkCode=osi&th=1&psc=1"><img src="https://m.media-amazon.com/images/I/51SxpJF694L._SL500_.jpg" alt="Product Image"></a><p>Nuby Diaper Disposal Bags for Baby - (6-Pack) 50 Count Disposable Bags - Fresh Baby Powder Scent - Blue</p><p> -10% 0FF </p><p>$16.15</p><a href="https://www.amazon.com/dp/B012UFN9T6?tag=eloabder-20&linkCode=osi&th=1&psc=1">View Product</a></div>
<div class="product"><a href="https://www.amazon.com/dp/B0CPR2N8FD?tag=eloabder-20&linkCode=osi&th=1&psc=1"><img src="https://m.media-amazon.com/images/I/41uXmeS+P5L._SL500_.jpg" alt="Product Image"></a><p>Diaper Genie Select Pail Registry Gift Set (White) | Made of Durable Stainless Steel Metal | Includes 2 Jumbo Refills | Holds 1620 Newborn Diapers</p><p> -20% 0FF </p><p>$59.99</p><a href="https://www.amazon.com/dp/B0CPR2N8FD?tag=eloabder-20&linkCode=osi&th=1&psc=1">View Product</a></div><div class="product"><a href="https://www.amazon.com/dp/B0CNS3R8T7?tag=eloabder-20&linkCode=osi&th=1&psc=1"><img src="https://m.media-amazon.com/images/I/31BIw9M8SwL._SL500_.jpg" alt="Product Image"></a><p>Diaper Genie Classic Pail Includes 1 Starter Square Refill That can Hold up to 165 Newborn-Sized Diapers.</p><p> -20% 0FF </p><p>$23.99</p><a href="https://www.amazon.com/dp/B0CNS3R8T7?tag=eloabder-20&linkCode=osi&th=1&psc=1">View Product</a></div><div class="product"><a href="https://www.amazon.com/dp/B0BWGZ7J7W?tag=eloabder-20&linkCode=osi&th=1&psc=1"><img src="https://m.media-amazon.com/images/I/41pqvAOekFL._SL500_.jpg" alt="Product Image"></a><p>Diaper Genie Signature Gift Set | Includes Easy Roll Refill with 48 Bags | Holds Up to 2256 Newborn Diapers</p><p> -41% 0FF </p><p>$52.79</p><a href="https://www.amazon.com/dp/B0BWGZ7J7W?tag=eloabder-20&linkCode=osi&th=1&psc=1">View Product</a></div><div class="product"><a href="https://www.amazon.com/dp/B00821FLT4?tag=eloabder-20&linkCode=osi&th=1&psc=1"><img src="https://m.media-amazon.com/images/I/21an29pWMkL._SL500_.jpg" alt="Product Image"></a><p>Ubbi Steel Diaper Pail, Odor Locking, No Special Bag Required, Award-Winning, Registry Must-Have, White</p><p> -30% 0FF </p><p>$55.99</p><a href="https://www.amazon.com/dp/B00821FLT4?tag=eloabder-20&linkCode=osi&th=1&psc=1">View Product</a></div><div class="product"><a href="https://www.amazon.com/dp/B0BWGWZ2J4?tag=eloabder-20&linkCode=osi&th=1&psc=1"><img src="https://m.media-amazon.com/images/I/317sppbydxL._SL500_.jpg" alt="Product Image"></a><p>Diaper Genie Signature Pail (Grey) Includes 1 Easy Roll Refill with 18 Bags | Holds Up to 846 Newborn-Sized Diapers Per Refill</p><p> -20% 0FF </p><p>$47.99</p><a href="https://www.amazon.com/dp/B0BWGWZ2J4?tag=eloabder-20&linkCode=osi&th=1&psc=1">View Product</a></div>
<div class="product"><a href="https://www.amazon.com/dp/B0083973FK?tag=eloabder-20&linkCode=osi&th=1&psc=1"><img src="https://m.media-amazon.com/images/I/51c+QHPetfL._SL500_.jpg" alt="Product Image"></a><p>Sposie Booster Pads, Stop Overnight Diaper Leaks, Adhesive-Free for Easy repositioning, Helps Reduce Nighttime Diaper Changes and Diaper Rash, Use with Sizes 4-6, 90 ct.</p><p> -20% 0FF </p><p>$39.99 ($0.44 / Count)</p><a href="https://www.amazon.com/dp/B0083973FK?tag=eloabder-20&linkCode=osi&th=1&psc=1">View Product</a></div><div class="product"><a href="https://www.amazon.com/dp/B07V4MZF2W?tag=eloabder-20&linkCode=osi&th=1&psc=1"><img src="https://m.media-amazon.com/images/I/51u-l608rTL._SL500_.jpg" alt="Product Image"></a><p>Dimples Booster Pads, Baby Diaper Doubler with Adhesive - 1 Size Fits All Diapers - Boosts Diaper Absorbency - No More leaks 90 Count (with Adhesive for Secure Fit)</p><p> -15% 0FF </p><p>$27.99 ($0.31 / Count)</p><a href="https://www.amazon.com/dp/B07V4MZF2W?tag=eloabder-20&linkCode=osi&th=1&psc=1">View Product</a></div><div class="product"><a href="https://www.amazon.com/dp/B0CBQQKMS2?tag=eloabder-20&linkCode=osi&th=1&psc=1"><img src="https://m.media-amazon.com/images/I/51IK5dDp++L._SL500_.jpg" alt="Product Image"></a><p>Inspire Ultra Dimples Diaper Booster Pads | Our Most Absorbent Diaper Inserts Ever | Diaper Pads Inserts Overnight or Daytime | Diaper Liners Turn Any Diaper into Super Overnight Diapers for Babies</p><p> -17% 0FF </p><p>$9.99 ($0.48 / Count)</p><a href="https://www.amazon.com/dp/B0CBQQKMS2?tag=eloabder-20&linkCode=osi&th=1&psc=1">View Product</a></div>
<div class="product"><a href="https://www.amazon.com/dp/B0B5WF7S9F?tag=eloabder-20&linkCode=osi&th=1&psc=1"><img src="https://m.media-amazon.com/images/I/41vB5uYpocL._SL500_.jpg" alt="Product Image"></a><p>Mr. Pen- Baby Diaper Caddy Organizer, Car Caddy, Portable Organizer for Changing Table, Nursery</p><p> -14% 0FF </p><p>$12.85</p><a href="https://www.amazon.com/dp/B0B5WF7S9F?tag=eloabder-20&linkCode=osi&th=1&psc=1">View Product</a></div><div class="product"><a href="https://www.amazon.com/dp/B0734LPFJR?tag=eloabder-20&linkCode=osi&th=1&psc=1"><img src="https://m.media-amazon.com/images/I/51TCskU5lyL._SL500_.jpg" alt="Product Image"></a><p>Lily Miles Baby Diaper Caddy - Large Organizer Tote Bag for Baby essentials Boy or Girl - Baby Shower Basket - Nursery Must Haves - Registry Favorites - Newborn Caddie Car Travel</p><p> -17% 0FF </p><p>$24.95</p><a href="https://www.amazon.com/dp/B0734LPFJR?tag=eloabder-20&linkCode=osi&th=1&psc=1">View Product</a></div><div class="product"><a href="https://www.amazon.com/dp/B0D4LRZW48?tag=eloabder-20&linkCode=osi&th=1&psc=1"><img src="https://m.media-amazon.com/images/I/41NadHwjJlL._SL500_.jpg" alt="Product Image"></a><p>KEETDY Large Diaper Pocket Over the Door Organizer for Nursery, Closet Door Hanging Storage, Baby Organizers and Storage for Newborn Essentials & Diaper Organizer, Beige</p><p> -19% 0FF </p><p>$16.99</p><a href="https://www.amazon.com/dp/B0D4LRZW48?tag=eloabder-20&linkCode=osi&th=1&psc=1">View Product</a></div>
<div class="product"><a href="https://www.amazon.com/dp/B01BDQDIGM?tag=eloabder-20&linkCode=osi&th=1&psc=1"><img src="https://m.media-amazon.com/images/I/41ym1o+HI0L._SL500_.jpg" alt="Product Image"></a><p>Munchkin® STEP™ Diaper Pail Powered by Arm & Hammer, #1 in Odor Control, Award-Winning, Includes 1 Snap, Seal & Toss™ Bag, 1 Starter Refill Ring, and 1 PUCK™ Baking Soda Cartridge</p><p> -19% 0FF </p><p>$59.99</p><a href="https://www.amazon.com/dp/B01BDQDIGM?tag=eloabder-20&linkCode=osi&th=1&psc=1">View Product</a></div><div class="product"><a href="https://www.amazon.com/dp/B0CNS3NMT5?tag=eloabder-20&linkCode=osi&th=1&psc=1"><img src="https://m.media-amazon.com/images/I/41VFasXJE-L._SL500_.jpg" alt="Product Image"></a><p>Diaper Genie Select Pail (Blue) is Made of Durable Stainless Steel and Includes 1 Starter Square Refill That can Hold up to 165 Newborn-Sized Diapers.</p><p> -34% 0FF </p><p>$32.79</p><a href="https://www.amazon.com/dp/B0CNS3NMT5?tag=eloabder-20&linkCode=osi&th=1&psc=1">View Product</a></div><div class="product"><a href="https://www.amazon.com/dp/B000RLQZD8?tag=eloabder-20&linkCode=osi&th=1&psc=1"><img src="https://m.media-amazon.com/images/I/41vuQVcyESL._SL500_.jpg" alt="Product Image"></a><p>Diaper Dekor Plus Hands-Free Diaper Pail | White | Easiest to Use | Just Step–Drop–Done | Doesn’t Absorb Odors | 20 Second Bag Change | Most Economical Refill System | Great for Cloth Diapers</p><p> -9% 0FF </p><p>$49.95</p><a href="https://www.amazon.com/dp/B000RLQZD8?tag=eloabder-20&linkCode=osi&th=1&psc=1">View Product</a></div>
<div class="product"><a href="https://www.amazon.com/dp/B016N3PHBO?tag=eloabder-20&linkCode=osi&th=1&psc=1"><img src="https://m.media-amazon.com/images/I/31X8EAoIwzL._SL500_.jpg" alt="Product Image"></a><p>A+D Zinc Oxide Diaper Rash Treatment Cream, Dimenthicone 1%, Zinc Oxide 10%, Easy Spreading Baby Skin Care, 4 Ounce Tube (Packaging May Vary)</p><p> -9% 0FF </p><p>$5.47 ($0.98 / Ounce)</p><a href="https://www.amazon.com/dp/B016N3PHBO?tag=eloabder-20&linkCode=osi&th=1&psc=1">View Product</a></div>
<div class="product"><a href="https://www.amazon.com/dp/B073V5XZHZ?tag=eloabder-20&linkCode=osi&th=1&psc=1"><img src="https://m.media-amazon.com/images/I/41FJH3vX0xL._SL500_.jpg" alt="Product Image"></a><p>hiccapop Hanging Diaper Organizer for Changing Table, Cribs and Walls, Diaper Stacker and Nursery Organizer | Hanging Storage Caddy Organizer for Baby Essentials |</p><p> -14% 0FF </p><p>$29.92</p><a href="https://www.amazon.com/dp/B073V5XZHZ?tag=eloabder-20&linkCode=osi&th=1&psc=1">View Product</a></div>

<div class="product"><a href="https://www.amazon.com/dp/B07MB5PZBF?tag=eloabder-20&linkCode=osi&th=1&psc=1"><img src="https://m.media-amazon.com/images/I/51JYyHL1KML._SL500_.jpg" alt="Product Image"></a><p>Huggies Size 1 Diapers, Little Snugglers Newborn Diapers, Size 1 (8-14 lbs), 32 Count</p><p> -19% 0FF </p><p>$9.94 ($0.31 / Count)</p><a href="https://www.amazon.com/dp/B07MB5PZBF?tag=eloabder-20&linkCode=osi&th=1&psc=1">View Product</a></div><div class="product"><a href="https://www.amazon.com/dp/B07T4WQRNJ?tag=eloabder-20&linkCode=osi&th=1&psc=1"><img src="https://m.media-amazon.com/images/I/41yeY7iBMEL._SL500_.jpg" alt="Product Image"></a><p>Amazon Brand - Mama Bear Gentle Touch Diapers, Hypoallergenic, Size 5, 33 Count, White</p><p> -9% 0FF </p><p>$11.61</p><a href="https://www.amazon.com/dp/B07T4WQRNJ?tag=eloabder-20&linkCode=osi&th=1&psc=1">View Product</a></div><div class="product"><a href="https://www.amazon.com/dp/B0CKV3GLS2?tag=eloabder-20&linkCode=osi&th=1&psc=1"><img src="https://m.media-amazon.com/images/I/51zE6kc5RWL._SL500_.jpg" alt="Product Image"></a><p>The Honest Company Clean Conscious Diapers | Plant-Based, Sustainable | Young at Heart + Rose Blossom | Club Box, Size 2 (12-18 lbs), 72 Count</p><p> -15% 0FF </p><p>$25.49 ($0.35 / Count)</p><a href="https://www.amazon.com/dp/B0CKV3GLS2?tag=eloabder-20&linkCode=osi&th=1&psc=1">View Product</a></div><div class="product"><a href="https://www.amazon.com/dp/B0CHGJ4YVM?tag=eloabder-20&linkCode=osi&th=1&psc=1"><img src="https://m.media-amazon.com/images/I/51eBhAfAr+L._SL500_.jpg" alt="Product Image"></a><p>Huggies Size 1 Diapers, Skin Essentials Baby Diapers, Size 1 (8-14 lbs), 32 Count</p><p> -19% 0FF </p><p>$9.94 ($0.31 / Count)</p><a href="https://www.amazon.com/dp/B0CHGJ4YVM?tag=eloabder-20&linkCode=osi&th=1&psc=1">View Product</a></div>
<div class="product"><a href="https://www.amazon.com/dp/B005OSHTXO?tag=eloabder-20&linkCode=osi&th=1&psc=1"><img src="https://m.media-amazon.com/images/I/41MQMmwwDUL._SL500_.jpg" alt="Product Image"></a><p>Badger Basket Modern Baby Changing Table with Laundry Hamper, 3 Storage Drawers and Pad, Diaper Change Station - Espresso/Ecru</p><p> -35% 0FF </p><p>$122.99</p><a href="https://www.amazon.com/dp/B005OSHTXO?tag=eloabder-20&linkCode=osi&th=1&psc=1">View Product</a></div><div class="product"><a href="https://www.amazon.com/dp/B0C84T1L1F?tag=eloabder-20&linkCode=osi&th=1&psc=1"><img src="https://m.media-amazon.com/images/I/31VUJhNc2fL._SL500_.jpg" alt="Product Image"></a><p>Portable Baby Changing Table with 2 Storage Baskets, BabyBond Foldable Changing Table Dresser Waterproof Diaper Changing Table Height Adjustable Changing Station for Infant and Newborn(Beige)</p><p> -10% 0FF </p><p>$143.99</p><a href="https://www.amazon.com/dp/B0C84T1L1F?tag=eloabder-20&linkCode=osi&th=1&psc=1">View Product</a></div><div class="product"><a href="https://www.amazon.com/dp/B002ACCC52?tag=eloabder-20&linkCode=osi&th=1&psc=1"><img src="https://m.media-amazon.com/images/I/415B3nyWlOS._SL500_.jpg" alt="Product Image"></a><p>Delta Children Eclipse Changing Table with Changing Pad, Black Cherry</p><p> -24% 0FF </p><p>$106.98</p><a href="https://www.amazon.com/dp/B002ACCC52?tag=eloabder-20&linkCode=osi&th=1&psc=1">View Product</a></div>
<div class="product"><a href="https://www.amazon.com/dp/B01AZ20SSQ?tag=eloabder-20&linkCode=osi&th=1&psc=1"><img src="https://m.media-amazon.com/images/I/51gIZq6E8lL._SL500_.jpg" alt="Product Image"></a><p>Baby Trend Sit N' Stand Double Stroller, Onyx</p><p> -30% 0FF </p><p>$139.99</p><a href="https://www.amazon.com/dp/B01AZ20SSQ?tag=eloabder-20&linkCode=osi&th=1&psc=1">View Product</a></div><div class="product"><a href="https://www.amazon.com/dp/B07B7QC8DV?tag=eloabder-20&linkCode=osi&th=1&psc=1"><img src="https://m.media-amazon.com/images/I/41bHbNU6jhL._SL500_.jpg" alt="Product Image"></a><p>Jeep Destination Ultralight Side x Side Double Stroller, Midnight</p><p> -15% 0FF </p><p>$254.00</p><a href="https://www.amazon.com/dp/B07B7QC8DV?tag=eloabder-20&linkCode=osi&th=1&psc=1">View Product</a></div><div class="product"><a href="https://www.amazon.com/dp/B00GJIXW2K?tag=eloabder-20&linkCode=osi&th=1&psc=1"><img src="https://m.media-amazon.com/images/I/518kAj+pzjL._SL500_.jpg" alt="Product Image"></a><p>Delta Children LX Side by Side Stroller - with Recline, Storage & Compact Fold, Grey</p><p> -33% 0FF </p><p>$74.00</p><a href="https://www.amazon.com/dp/B00GJIXW2K?tag=eloabder-20&linkCode=osi&th=1&psc=1">View Product</a></div><div class="product"><a href="https://www.amazon.com/dp/B01L7C479Y?tag=eloabder-20&linkCode=osi&th=1&psc=1"><img src="https://m.media-amazon.com/images/I/51QBKRK7LwL._SL500_.jpg" alt="Product Image"></a><p>Jeep Scout Double Stroller, Charcoal Galaxy</p><p> -8% 0FF </p><p>$109.99</p><a href="https://www.amazon.com/dp/B01L7C479Y?tag=eloabder-20&linkCode=osi&th=1&psc=1">View Product</a></div><div class="product"><a href="https://www.amazon.com/dp/B07BVMSHTZ?tag=eloabder-20&linkCode=osi&th=1&psc=1"><img src="https://m.media-amazon.com/images/I/41arpDdiGJL._SL500_.jpg" alt="Product Image"></a><p>Baby Trend Expedition Double Jogger Stroller, Griffin</p><p> -12% 0FF </p><p>$219.99</p><a href="https://www.amazon.com/dp/B07BVMSHTZ?tag=eloabder-20&linkCode=osi&th=1&psc=1">View Product</a></div><div class="product"><a href="https://www.amazon.com/dp/B095JMDHG1?tag=eloabder-20&linkCode=osi&th=1&psc=1"><img src="https://m.media-amazon.com/images/I/41RzxXFC3zL._SL500_.jpg" alt="Product Image"></a><p>Summer Infant 3Dlite Folding Lightweight Side by Side Double Stroller with 5-Point Safety Harness for Infants and Toddlers, Black</p><p> -10% 0FF </p><p>$143.99</p><a href="https://www.amazon.com/dp/B095JMDHG1?tag=eloabder-20&linkCode=osi&th=1&psc=1">View Product</a></div>
<div class="product"><a href="https://www.amazon.com/dp/B08SQ88X9F?tag=eloabder-20&linkCode=osi&th=1&psc=1"><img src="https://m.media-amazon.com/images/I/614bujHCtPL._SL500_.jpg" alt="Product Image"></a><p>One Fire Night Light for Kids, 96 Lighting Modes Star Projector 360° Rotating+6 Films Kids Night Light Projector,Rechargeable Baby Night Light Ceiling Projector for Bedroom,Kids Gifts&Kids Room Decor</p><p> -29% 0FF </p><p>$14.98</p><a href="https://www.amazon.com/dp/B08SQ88X9F?tag=eloabder-20&linkCode=osi&th=1&psc=1">View Product</a></div><div class="product"><a href="https://www.amazon.com/dp/B07NZN2ZYN?tag=eloabder-20&linkCode=osi&th=1&psc=1"><img src="https://m.media-amazon.com/images/I/51PBHAO+ngL._SL500_.jpg" alt="Product Image"></a><p>Night Light for Kids,Unicorn Night Light Star Projector Gifts for Kids Toddlers,Night Lights Projector for Baby,Unicorn Lamp Ceiling Lights for Girls Bedroom,Night Light for Kids Bedroom(Light Pink)</p><p> -25% 0FF </p><p>$14.99</p><a href="https://www.amazon.com/dp/B07NZN2ZYN?tag=eloabder-20&linkCode=osi&th=1&psc=1">View Product</a></div><div class="product"><a href="https://www.amazon.com/dp/B01LQX0BXA?tag=eloabder-20&linkCode=osi&th=1&psc=1"><img src="https://m.media-amazon.com/images/I/41BcHezl7XL._SL500_.jpg" alt="Product Image"></a><p>Emotionlite Plug in Night Light, Warm White LED Nightlights, Dusk to Dawn Sensor, Kids, Nursery, Bedroom, Bathroom,Hallway, Stairs, Kitchen, UL Listed, 4 Pack</p><p> -17% 0FF </p><p>$9.99 ($2.50 / Count)</p><a href="https://www.amazon.com/dp/B01LQX0BXA?tag=eloabder-20&linkCode=osi&th=1&psc=1">View Product</a></div><div class="product"><a href="https://www.amazon.com/dp/B07H71NHYM?tag=eloabder-20&linkCode=osi&th=1&psc=1"><img src="https://m.media-amazon.com/images/I/412t0Nzaz2L._SL500_.jpg" alt="Product Image"></a><p>2 Pack Sensor LED Night Lights, Color Changing Plug-in Led Mushroom Dream Bed Lamp for Kids Children Adults, Dusk to Dawn Sensor Auto On/Off, Funny Wall Decor Gifts for Nursery Baby Bed Flower Lamp</p><p> -20% 0FF </p><p>$7.99 ($4.00 / Count)</p><a href="https://www.amazon.com/dp/B07H71NHYM?tag=eloabder-20&linkCode=osi&th=1&psc=1">View Product</a></div>
<div class="product"><a href="https://www.amazon.com/dp/B07N1JP56L?tag=eloabder-20&linkCode=osi&th=1&psc=1"><img src="https://m.media-amazon.com/images/I/31R-qSPlk8L._SL500_.jpg" alt="Product Image"></a><p>Fisher-Price Baby Toy Soothe 'n Snuggle Otter Portable Plush Sound Machine with Music Lights & Breathing Motion for Newborns 0+ Months</p><p> -14% 0FF </p><p>$36.99</p><a href="https://www.amazon.com/dp/B07N1JP56L?tag=eloabder-20&linkCode=osi&th=1&psc=1">View Product</a></div><div class="product"><a href="https://www.amazon.com/dp/B006YBHE6M?tag=eloabder-20&linkCode=osi&th=1&psc=1"><img src="https://m.media-amazon.com/images/I/51xjlvsIJlL._SL500_.jpg" alt="Product Image"></a><p>Baby Einstein Sea Dreams Soother, Crib Mount</p><p> -15% 0FF </p><p>$53.99</p><a href="https://www.amazon.com/dp/B006YBHE6M?tag=eloabder-20&linkCode=osi&th=1&psc=1">View Product</a></div><div class="product"><a href="https://www.amazon.com/dp/B075LRC7Z4?tag=eloabder-20&linkCode=osi&th=1&psc=1"><img src="https://m.media-amazon.com/images/I/51n2YwyhfIL._SL500_.jpg" alt="Product Image"></a><p>Soft Dreams Elephant Music and Glow Soother, Grey/Mint</p><p> -17% 0FF </p><p>$19.99</p><a href="https://www.amazon.com/dp/B075LRC7Z4?tag=eloabder-20&linkCode=osi&th=1&psc=1">View Product</a></div><div class="product"><a href="https://www.amazon.com/dp/B0C98SMC3J?tag=eloabder-20&linkCode=osi&th=1&psc=1"><img src="https://m.media-amazon.com/images/I/41FqmVxcrYL._SL500_.jpg" alt="Product Image"></a><p>Baby Sleep Soother Pillow Pets Dream Lites Dinosaur Projector Plush Toys for Boys Girls Baby Sound Machine Stuffed Animal Machine Pillow Ceiling Toys for Toddler</p><p> -17% 0FF </p><p>$19.99</p><a href="https://www.amazon.com/dp/B0C98SMC3J?tag=eloabder-20&linkCode=osi&th=1&psc=1">View Product</a></div>
<div class="product"><a href="https://www.amazon.com/dp/B01HP0JU2G?tag=eloabder-20&linkCode=osi&th=1&psc=1"><img src="https://m.media-amazon.com/images/I/51VRUtudnyL._SL500_.jpg" alt="Product Image"></a><p>Braun ThermoScan 5 Ear Thermometer</p><p> -11% 0FF </p><p>$31.00</p><a href="https://www.amazon.com/dp/B01HP0JU2G?tag=eloabder-20&linkCode=osi&th=1&psc=1">View Product</a></div><div class="product"><a href="https://www.amazon.com/dp/B07YYMBVVC?tag=eloabder-20&linkCode=osi&th=1&psc=1"><img src="https://m.media-amazon.com/images/I/41eqvQ9sQ-L._SL500_.jpg" alt="Product Image"></a><p>Alcedo Forehead and Ear Thermometer for Adults, Kids, and Baby | Digital Infrared Thermometer for Fever | Touchless, Instant Read, Medical Grade | Pouch and Batteries Included</p><p> -17% 0FF </p><p>$24.95</p><a href="https://www.amazon.com/dp/B07YYMBVVC?tag=eloabder-20&linkCode=osi&th=1&psc=1">View Product</a></div>
<div class="product"><a href="https://www.amazon.com/dp/B077QBJNVM?tag=eloabder-20&linkCode=osi&th=1&psc=1"><img src="https://m.media-amazon.com/images/I/41Rrkn2-CKL._SL500_.jpg" alt="Product Image"></a><p>Baby Nail Trimmer 21 in 1, with Labeled case, Includes 13 Extra Replacement Tools, Royal Angels Baby Electric Nail Kit, Baby Nail Care, Nail File Newborn Toddler Toes & Fingernails Clipper (Blue)</p><p> -49% 0FF </p><p>$15.19</p><a href="https://www.amazon.com/dp/B077QBJNVM?tag=eloabder-20&linkCode=osi&th=1&psc=1">View Product</a></div><div class="product"><a href="https://www.amazon.com/dp/B0CL4G33BX?tag=eloabder-20&linkCode=osi&th=1&psc=1"><img src="https://m.media-amazon.com/images/I/41ciCj+3ozL._SL500_.jpg" alt="Product Image"></a><p>Momcozy Baby Nail File Electric, Gentle Baby Nail Trimmer Electric Rechargeable, Baby Nail Clipper Electric, 7 Grinding Head Replacement Pads</p><p> -17% 0FF </p><p>$24.99</p><a href="https://www.amazon.com/dp/B0CL4G33BX?tag=eloabder-20&linkCode=osi&th=1&psc=1">View Product</a></div><div class="product"><a href="https://www.amazon.com/dp/B07B2C8DJD?tag=eloabder-20&linkCode=osi&th=1&psc=1"><img src="https://m.media-amazon.com/images/I/41fgXtsyDWL._SL500_.jpg" alt="Product Image"></a><p>Baby Nail Trimmer Electric Nail File Baby Nail Clippers, Safe Nail Filer Grinder Kit for Newborn Infant Toddler Kids or Adults Toes Fingernails Care Trim Polish, with Led Light and 10 Grinding Heads</p><p> -8% 0FF </p><p>$14.99</p><a href="https://www.amazon.com/dp/B07B2C8DJD?tag=eloabder-20&linkCode=osi&th=1&psc=1">View Product</a></div><div class="product"><a href="https://www.amazon.com/dp/B0D6R6ZPPF?tag=eloabder-20&linkCode=osi&th=1&psc=1"><img src="https://m.media-amazon.com/images/I/41f5Kh-OjGL._SL500_.jpg" alt="Product Image"></a><p>Electric Baby Nail Clippers - 3 in 1 Fingernail Trimmer, Polisher & Clip Storage with Led, USB Rechargeable & 2 Speeds for Baby, Kids, Adult, Seniors, Caregivers</p><p> -15% 0FF </p><p>$23.58</p><a href="https://www.amazon.com/dp/B0D6R6ZPPF?tag=eloabder-20&linkCode=osi&th=1&psc=1">View Product</a></div>
<div class="product"><a href="https://www.amazon.com/dp/B07WY1PGQC?tag=eloabder-20&linkCode=osi&th=1&psc=1"><img src="https://m.media-amazon.com/images/I/414iv2EhSgL._SL500_.jpg" alt="Product Image"></a><p>Dr. Brown's Natural Flow Anti-Colic Options+ Narrow Glass Baby Bottle 8 oz/250 mL, with Level 1 Slow Flow Nipple, 2 Pack, 0m+</p><p> -6% 0FF </p><p>$15.98</p><a href="https://www.amazon.com/dp/B07WY1PGQC?tag=eloabder-20&linkCode=osi&th=1&psc=1">View Product</a></div><div class="product"><a href="https://www.amazon.com/dp/B000WPVCQE?tag=eloabder-20&linkCode=osi&th=1&psc=1"><img src="https://m.media-amazon.com/images/I/41sXQF4JFtL._SL500_.jpg" alt="Product Image"></a><p>Medela Slow Flow Feeding & Storage Bottles, 3 Pack of 5 Ounce Bottle with Nipple, Lids, Wide Base Collars, and Travel Caps, Made Without BPA</p><p> -37% 0FF </p><p>$14.98</p><a href="https://www.amazon.com/dp/B000WPVCQE?tag=eloabder-20&linkCode=osi&th=1&psc=1">View Product</a></div><div class="product"><a href="https://www.amazon.com/dp/B08XNYS46K?tag=eloabder-20&linkCode=osi&th=1&psc=1"><img src="https://m.media-amazon.com/images/I/31bCTm8z+KL._SL500_.jpg" alt="Product Image"></a><p>Sassy 2pk Baby Food Nursers- 3 Nipples, Multi</p><p> -15% 0FF </p><p>$11.04</p><a href="https://www.amazon.com/dp/B08XNYS46K?tag=eloabder-20&linkCode=osi&th=1&psc=1">View Product</a></div>
<div class="product"><a href="https://www.amazon.com/dp/B004RIBVTK?tag=eloabder-20&linkCode=osi&th=1&psc=1"><img src="https://m.media-amazon.com/images/I/41qLfV5gyYL._SL500_.jpg" alt="Product Image"></a><p>First Aid Only 12-110 Alcohol Wipes, Individually Wrapped, 100 Per Box</p><p> -9% 0FF </p><p>$5.29 ($0.05 / Count)</p><a href="https://www.amazon.com/dp/B004RIBVTK?tag=eloabder-20&linkCode=osi&th=1&psc=1">View Product</a></div><div class="product"><a href="https://www.amazon.com/dp/B09YN8K3TH?tag=eloabder-20&linkCode=osi&th=1&psc=1"><img src="https://m.media-amazon.com/images/I/51uaWltWJiL._SL500_.jpg" alt="Product Image"></a><p>Baby Healthcare and Grooming Kit, Portable Baby Safety Care Set, Baby Essentials kit for Newborn (Blue 26 in 1)</p><p> -6% 0FF </p><p>$16.99</p><a href="https://www.amazon.com/dp/B09YN8K3TH?tag=eloabder-20&linkCode=osi&th=1&psc=1">View Product</a></div><div class="product"><a href="https://www.amazon.com/dp/B09FFT9BL2?tag=eloabder-20&linkCode=osi&th=1&psc=1"><img src="https://m.media-amazon.com/images/I/51mTQI4FDBL._SL500_.jpg" alt="Product Image"></a><p>Smart Care Fisher-Price 6-Piece Baby Healthcare Kit, Newborn Essentials, Baby Gift Set, Includes Medicine Dispensers, Aspirator, Baby Nail Clippers, Baby Thermometer</p><p> -23% 0FF </p><p>$10.73</p><a href="https://www.amazon.com/dp/B09FFT9BL2?tag=eloabder-20&linkCode=osi&th=1&psc=1">View Product</a></div>

<div class="product"><a href="https://www.amazon.com/dp/B07GTMWP8R?tag=eloabder-20&linkCode=osi&th=1&psc=1"><img src="https://m.media-amazon.com/images/I/412oB-MFGOL._SL500_.jpg" alt="Product Image"></a><p>Matyz Versatile Baby Food Maker Set - Toddler Food Mills with Mash Bowl, Hand Masher, Citrus Juicer, Grater - Making Homemade Baby Food - Fruits and Vegetables Masher - No BPA (Yellow)</p><p> -36% 0FF </p><p>$15.99</p><a href="https://www.amazon.com/dp/B07GTMWP8R?tag=eloabder-20&linkCode=osi&th=1&psc=1">View Product</a></div><div class="product"><a href="https://www.amazon.com/dp/B00FWSQ55E?tag=eloabder-20&linkCode=osi&th=1&psc=1"><img src="https://m.media-amazon.com/images/I/316TAIMF4qL._SL500_.jpg" alt="Product Image"></a><p>NUK Fresh Foods Masher & Bowl, colour pistachio</p><p> -10% 0FF </p><p>$17.99</p><a href="https://www.amazon.com/dp/B00FWSQ55E?tag=eloabder-20&linkCode=osi&th=1&psc=1">View Product</a></div>
<div class="product"><a href="https://www.amazon.com/dp/B07MYW28QR?tag=eloabder-20&linkCode=osi&th=1&psc=1"><img src="https://m.media-amazon.com/images/I/315j5b08H9L._SL500_.jpg" alt="Product Image"></a><p>Baby Brezza New and Improved Formula Pro Advanced Formula Dispenser Machine - Automatically Mix a Warm Formula Bottle Instantly - Easily Make Bottle with Automatic Powder Blending, White</p><p> -20% 0FF </p><p>$184.99</p><a href="https://www.amazon.com/dp/B07MYW28QR?tag=eloabder-20&linkCode=osi&th=1&psc=1">View Product</a></div>
<div class="product"><a href="https://www.amazon.com/dp/B0B2KVK1QS?tag=eloabder-20&linkCode=osi&th=1&psc=1"><img src="https://m.media-amazon.com/images/I/31JCp0AmlBL._SL500_.jpg" alt="Product Image"></a><p>Dr. Brown's Baby Formula Mixing Pitcher with Adjustable Stopper, Locking Lid, & No Drip Spout, 32oz, BPA Free, Teal</p><p> -9% 0FF </p><p>$9.97</p><a href="https://www.amazon.com/dp/B0B2KVK1QS?tag=eloabder-20&linkCode=osi&th=1&psc=1">View Product</a></div><div class="product"><a href="https://www.amazon.com/dp/B0CM5J4JWT?tag=eloabder-20&linkCode=osi&th=1&psc=1"><img src="https://m.media-amazon.com/images/I/31VSt6TaXAL._SL500_.jpg" alt="Product Image"></a><p>Electric Baby Formula Mixing Pitcher, NehNeh Baby Bi-directional Alternating Stirring Mixer | No Air Bubble | No Clumps | No Drip Spout | Locking Lid | Fridge Storage 36oz, BPA Free -Green</p><p> -27% 0FF </p><p>$21.99</p><a href="https://www.amazon.com/dp/B0CM5J4JWT?tag=eloabder-20&linkCode=osi&th=1&psc=1">View Product</a></div><div class="product"><a href="https://www.amazon.com/dp/B0D1C9D91Q?tag=eloabder-20&linkCode=osi&th=1&psc=1"><img src="https://m.media-amazon.com/images/I/41MGIga8RYL._SL500_.jpg" alt="Product Image"></a><p>Electric Bottle Brush Cleaner Baby, Silicone Electric Baby Bottle Brush Set with Nipple Brush/Baby Formula Mixer USB Rechargeable & 2 Mode 360° Spinning Cleaner. Essential Feeding Supplies for Moms</p><p> -24% 0FF </p><p>$21.99</p><a href="https://www.amazon.com/dp/B0D1C9D91Q?tag=eloabder-20&linkCode=osi&th=1&psc=1">View Product</a></div>
<div class="product"><a href="https://www.amazon.com/dp/B0823FX2SL?tag=eloabder-20&linkCode=osi&th=1&psc=1"><img src="https://m.media-amazon.com/images/I/41i+ptDBdcL._SL500_.jpg" alt="Product Image"></a><p>Frida Baby Grooming Kit | Baby Essentials Gift Set Includes Finger Brush with Storage Stand, Hair Brush with Case, Styling Hair Comb, Easy Grip Nail Scissors with Nail File and Case</p><p> -39% 0FF </p><p>$15.26</p><a href="https://www.amazon.com/dp/B0823FX2SL?tag=eloabder-20&linkCode=osi&th=1&psc=1">View Product</a></div><div class="product"><a href="https://www.amazon.com/dp/B08PFCJWLF?tag=eloabder-20&linkCode=osi&th=1&psc=1"><img src="https://m.media-amazon.com/images/I/41ugdN8QcEL._SL500_.jpg" alt="Product Image"></a><p>OTTOLIVES Baby Healthcare and Grooming Kit, 24 in 1 Baby Electric Nail Trimmer Set Newborn Nursery Health Care Set for Newborn Infant Toddlers Baby Boys Girls Kids Haircut Tools (0-3 Years+) (Pink)</p><p> -17% 0FF </p><p>$24.99</p><a href="https://www.amazon.com/dp/B08PFCJWLF?tag=eloabder-20&linkCode=osi&th=1&psc=1">View Product</a></div>
<div class="product"><a href="https://www.amazon.com/dp/B074W7SKZ2?tag=eloabder-20&linkCode=osi&th=1&psc=1"><img src="https://m.media-amazon.com/images/I/31KOO0YFRdL._SL500_.jpg" alt="Product Image"></a><p>Mibote Baby Growth Height Chart Handing Ruler Wall Decor for Kids, Canvas Removable Height Growth Chart 79" x 7.9" (Black & White)</p><p> -18% 0FF </p><p>$7.99</p><a href="https://www.amazon.com/dp/B074W7SKZ2?tag=eloabder-20&linkCode=osi&th=1&psc=1">View Product</a></div><div class="product"><a href="https://www.amazon.com/dp/B073V6JFZ1?tag=eloabder-20&linkCode=osi&th=1&psc=1"><img src="https://m.media-amazon.com/images/I/31Fr48bMYdL._SL500_.jpg" alt="Product Image"></a><p>Kate and Laurel Growth Chart 6.5' Wood Wall Ruler, Rustic Brown</p><p> -12% 0FF </p><p>$52.99</p><a href="https://www.amazon.com/dp/B073V6JFZ1?tag=eloabder-20&linkCode=osi&th=1&psc=1">View Product</a></div><div class="product"><a href="https://www.amazon.com/dp/B08PTVQ1W5?tag=eloabder-20&linkCode=osi&th=1&psc=1"><img src="https://m.media-amazon.com/images/I/31m1GJZxGtS._SL500_.jpg" alt="Product Image"></a><p>PandaEar Baby Height Growth Chart Ruler| Kids Boys Girls | Removable Wall Decor Measurement 79" x 7.9" (White)</p><p> -16% 0FF </p><p>$7.59</p><a href="https://www.amazon.com/dp/B08PTVQ1W5?tag=eloabder-20&linkCode=osi&th=1&psc=1">View Product</a></div><div class="product"><a href="https://www.amazon.com/dp/B08TVT93RY?tag=eloabder-20&linkCode=osi&th=1&psc=1"><img src="https://m.media-amazon.com/images/I/41kME5mTgKL._SL500_.jpg" alt="Product Image"></a><p>SUJAYU Growth Chart for Kids, Canvas Height Chart Ruler Removable Wood Hanging Wall Ruler Measurement Chart for Home Decoration (White)</p><p> -13% 0FF </p><p>$6.99</p><a href="https://www.amazon.com/dp/B08TVT93RY?tag=eloabder-20&linkCode=osi&th=1&psc=1">View Product</a></div><div class="product"><a href="https://www.amazon.com/dp/B0D2N5HN9K?tag=eloabder-20&linkCode=osi&th=1&psc=1"><img src="https://m.media-amazon.com/images/I/41rYpem0a5L._SL500_.jpg" alt="Product Image"></a><p>Growth Chart for Wall Wooden Height Chart for Kids Unicorn Castle Height Measurement for Wall Kids Height Wall Chart Kids Room Nursery Wall Decor</p><p> -19% 0FF </p><p>$21.99</p><a href="https://www.amazon.com/dp/B0D2N5HN9K?tag=eloabder-20&linkCode=osi&th=1&psc=1">View Product</a></div>
<div class="product"><a href="https://www.amazon.com/dp/B01N1PTHED?tag=eloabder-20&linkCode=osi&th=1&psc=1"><img src="https://m.media-amazon.com/images/I/31l11tL5deL._SL500_.jpg" alt="Product Image"></a><p>Natemia Baby Hair Brush - Soft Bristle Hair Brush Baby, Baby Registry Gift, Soft Baby Brush, Toddler Hair Brush for Boys & Girls, Newborn Baby Essentials, Newborn Hair Brush, Baby Wooden Brush</p><p> -28% 0FF </p><p>$12.94</p><a href="https://www.amazon.com/dp/B01N1PTHED?tag=eloabder-20&linkCode=osi&th=1&psc=1">View Product</a></div><div class="product"><a href="https://www.amazon.com/dp/B07V6VN1V8?tag=eloabder-20&linkCode=osi&th=1&psc=1"><img src="https://m.media-amazon.com/images/I/415TTdnE6ZL._SL500_.jpg" alt="Product Image"></a><p>Baby Hair Brush - Baby Brush with Soft Goat Bristles, Cradle Cap Brush, Perfect Scalp Grooming Product for Infant, Toddler, Kids, Newborns, Baby Girls, Boys (Walnut, Oval)</p><p> -32% 0FF </p><p>$12.96</p><a href="https://www.amazon.com/dp/B07V6VN1V8?tag=eloabder-20&linkCode=osi&th=1&psc=1">View Product</a></div><div class="product"><a href="https://www.amazon.com/dp/B07XPS253G?tag=eloabder-20&linkCode=osi&th=1&psc=1"><img src="https://m.media-amazon.com/images/I/41Yb4VpbnkS._SL500_.jpg" alt="Product Image"></a><p>Molylove Baby Hair Brush, Wooden Goat Bristles Hair Brush for Newborns & Toddlers, Ideal for Cradle Cap, Perfect Baby Registry Gift, Hypoallergenic, 1 Count</p><p> -33% 0FF </p><p>$5.99</p><a href="https://www.amazon.com/dp/B07XPS253G?tag=eloabder-20&linkCode=osi&th=1&psc=1">View Product</a></div><div class="product"><a href="https://www.amazon.com/dp/B0D68KKVN2?tag=eloabder-20&linkCode=osi&th=1&psc=1"><img src="https://m.media-amazon.com/images/I/41M35gnwy-L._SL500_.jpg" alt="Product Image"></a><p>ROMY RO Soft Wooden Baby Hair Brush for Newborns & Toddlers in Chic Gift Box - Ultra Soft Natural Goat Hair - Perfect Registry Gift (Goat hair brush - Oval)</p><p> -48% 0FF </p><p>$12.94</p><a href="https://www.amazon.com/dp/B0D68KKVN2?tag=eloabder-20&linkCode=osi&th=1&psc=1">View Product</a></div>
<div class="product"><a href="https://www.amazon.com/dp/B08BPD2RHF?tag=eloabder-20&linkCode=osi&th=1&psc=1"><img src="https://m.media-amazon.com/images/I/41lSftNLw1L._SL500_.jpg" alt="Product Image"></a><p>Yoocaa Car Headrest Pillow, Road Pal Headrest, Adjustable Car Seat Head Neck Support, U Shaped Car Sleeping Pillow for Kids & Adults, Only Suitable for Car Seat Headrest with Poles, Black</p><p> -9% 0FF </p><p>$29.99</p><a href="https://www.amazon.com/dp/B08BPD2RHF?tag=eloabder-20&linkCode=osi&th=1&psc=1">View Product</a></div><div class="product"><a href="https://www.amazon.com/dp/B07LF8G768?tag=eloabder-20&linkCode=osi&th=1&psc=1"><img src="https://m.media-amazon.com/images/I/21e1Tt6BFrL._SL500_.jpg" alt="Product Image"></a><p>Car Head Support Toddle Car Neck Relief Baby Child Car Seat Adjustable Head and Neck Support Band - A Comfortable Sleep Solution (Gray)</p><p> -13% 0FF </p><p>$12.99</p><a href="https://www.amazon.com/dp/B07LF8G768?tag=eloabder-20&linkCode=osi&th=1&psc=1">View Product</a></div><div class="product"><a href="https://www.amazon.com/dp/B09ZL3P26Z?tag=eloabder-20&linkCode=osi&th=1&psc=1"><img src="https://m.media-amazon.com/images/I/31zv-UP+MDL._SL500_.jpg" alt="Product Image"></a><p>Pro Goleem Car Seat Head Support Infant, Soft Infant Car Seat Insert, 2 in 1 Carseat Head Support for Newborn, Perfect for Car Seat, Stroller, Swing, Bouncer, Gray and Black</p><p> -21% 0FF </p><p>$18.99</p><a href="https://www.amazon.com/dp/B09ZL3P26Z?tag=eloabder-20&linkCode=osi&th=1&psc=1">View Product</a></div>
<div class="product"><a href="https://www.amazon.com/dp/B0CLM3ZNJ6?tag=eloabder-20&linkCode=osi&th=1&psc=1"><img src="https://m.media-amazon.com/images/I/4131cOAl1wL._SL500_.jpg" alt="Product Image"></a><p>Toddler Bath Towel Baby Bath Towels Hooded Kids Towels for Boy Girl 0-5 Year, 2-Pack Thick Absorbent Toddler Towels Hooded Baby Towels with Hood, Large 50''x32'' Baby Hooded Towel for Kids Bath Towel</p><p> -20% 0FF </p><p>$23.99</p><a href="https://www.amazon.com/dp/B0CLM3ZNJ6?tag=eloabder-20&linkCode=osi&th=1&psc=1">View Product</a></div>
<div class="product"><a href="https://www.amazon.com/dp/B094YGQNSV?tag=eloabder-20&linkCode=osi&th=1&psc=1"><img src="https://m.media-amazon.com/images/I/31BKhmVToOL._SL500_.jpg" alt="Product Image"></a><p>Westinghouse Ultrasonic Cool Mist Humidifier, 4.5L Top Filling Quiet Air Humidifier with Low Water Alarm, Adjustable Mist Humidifier for Bedrooms</p><p> -60% 0FF </p><p>$25.00</p><a href="https://www.amazon.com/dp/B094YGQNSV?tag=eloabder-20&linkCode=osi&th=1&psc=1">View Product</a></div><div class="product"><a href="https://www.amazon.com/dp/B000056HL5?tag=eloabder-20&linkCode=osi&th=1&psc=1"><img src="https://m.media-amazon.com/images/I/41ad8kyAgJL._SL500_.jpg" alt="Product Image"></a><p>Vicks Ultrasonic Humidifier Cool Mist Humidifier to Help Relieve Cold and Flu Symptoms</p><p> -27% 0FF </p><p>$44.00</p><a href="https://www.amazon.com/dp/B000056HL5?tag=eloabder-20&linkCode=osi&th=1&psc=1">View Product</a></div><div class="product"><a href="https://www.amazon.com/dp/B000GWJD0A?tag=eloabder-20&linkCode=osi&th=1&psc=1"><img src="https://m.media-amazon.com/images/I/3124anf96JL._SL500_.jpg" alt="Product Image"></a><p>Crane Adorables Ultrasonic Humidifiers for Bedroom and Baby Nursery, 1 Gallon Cool Mist Air Humidifier for Large Room or Kid's Room, Humidifier Filters Optional, Penguin</p><p> -28% 0FF </p><p>$43.20</p><a href="https://www.amazon.com/dp/B000GWJD0A?tag=eloabder-20&linkCode=osi&th=1&psc=1">View Product</a></div><div class="product"><a href="https://www.amazon.com/dp/B06XP1GMDY?tag=eloabder-20&linkCode=osi&th=1&psc=1"><img src="https://m.media-amazon.com/images/I/31g-+ypTSrL._SL500_.jpg" alt="Product Image"></a><p>Babymoov Hygro Plus Cool Mist Humidifier 3-in-1 Humidity Control, Multicolored Night Light & Essential Oil Diffuser Easy Use and Care-Blue(NO Filter Needed)</p><p> -22% 0FF </p><p>$69.99</p><a href="https://www.amazon.com/dp/B06XP1GMDY?tag=eloabder-20&linkCode=osi&th=1&psc=1">View Product</a></div><div class="product"><a href="https://www.amazon.com/dp/B009COIFAC?tag=eloabder-20&linkCode=osi&th=1&psc=1"><img src="https://m.media-amazon.com/images/I/415IUpVHxDL._SL500_.jpg" alt="Product Image"></a><p>Guardian Technologies Pure Guardian H920BL Ultrasonic Cool Mist Humidifier, 10 Hrs. Run Time, 210 Sq. Ft. Coverage, Small Rooms, Quiet, Filter Free, Treated Tank Resists</p><p> -50% 0FF </p><p>$19.99</p><a href="https://www.amazon.com/dp/B009COIFAC?tag=eloabder-20&linkCode=osi&th=1&psc=1">View Product</a></div>
<div class="product"><a href="https://www.amazon.com/dp/B08847QPWV?tag=eloabder-20&linkCode=osi&th=1&psc=1"><img src="https://m.media-amazon.com/images/I/41I9zGsqR2L._SL500_.jpg" alt="Product Image"></a><p>Graco SnugFit 35 Infant Car Seat with Simply Safe Adjust Harness System | Baby Car Seat with Anti Rebound Bar, Gotham</p><p> -30% 0FF </p><p>$118.99</p><a href="https://www.amazon.com/dp/B08847QPWV?tag=eloabder-20&linkCode=osi&th=1&psc=1">View Product</a></div>
<div class="product"><a href="https://www.amazon.com/dp/B09DLGM21Q?tag=eloabder-20&linkCode=osi&th=1&psc=1"><img src="https://m.media-amazon.com/images/I/4161UIlOUcL._SL500_.jpg" alt="Product Image"></a><p>Fisher-Price Portable Baby Chair Sit-Me-Up Floor Seat with Developmental Toys & Machine Washable Seat Pad, Rainbow Sprinkles</p><p> -6% 0FF </p><p>$40.49</p><a href="https://www.amazon.com/dp/B09DLGM21Q?tag=eloabder-20&linkCode=osi&th=1&psc=1">View Product</a></div><div class="product"><a href="https://www.amazon.com/dp/B0C2V717QN?tag=eloabder-20&linkCode=osi&th=1&psc=1"><img src="https://m.media-amazon.com/images/I/413QFmg9NwL._SL500_.jpg" alt="Product Image"></a><p>EKEPE Inflatable Baby Seat for Babies 3 Months & Up, Baby Floor Seats for Sitting Up, Baby Seats for Infants, Blow Up Baby Chair with Built in Air Pump - Bear</p><p> -20% 0FF </p><p>$21.59</p><a href="https://www.amazon.com/dp/B0C2V717QN?tag=eloabder-20&linkCode=osi&th=1&psc=1">View Product</a></div>

<div class="product"><a href="https://www.amazon.com/dp/B01M6YVW7B?tag=eloabder-20&linkCode=osi&th=1&psc=1"><img src="https://m.media-amazon.com/images/I/41HXEU0eLLL._SL500_.jpg" alt="Product Image"></a><p>Angelcare Baby Bath Support (Gray) | Ideal for Babies Less Than 6 Months Old</p><p> -33% 0FF </p><p>$19.99</p><a href="https://www.amazon.com/dp/B01M6YVW7B?tag=eloabder-20&linkCode=osi&th=1&psc=1">View Product</a></div><div class="product"><a href="https://www.amazon.com/dp/B0D9JLFDWL?tag=eloabder-20&linkCode=osi&th=1&psc=1"><img src="https://m.media-amazon.com/images/I/41t4fYIsNiL._SL500_.jpg" alt="Product Image"></a><p>GloTika Foldable Baby Bathtub Support, Ergonomic Mesh Infant Bathtub, Portable Baby Bath Tub for Newborn Babies 0-6 Months, Grey</p><p> -31% 0FF </p><p>$19.99</p><a href="https://www.amazon.com/dp/B0D9JLFDWL?tag=eloabder-20&linkCode=osi&th=1&psc=1">View Product</a></div><div class="product"><a href="https://www.amazon.com/dp/B000XW65SG?tag=eloabder-20&linkCode=osi&th=1&psc=1"><img src="https://m.media-amazon.com/images/I/41Nyw2TWaWL._SL500_.jpg" alt="Product Image"></a><p>The First Years Newborn to Toddler Baby Bath Tub - Convertible 3-in-1 Baby Tub with Removable Sling - Ages 0 to 24 Months - Sure Comfort - Pink</p><p> -37% 0FF </p><p>$22.00</p><a href="https://www.amazon.com/dp/B000XW65SG?tag=eloabder-20&linkCode=osi&th=1&psc=1">View Product</a></div><div class="product"><a href="https://www.amazon.com/dp/B0CGD46P4F?tag=eloabder-20&linkCode=osi&th=1&psc=1"><img src="https://m.media-amazon.com/images/I/41lNJLni9PL._SL500_.jpg" alt="Product Image"></a><p>AVIDOR Baby Bathtub,Collapsible Bathtub for Newborn to Toddler,Durable Essential Infant Bath Tub,Portable Travel Baby Bathtub with Soft Cushion,No-Slip Hanging and Detachable Bathtub,Green</p><p> -18% 0FF </p><p>$32.99</p><a href="https://www.amazon.com/dp/B0CGD46P4F?tag=eloabder-20&linkCode=osi&th=1&psc=1">View Product</a></div>
<div class="product"><a href="https://www.amazon.com/dp/B0CKWN7R3N?tag=eloabder-20&linkCode=osi&th=1&psc=1"><img src="https://m.media-amazon.com/images/I/31Z12rMqZ6L._SL500_.jpg" alt="Product Image"></a><p>Itzy Ritzy Insulated Bottle Bag – Keeps Bottles Warm or Cool - Holds 3 Bottles & Features Interior Pocket for Ice Pack (Not Included), Milk & Honey</p><p> -29% 0FF </p><p>$24.99</p><a href="https://www.amazon.com/dp/B0CKWN7R3N?tag=eloabder-20&linkCode=osi&th=1&psc=1">View Product</a></div>
<div class="product"><a href="https://www.amazon.com/dp/B002GKC4AG?tag=eloabder-20&linkCode=osi&th=1&psc=1"><img src="https://m.media-amazon.com/images/I/4195Qc9-38L._SL500_.jpg" alt="Product Image"></a><p>My Brest Friend Professional Nursing Pillow | Ergonomic Breastfeeding Pillows | Ideal for Lactation Consultants, NICUs & More | Breastfeeding Essentials | Handy Side Pocket & Easily Wipes Clean, Blue</p><p> -6% 0FF </p><p>$51.50</p><a href="https://www.amazon.com/dp/B002GKC4AG?tag=eloabder-20&linkCode=osi&th=1&psc=1">View Product</a></div><div class="product"><a href="https://www.amazon.com/dp/B0BT6TTHK6?tag=eloabder-20&linkCode=osi&th=1&psc=1"><img src="https://m.media-amazon.com/images/I/51GP+4wNoZL._SL500_.jpg" alt="Product Image"></a><p>Boppy Nursing Pillow Best Latch, Mocha Half Domes, Created with Lactation Consultant, Firm Contoured and Plush Sides for Two Breastfeeding Options, Padded Belt, Plus Sized to Petite, Machine Washable</p><p> -20% 0FF </p><p>$40.00</p><a href="https://www.amazon.com/dp/B0BT6TTHK6?tag=eloabder-20&linkCode=osi&th=1&psc=1">View Product</a></div>
<div class="product"><a href="https://www.amazon.com/dp/B01GGLV4V0?tag=eloabder-20&linkCode=osi&th=1&psc=1"><img src="https://m.media-amazon.com/images/I/41KKABFTw+L._SL500_.jpg" alt="Product Image"></a><p>Zote Pink Soap Pack of 3 Total 7 oz</p><p> -10% 0FF </p><p>$6.30</p><a href="https://www.amazon.com/dp/B01GGLV4V0?tag=eloabder-20&linkCode=osi&th=1&psc=1">View Product</a></div><div class="product"><a href="https://www.amazon.com/dp/B08MPWSBRR?tag=eloabder-20&linkCode=osi&th=1&psc=1"><img src="https://m.media-amazon.com/images/I/31gvg0Il4bL._SL500_.jpg" alt="Product Image"></a><p>Grangers Down Wash/Detergent for Down Insulated Clothing, Sleeping Bags and Bedding (12 Washes), 10 oz</p><p> -6% 0FF </p><p>$13.45 ($1.34 / Fl Oz)</p><a href="https://www.amazon.com/dp/B08MPWSBRR?tag=eloabder-20&linkCode=osi&th=1&psc=1">View Product</a></div><div class="product"><a href="https://www.amazon.com/dp/B08Y9691J6?tag=eloabder-20&linkCode=osi&th=1&psc=1"><img src="https://m.media-amazon.com/images/I/31wqAyGiS-L._SL500_.jpg" alt="Product Image"></a><p>WHOLENATURALS Pure Castile Soap Liquid, EWG Verified & Certified Palm Oil Free Unscented, Natural, Mild & Gentle Non-gmo & Vegan - Organic Body Wash, Laundry, and Baby Soap - 64 Fl Oz</p><p> -17% 0FF </p><p>$28.89 ($0.45 / Fl Oz)</p><a href="https://www.amazon.com/dp/B08Y9691J6?tag=eloabder-20&linkCode=osi&th=1&psc=1">View Product</a></div>
<div class="product"><a href="https://www.amazon.com/dp/B01JK164JU?tag=eloabder-20&linkCode=osi&th=1&psc=1"><img src="https://m.media-amazon.com/images/I/31tGM0o-n7L._SL500_.jpg" alt="Product Image"></a><p>The Honest Company Hydrating Face + Body Lotion | Fast Absorbing, Naturally Derived, Hypoallergenic | Lavender Calm, 8.5 fl oz</p><p> -8% 0FF </p><p>$10.99 ($1.29 / Fl Oz)</p><a href="https://www.amazon.com/dp/B01JK164JU?tag=eloabder-20&linkCode=osi&th=1&psc=1">View Product</a></div><div class="product"><a href="https://www.amazon.com/dp/B0018CK3VK?tag=eloabder-20&linkCode=osi&th=1&psc=1"><img src="https://m.media-amazon.com/images/I/41+wBu0geAL._SL500_.jpg" alt="Product Image"></a><p>Avalon Organics Hand & Body Lotion, Aloe Unscented, 32 Oz</p><p> -12% 0FF </p><p>$17.19 ($0.54 / Ounce)</p><a href="https://www.amazon.com/dp/B0018CK3VK?tag=eloabder-20&linkCode=osi&th=1&psc=1">View Product</a></div><div class="product"><a href="https://www.amazon.com/dp/B0013DIZL4?tag=eloabder-20&linkCode=osi&th=1&psc=1"><img src="https://m.media-amazon.com/images/I/31bPmcqX7+L._SL500_.jpg" alt="Product Image"></a><p>Lubriderm Intense Dry Skin Repair Lotion + Pro-Ceramide with Vitamin E & Minerals Helps to Repair Rough, Dry Skin, Fast Absorbing Lotion is Fragrance-Free and Non-Greasy, 16 fl. oz</p><p> -24% 0FF </p><p>$9.34 ($0.58 / Fl Oz)</p><a href="https://www.amazon.com/dp/B0013DIZL4?tag=eloabder-20&linkCode=osi&th=1&psc=1">View Product</a></div>
<div class="product"><a href="https://www.amazon.com/dp/B0BPHJN972?tag=eloabder-20&linkCode=osi&th=1&psc=1"><img src="https://m.media-amazon.com/images/I/41np1V18sQL._SL500_.jpg" alt="Product Image"></a><p>Pro Goleem Loveys for Babies - Soft Security Blanket Baby Snuggle Toy Newborn Stuffed Animals Baby Gifts for Boys and Girls, Lion 16 Inch</p><p> -37% 0FF </p><p>$9.48</p><a href="https://www.amazon.com/dp/B0BPHJN972?tag=eloabder-20&linkCode=osi&th=1&psc=1">View Product</a></div><div class="product"><a href="https://www.amazon.com/dp/B01MRVHKP1?tag=eloabder-20&linkCode=osi&th=1&psc=1"><img src="https://m.media-amazon.com/images/I/5183CyG7XSL._SL500_.jpg" alt="Product Image"></a><p>Mary Meyer Putty Nursery Character Blanket, Hound Dog, 1 Pack</p><p> -9% 0FF </p><p>$19.96</p><a href="https://www.amazon.com/dp/B01MRVHKP1?tag=eloabder-20&linkCode=osi&th=1&psc=1">View Product</a></div><div class="product"><a href="https://www.amazon.com/dp/B00PKP4JUM?tag=eloabder-20&linkCode=osi&th=1&psc=1"><img src="https://m.media-amazon.com/images/I/41OzmBpx8bL._SL500_.jpg" alt="Product Image"></a><p>Mary Meyer Lovey Soft Toy, 13-Inches, Oatmeal Bunny</p><p> -14% 0FF </p><p>$17.96</p><a href="https://www.amazon.com/dp/B00PKP4JUM?tag=eloabder-20&linkCode=osi&th=1&psc=1">View Product</a></div><div class="product"><a href="https://www.amazon.com/dp/B08PP8S8KZ?tag=eloabder-20&linkCode=osi&th=1&psc=1"><img src="https://m.media-amazon.com/images/I/41kmsE51naL._SL500_.jpg" alt="Product Image"></a><p>Pro Goleem Dog Security Blanket Brown Soft Puppy Lovey for Boys and Girls Unisex Lovie Baby Gifts for Toddler and Infant Snuggle Toy Stuffed Animal 16 Inch</p><p> -25% 0FF </p><p>$14.99</p><a href="https://www.amazon.com/dp/B08PP8S8KZ?tag=eloabder-20&linkCode=osi&th=1&psc=1">View Product</a></div><div class="product"><a href="https://www.amazon.com/dp/B08SZD1XXG?tag=eloabder-20&linkCode=osi&th=1&psc=1"><img src="https://m.media-amazon.com/images/I/41M7mPD9ieL._SL500_.jpg" alt="Product Image"></a><p>Itzy Ritzy - Itzy Lovey Including Teether - Baby Lovey with Teether, Textured Ribbons & Dangle Arms - Features Crinkle Sound, Sherpa Fabric and Minky Plush (Sloth)</p><p> -31% 0FF </p><p>$8.90</p><a href="https://www.amazon.com/dp/B08SZD1XXG?tag=eloabder-20&linkCode=osi&th=1&psc=1">View Product</a></div>
<div class="product"><a href="https://www.amazon.com/dp/B0B5Z89FZW?tag=eloabder-20&linkCode=osi&th=1&psc=1"><img src="https://m.media-amazon.com/images/I/31HOhMzLqbL._SL500_.jpg" alt="Product Image"></a><p>Yoofoss Waterproof Crib Mattress Protector 2 Pack, Quilted Crib Mattress Pad Cover Ultra Soft and Breathable, Machine Washable Toddler Mattress Protector for Standard Baby Crib Size 52''x28''</p><p> -17% 0FF </p><p>$19.99</p><a href="https://www.amazon.com/dp/B0B5Z89FZW?tag=eloabder-20&linkCode=osi&th=1&psc=1">View Product</a></div><div class="product"><a href="https://www.amazon.com/dp/B0CFG4G839?tag=eloabder-20&linkCode=osi&th=1&psc=1"><img src="https://m.media-amazon.com/images/I/41tYoYajqyL._SL500_.jpg" alt="Product Image"></a><p>SafeRest Sleepure 100% Waterproof Crib Size Mattress Protector - Viscose Derived from Bamboo - Fitted with Stretchable Pockets - Machine Washable Cotton Mattress Cover for Bed</p><p> -40% 0FF </p><p>$20.99</p><a href="https://www.amazon.com/dp/B0CFG4G839?tag=eloabder-20&linkCode=osi&th=1&psc=1">View Product</a></div><div class="product"><a href="https://www.amazon.com/dp/B09B1NNPP9?tag=eloabder-20&linkCode=osi&th=1&psc=1"><img src="https://m.media-amazon.com/images/I/31P+e7ESa8L._SL500_.jpg" alt="Product Image"></a><p>Bassinet Mattress Pad Cover 2 Pack Quilted Bassinet Mattress Protector Waterproof Bassinet Sheets (32"x17") for Boys & Girls, Fit for Hourglass/Oval Bassinet Mattress, White</p><p> -15% 0FF </p><p>$14.23</p><a href="https://www.amazon.com/dp/B09B1NNPP9?tag=eloabder-20&linkCode=osi&th=1&psc=1">View Product</a></div>
<div class="product"><a href="https://www.amazon.com/dp/B07WW1CT4W?tag=eloabder-20&linkCode=osi&th=1&psc=1"><img src="https://m.media-amazon.com/images/I/51jnxJGkipL._SL500_.jpg" alt="Product Image"></a><p>Luka&Lily Month Milestone Blanket- 60"x40" for Baby Boys - First Year Calendar Monthly Growth Chart, Moon - Shower Gifts</p><p> -14% 0FF </p><p>$29.99</p><a href="https://www.amazon.com/dp/B07WW1CT4W?tag=eloabder-20&linkCode=osi&th=1&psc=1">View Product</a></div><div class="product"><a href="https://www.amazon.com/dp/B07BNBTGHD?tag=eloabder-20&linkCode=osi&th=1&psc=1"><img src="https://m.media-amazon.com/images/I/4143Q79bsYL._SL500_.jpg" alt="Product Image"></a><p>Organic Baby Monthly Milestone Blanket Boy or Girl - Months Blanket with Wood Frame and Newborn Announcement Disc - Growth Chart Milestone Blanket Neutral, 1-12 Month Milestones, 47”x47”</p><p> -21% 0FF </p><p>$25.99</p><a href="https://www.amazon.com/dp/B07BNBTGHD?tag=eloabder-20&linkCode=osi&th=1&psc=1">View Product</a></div><div class="product"><a href="https://www.amazon.com/dp/B07SW75W4Q?tag=eloabder-20&linkCode=osi&th=1&psc=1"><img src="https://m.media-amazon.com/images/I/41JMlZBEbQL._SL500_.jpg" alt="Product Image"></a><p>Kate & Milo Baby Monthly Milestone Blanket, Infant Milestone Markers, Newborn Photoshoot Photo Props, Baby Girl or Baby Boy Gift, Large Blanket</p><p> -19% 0FF </p><p>$12.21</p><a href="https://www.amazon.com/dp/B07SW75W4Q?tag=eloabder-20&linkCode=osi&th=1&psc=1">View Product</a></div><div class="product"><a href="https://www.amazon.com/dp/B0986S52N1?tag=eloabder-20&linkCode=osi&th=1&psc=1"><img src="https://m.media-amazon.com/images/I/51v8Yn1ycsL._SL500_.jpg" alt="Product Image"></a><p>Popfavors, Yuzioey Safari Baby Monthly Milestone Blanket, Jungle Animals Baby Month Blanket , Baby Boy Blanket Growth Chart Nursery Decor, Includes Marker, White, 50Inx40In</p><p> -5% 0FF </p><p>$18.99</p><a href="https://www.amazon.com/dp/B0986S52N1?tag=eloabder-20&linkCode=osi&th=1&psc=1">View Product</a></div><div class="product"><a href="https://www.amazon.com/dp/B0CX9W8SND?tag=eloabder-20&linkCode=osi&th=1&psc=1"><img src="https://m.media-amazon.com/images/I/41r8vCzGa2L._SL500_.jpg" alt="Product Image"></a><p>Pearhead Hello World Milestone Blanket and Prop, Baby Monthly Milestone Updates, Growth Blanket with Photo Posing Props, Ideal Mother's Day Gift, Perfect Newborn Gift and Nursery Decor</p><p> -6% 0FF </p><p>$18.79</p><a href="https://www.amazon.com/dp/B0CX9W8SND?tag=eloabder-20&linkCode=osi&th=1&psc=1">View Product</a></div><div class="product"><a href="https://www.amazon.com/dp/B07JKN43H6?tag=eloabder-20&linkCode=osi&th=1&psc=1"><img src="https://m.media-amazon.com/images/I/511MIyg00lL._SL500_.jpg" alt="Product Image"></a><p>Bliss n' Baby Monthly Milestone Blanket for Baby Girl - 60"x40" - Wrinkle Free Baby Age Month Blanket with Growth Chart - Washable & Dryable - w/Wreath & Headband - Floral Theme</p><p> -14% 0FF </p><p>$23.99</p><a href="https://www.amazon.com/dp/B07JKN43H6?tag=eloabder-20&linkCode=osi&th=1&psc=1">View Product</a></div>
<div class="product"><a href="https://www.amazon.com/dp/B001E1JKFU?tag=eloabder-20&linkCode=osi&th=1&psc=1"><img src="https://m.media-amazon.com/images/I/41JBWVeh+QL._SL500_.jpg" alt="Product Image"></a><p>Stansport Mosquito Netting Small (705)</p><p> -39% 0FF </p><p>$16.33</p><a href="https://www.amazon.com/dp/B001E1JKFU?tag=eloabder-20&linkCode=osi&th=1&psc=1">View Product</a></div><div class="product"><a href="https://www.amazon.com/dp/B0BV2RNTR7?tag=eloabder-20&linkCode=osi&th=1&psc=1"><img src="https://m.media-amazon.com/images/I/51-iyQhcHsL._SL500_.jpg" alt="Product Image"></a><p>Mosquito Net for Bed,Large Mosquito Netting Tent Canopy for Beds,Folding Portable Design Travel POP UP Mosquito Netting for Bed,L80*W72*H60inch Queen King Size Mosquito Net</p><p> -14% 0FF </p><p>$31.99</p><a href="https://www.amazon.com/dp/B0BV2RNTR7?tag=eloabder-20&linkCode=osi&th=1&psc=1">View Product</a></div><div class="product"><a href="https://www.amazon.com/dp/B0D8HLQJ5G?tag=eloabder-20&linkCode=osi&th=1&psc=1"><img src="https://m.media-amazon.com/images/I/31hFeMp1LQL._SL500_.jpg" alt="Product Image"></a><p>77 * 30 * 23 Inch Large Pop Up Mosquito Tent, Portable Foldable Mosquito Net for Bed Camping Travel Patio</p><p> -6% 0FF </p><p>$29.99</p><a href="https://www.amazon.com/dp/B0D8HLQJ5G?tag=eloabder-20&linkCode=osi&th=1&psc=1">View Product</a></div><div class="product"><a href="https://www.amazon.com/dp/B0C2YQKF71?tag=eloabder-20&linkCode=osi&th=1&psc=1"><img src="https://m.media-amazon.com/images/I/41yDl7W2ZNL._SL500_.jpg" alt="Product Image"></a><p>Portable Mosquito Net Tent, Folding Mosquito Head Net, Pop Up Mosquito Tent Netting for Bedding Camping Traveling Patio (1 Pack, Large)</p><p> -20% 0FF </p><p>$15.99</p><a href="https://www.amazon.com/dp/B0C2YQKF71?tag=eloabder-20&linkCode=osi&th=1&psc=1">View Product</a></div>
<div class="product"><a href="https://www.amazon.com/dp/B0CL9SJ88Z?tag=eloabder-20&linkCode=osi&th=1&psc=1"><img src="https://m.media-amazon.com/images/I/41iQwRq8cBL._SL500_.jpg" alt="Product Image"></a><p>Muslin Swaddle Blankets for Newborn, 3 Pack Breathable Soft Receiving Blanket, Large 38 x 40 inches Swaddle Wrap Burping Clothes, Essentials Infant Shower Items, Toddler Gift (Bright Colors)</p><p> -5% 0FF </p><p>$18.99</p><a href="https://www.amazon.com/dp/B0CL9SJ88Z?tag=eloabder-20&linkCode=osi&th=1&psc=1">View Product</a></div><div class="product"><a href="https://www.amazon.com/dp/B0C6GP7NXF?tag=eloabder-20&linkCode=osi&th=1&psc=1"><img src="https://m.media-amazon.com/images/I/51vjlWRLQjL._SL500_.jpg" alt="Product Image"></a><p>Konssy 2 Pack Muslin Swaddle Blankets for Baby Boys Girls, Receiving Blanket Large 47 x 47 inches, Soft Breathable Muslin Baby Blanket for Unisex Newborn(Pink, Floral)</p><p> -19% 0FF </p><p>$21.99 ($11.00 / Count)</p><a href="https://www.amazon.com/dp/B0C6GP7NXF?tag=eloabder-20&linkCode=osi&th=1&psc=1">View Product</a></div>
<div class="product"><a href="https://www.amazon.com/dp/B0B8TCTXBV?tag=eloabder-20&linkCode=osi&th=1&psc=1"><img src="https://m.media-amazon.com/images/I/41j61T25VcL._SL500_.jpg" alt="Product Image"></a><p>aden + anais Essentials Swaddle Blanket, Boutique Muslin Blankets for Girls & Boys, Baby Receiving Swaddles, Ideal Newborn & Infant Swaddling Set, Perfect Shower Gifts, 4 Pack, Alphabet Animals</p><p> -29% 0FF </p><p>$28.49</p><a href="https://www.amazon.com/dp/B0B8TCTXBV?tag=eloabder-20&linkCode=osi&th=1&psc=1">View Product</a></div>
<div class="product"><a href="https://www.amazon.com/dp/B0D475YDF5?tag=eloabder-20&linkCode=osi&th=1&psc=1"><img src="https://m.media-amazon.com/images/I/31TAYPOHywL._SL500_.jpg" alt="Product Image"></a><p>Electric Nail Clipper with Nail File, 2 in 1 Rechargeable & Gentle Nail Trimmer with LED Light for Baby and Seniors</p><p> -37% 0FF </p><p>$12.00 ($1.13 / Ounce)</p><a href="https://www.amazon.com/dp/B0D475YDF5?tag=eloabder-20&linkCode=osi&th=1&psc=1">View Product</a></div><div class="product"><a href="https://www.amazon.com/dp/B0D6BCSLNQ?tag=eloabder-20&linkCode=osi&th=1&psc=1"><img src="https://m.media-amazon.com/images/I/413w5b8GCzL._SL500_.jpg" alt="Product Image"></a><p>Automatic Nail Clipper, 2 in-1 Electric Nail Clipper and Nail Polisher, Electric Baby Nail Clippers with Light,USB Rechargeable Suitable for Babies,Women Manicure,Kids, Adults and Seniors（Orange）</p><p> -23% 0FF </p><p>$16.99</p><a href="https://www.amazon.com/dp/B0D6BCSLNQ?tag=eloabder-20&linkCode=osi&th=1&psc=1">View Product</a></div>

<div class="product"><a href="https://www.amazon.com/dp/B0037SEU7Q?tag=eloabder-20&linkCode=osi&th=1&psc=1"><img src="https://m.media-amazon.com/images/I/41yN94m-XlL._SL500_.jpg" alt="Product Image"></a><p>Bepanthen Nappy Care Ointment 5 Percent, 30 g</p><p> -13% 0FF </p><p>$6.79 ($6.47 / Ounce)</p><a href="https://www.amazon.com/dp/B0037SEU7Q?tag=eloabder-20&linkCode=osi&th=1&psc=1">View Product</a></div><div class="product"><a href="https://www.amazon.com/dp/B0BTTT6VW2?tag=eloabder-20&linkCode=osi&th=1&psc=1"><img src="https://m.media-amazon.com/images/I/41cBqj0Z9tL._SL500_.jpg" alt="Product Image"></a><p>Weleda Baby Calendula Diaper Cream, 2.8 Fluid Ounce (Pack of 3), Plant Rich Protection with Calendula, Chamomile, Sweet Almond Oil, Lanolin and Zinc Oxide</p><p> -13% 0FF </p><p>$32.29 ($3.84 / Fl Oz)</p><a href="https://www.amazon.com/dp/B0BTTT6VW2?tag=eloabder-20&linkCode=osi&th=1&psc=1">View Product</a></div><div class="product"><a href="https://www.amazon.com/dp/B074YXP676?tag=eloabder-20&linkCode=osi&th=1&psc=1"><img src="https://m.media-amazon.com/images/I/41y8VvUNCLL._SL500_.jpg" alt="Product Image"></a><p>Nappy Styles Napping Creme Paste</p><p> -12% 0FF </p><p>$14.36 ($1.80 / Ounce)</p><a href="https://www.amazon.com/dp/B074YXP676?tag=eloabder-20&linkCode=osi&th=1&psc=1">View Product</a></div>
<div class="product"><a href="https://www.amazon.com/dp/B00821FLSU?tag=eloabder-20&linkCode=osi&th=1&psc=1"><img src="https://m.media-amazon.com/images/I/31MQYDa7dYL._SL500_.jpg" alt="Product Image"></a><p>Ubbi Steel Diaper Pail, Odor Locking, No Special Bag Required, Award-Winning, Registry Must-Have, Gray</p><p> -12% 0FF </p><p>$69.99</p><a href="https://www.amazon.com/dp/B00821FLSU?tag=eloabder-20&linkCode=osi&th=1&psc=1">View Product</a></div><div class="product"><a href="https://www.amazon.com/dp/B0CNS2FRMZ?tag=eloabder-20&linkCode=osi&th=1&psc=1"><img src="https://m.media-amazon.com/images/I/31O+tXnLaXL._SL500_.jpg" alt="Product Image"></a><p>Diaper Genie Select Pail is Made of Durable Stainless Steel and Includes 1 Starter Square Refill That can Hold up to 165 Newborn-Sized Diapers.</p><p> -20% 0FF </p><p>$35.99</p><a href="https://www.amazon.com/dp/B0CNS2FRMZ?tag=eloabder-20&linkCode=osi&th=1&psc=1">View Product</a></div><div class="product"><a href="https://www.amazon.com/dp/B08XNVW9TW?tag=eloabder-20&linkCode=osi&th=1&psc=1"><img src="https://m.media-amazon.com/images/I/41U7mL6nXRL._SL500_.jpg" alt="Product Image"></a><p>Sassy 250 Count Disposable Diaper Sacks, Lavender Scented, Easy-To-Tie, Diaper Disposal or Pet Waste Bags</p><p> -11% 0FF </p><p>$9.80</p><a href="https://www.amazon.com/dp/B08XNVW9TW?tag=eloabder-20&linkCode=osi&th=1&psc=1">View Product</a></div>


<div class="product"><a href="https://www.amazon.com/dp/B0CTKK5YY5?tag=eloabder-20&linkCode=osi&th=1&psc=1"><img src="https://m.media-amazon.com/images/I/31OhvT5rWmL._SL500_.jpg" alt="Product Image"></a><p>Koalababy Large Flow Electric Nasal Aspirator, Newest Baby Nose Sucker, Nose Cleaner for Toddlers with 3 Suction Levels, Soothing Music and Light, Space Gray</p><p> -33% 0FF </p><p>$29.99</p><a href="https://www.amazon.com/dp/B0CTKK5YY5?tag=eloabder-20&linkCode=osi&th=1&psc=1">View Product</a></div>
<div class="product"><a href="https://www.amazon.com/dp/B07GG1R9WC?tag=eloabder-20&linkCode=osi&th=1&psc=1"><img src="https://m.media-amazon.com/images/I/31T-p4V5gsL._SL500_.jpg" alt="Product Image"></a><p>Gerber Unisex Baby Multi-Pack Long-Sleeve Onesies Bodysuit Mitten Cuff Sizes 6-Pack Mitten Cuff Newborn</p><p> -12% 0FF </p><p>$15.81</p><a href="https://www.amazon.com/dp/B07GG1R9WC?tag=eloabder-20&linkCode=osi&th=1&psc=1">View Product</a></div><div class="product"><a href="https://www.amazon.com/dp/B0BVMXF1DJ?tag=eloabder-20&linkCode=osi&th=1&psc=1"><img src="https://m.media-amazon.com/images/I/31aJYRwZ+-L._SL500_.jpg" alt="Product Image"></a><p>HonestBaby Baby Boys 3-pack Organic Cotton Long Sleeve Side-snap Kimono Bodysuits And Toddler T-Shirt Set, Honestly Pure White, Newborn US</p><p> -63% 0FF </p><p>$11.19</p><a href="https://www.amazon.com/dp/B0BVMXF1DJ?tag=eloabder-20&linkCode=osi&th=1&psc=1">View Product</a></div>
<div class="product"><a href="https://www.amazon.com/dp/B01N47M3V0?tag=eloabder-20&linkCode=osi&th=1&psc=1"><img src="https://m.media-amazon.com/images/I/31WVThyEEcL._SL500_.jpg" alt="Product Image"></a><p>Uigos LED Night Light Lamp with Smart Sensor Dusk to Dawn Sensor, Daylight White, 0.5W Plug-in, 6-Pack</p><p> -23% 0FF </p><p>$9.99</p><a href="https://www.amazon.com/dp/B01N47M3V0?tag=eloabder-20&linkCode=osi&th=1&psc=1">View Product</a></div><div class="product"><a href="https://www.amazon.com/dp/B09B1B6J9S?tag=eloabder-20&linkCode=osi&th=1&psc=1"><img src="https://m.media-amazon.com/images/I/11rEGPdWq7L._SL500_.jpg" alt="Product Image"></a><p>Anico EASZZZ Baby Night Light, Nursery Night Lamp for Breastfeeding, Soft BPA Free Silicone Touch Night Lamp, Eye Caring, Easy Flip Design, Stepless Dimming, 1-Pack</p><p> -25% 0FF </p><p>$29.99</p><a href="https://www.amazon.com/dp/B09B1B6J9S?tag=eloabder-20&linkCode=osi&th=1&psc=1">View Product</a></div><div class="product"><a href="https://www.amazon.com/dp/B097YP171M?tag=eloabder-20&linkCode=osi&th=1&psc=1"><img src="https://m.media-amazon.com/images/I/21jYMKqhB3L._SL500_.jpg" alt="Product Image"></a><p>JolyWell Night Light for Kids, Egg Light for Nursery with 7 RGB Colors Changeable & Stepless Dimming, Rechargeable Tap Light with 1h Timer & Touch Control, Portable Night Light for Babies BPA Free</p><p> -14% 0FF </p><p>$25.99</p><a href="https://www.amazon.com/dp/B097YP171M?tag=eloabder-20&linkCode=osi&th=1&psc=1">View Product</a></div><div class="product"><a href="https://www.amazon.com/dp/B077X48B8Q?tag=eloabder-20&linkCode=osi&th=1&psc=1"><img src="https://m.media-amazon.com/images/I/31TiV9umK-L._SL500_.jpg" alt="Product Image"></a><p>REMINDA 4 Pack Night Light Lamp with Dusk to Dawn Sensor, Plug in, Blue Led Night Light</p><p> -19% 0FF </p><p>$12.99</p><a href="https://www.amazon.com/dp/B077X48B8Q?tag=eloabder-20&linkCode=osi&th=1&psc=1">View Product</a></div>
<div class="product"><a href="https://www.amazon.com/dp/B005MI648C?tag=eloabder-20&linkCode=osi&th=1&psc=1"><img src="https://m.media-amazon.com/images/I/41IsNMYojbL._SL500_.jpg" alt="Product Image"></a><p>Lansinoh Lanolin Nipple Cream Safe for Breastfeeding Baby, 100% Natural Nipple Butter for Mom, Breastfeeding Essentials, 1.41 Ounces</p><p> -17% 0FF </p><p>$8.99 ($6.38 / Ounce)</p><a href="https://www.amazon.com/dp/B005MI648C?tag=eloabder-20&linkCode=osi&th=1&psc=1">View Product</a></div><div class="product"><a href="https://www.amazon.com/dp/B000JVCBBG?tag=eloabder-20&linkCode=osi&th=1&psc=1"><img src="https://m.media-amazon.com/images/I/41TljzHSgHL._SL500_.jpg" alt="Product Image"></a><p>Earth Mama Organic Nipple Butter™ | Nipple Cream Safe for Breastfeeding | Postpartum Essentials for Nursing | Non Lanolin Nipple Cream, 2-Fluid Ounce</p><p> -7% 0FF </p><p>$13.99 ($7.00 / Fl Oz)</p><a href="https://www.amazon.com/dp/B000JVCBBG?tag=eloabder-20&linkCode=osi&th=1&psc=1">View Product</a></div><div class="product"><a href="https://www.amazon.com/dp/B08L68WR4B?tag=eloabder-20&linkCode=osi&th=1&psc=1"><img src="https://m.media-amazon.com/images/I/41qRTIl9vqL._SL500_.jpg" alt="Product Image"></a><p>Medela Purelan Lanolin Nipple Cream for Breastfeeding, 100% All Natural Single Ingredient, Hypoallergenic, Soothing Protection, Safe for Nursing Mom and Baby, 1.3 Ounce Tube</p><p> -29% 0FF </p><p>$7.37</p><a href="https://www.amazon.com/dp/B08L68WR4B?tag=eloabder-20&linkCode=osi&th=1&psc=1">View Product</a></div><div class="product"><a href="https://www.amazon.com/dp/B07X53WM1H?tag=eloabder-20&linkCode=osi&th=1&psc=1"><img src="https://m.media-amazon.com/images/I/41sh4NHSA1L._SL500_.jpg" alt="Product Image"></a><p>Lansinoh Organic Nipple Butter, Nipple Cream Safe for Breastfeeding Baby, Postpartum Essentials for Mom, 2 Ounces</p><p> -37% 0FF </p><p>$9.37</p><a href="https://www.amazon.com/dp/B07X53WM1H?tag=eloabder-20&linkCode=osi&th=1&psc=1">View Product</a></div><div class="product"><a href="https://www.amazon.com/dp/B08PXP59L6?tag=eloabder-20&linkCode=osi&th=1&psc=1"><img src="https://m.media-amazon.com/images/I/31ABi-XhpOL._SL500_.jpg" alt="Product Image"></a><p>The Honest Company Honest Mama Calm Your Nip Balm | USDA Certified Organic Nipple Cream | 1.75 fl oz</p><p> -10% 0FF </p><p>$13.49 ($7.71 / Fl Oz)</p><a href="https://www.amazon.com/dp/B08PXP59L6?tag=eloabder-20&linkCode=osi&th=1&psc=1">View Product</a></div><div class="product"><a href="https://www.amazon.com/dp/B001EPQ1US?tag=eloabder-20&linkCode=osi&th=1&psc=1"><img src="https://m.media-amazon.com/images/I/412ol1D5gFL._SL500_.jpg" alt="Product Image"></a><p>Lansinoh Breast Cream, 1.41 Ounce Tube (Pack of 3)</p><p> -20% 0FF </p><p>$23.99 ($5.67 / Ounce)</p><a href="https://www.amazon.com/dp/B001EPQ1US?tag=eloabder-20&linkCode=osi&th=1&psc=1">View Product</a></div>
<div class="product"><a href="https://www.amazon.com/dp/B0116SFIXS?tag=eloabder-20&linkCode=osi&th=1&psc=1"><img src="https://m.media-amazon.com/images/I/41IXnMjSMRL._SL500_.jpg" alt="Product Image"></a><p>Lansinoh Contact Nipple Shields for Breastfeeding, 2 Nipple Shields (24mm) and Case</p><p> -9% 0FF </p><p>$8.22</p><a href="https://www.amazon.com/dp/B0116SFIXS?tag=eloabder-20&linkCode=osi&th=1&psc=1">View Product</a></div><div class="product"><a href="https://www.amazon.com/dp/B000067PQ0?tag=eloabder-20&linkCode=osi&th=1&psc=1"><img src="https://m.media-amazon.com/images/I/31Bc7JjDLBL._SL500_.jpg" alt="Product Image"></a><p>Medela Contact Nipple Shield, 24mm Medium, Nippleshield for Breastfeeding with Latch Difficulties or Flat or Inverted Nipples, Made Without BPA</p><p> -32% 0FF </p><p>$7.35</p><a href="https://www.amazon.com/dp/B000067PQ0?tag=eloabder-20&linkCode=osi&th=1&psc=1">View Product</a></div><div class="product"><a href="https://www.amazon.com/dp/B08VKRMXGZ?tag=eloabder-20&linkCode=osi&th=1&psc=1"><img src="https://m.media-amazon.com/images/I/41jploOEeaL._SL500_.jpg" alt="Product Image"></a><p>Moogco The Original Silver Nursing Cups - Nipple Shields for Nursing Newborn - Breastfeeding Essentials - Newborn Essentials Must Haves - Nipple Covers Breastfeeding - 925 Silver</p><p> -28% 0FF </p><p>$35.90</p><a href="https://www.amazon.com/dp/B08VKRMXGZ?tag=eloabder-20&linkCode=osi&th=1&psc=1">View Product</a></div><div class="product"><a href="https://www.amazon.com/dp/B07ND58735?tag=eloabder-20&linkCode=osi&th=1&psc=1"><img src="https://m.media-amazon.com/images/I/41EpWEiqvyL._SL500_.jpg" alt="Product Image"></a><p>Koala Babycare The Original Silver Nursing Cups - Nipple Shields for Nursing Newborn -Breastfeeding Essentials - Protect and Soothe - Tri-Laminate Silver - Standard Size</p><p> -13% 0FF </p><p>$34.75</p><a href="https://www.amazon.com/dp/B07ND58735?tag=eloabder-20&linkCode=osi&th=1&psc=1">View Product</a></div>
<div class="product"><a href="https://www.amazon.com/dp/B091FL1QFK?tag=eloabder-20&linkCode=osi&th=1&psc=1"><img src="https://m.media-amazon.com/images/I/41TUb4BsK-L._SL500_.jpg" alt="Product Image"></a><p>Syringe Nasal Irrigator, Professional Baby Nasal Irrigator Portable Infant Nose Cleaner Rinsing Device Fast All Natural Relief-Nasal Irrigation/Nasal Spray/Nasal Hygiene (2 pièces)</p><p> -67% 0FF </p><p>$3.25</p><a href="https://www.amazon.com/dp/B091FL1QFK?tag=eloabder-20&linkCode=osi&th=1&psc=1">View Product</a></div><div class="product"><a href="https://www.amazon.com/dp/B09137WF8K?tag=eloabder-20&linkCode=osi&th=1&psc=1"><img src="https://m.media-amazon.com/images/I/41v2GMmUbZL._SL500_.jpg" alt="Product Image"></a><p>Two Pack 3 in 1 Baby Nose and Ear Gadget, Safe Baby Booger Remover, Nose Cleaning Tweezers, Nose Cleaner for Baby Infants and Toddlers, Dual Earwax and Snot Removal Baby Must Have Items</p><p> -50% 0FF </p><p>$9.95</p><a href="https://www.amazon.com/dp/B09137WF8K?tag=eloabder-20&linkCode=osi&th=1&psc=1">View Product</a></div><div class="product"><a href="https://www.amazon.com/dp/B09Q61B4MM?tag=eloabder-20&linkCode=osi&th=1&psc=1"><img src="https://m.media-amazon.com/images/I/310TWo+qPRL._SL500_.jpg" alt="Product Image"></a><p>Haakaa Silicone Baby Nasal Aspirator | Nose Bulb Syringe | Easy-Squeezy Baby Nose Cleaner, Newborn Infant &Toddler - BPA Free Silicone</p><p> -5% 0FF </p><p>$9.39</p><a href="https://www.amazon.com/dp/B09Q61B4MM?tag=eloabder-20&linkCode=osi&th=1&psc=1">View Product</a></div>
<div class="product"><a href="https://www.amazon.com/dp/B002K6F7AK?tag=eloabder-20&linkCode=osi&th=1&psc=1"><img src="https://m.media-amazon.com/images/I/411elwPHIqL._SL500_.jpg" alt="Product Image"></a><p>Lamaze womens Cotton Spandex Sleep for Nursing and Maternity Full Coverage Bra, Heather Grey, Large US</p><p> -32% 0FF </p><p>$12.28</p><a href="https://www.amazon.com/dp/B002K6F7AK?tag=eloabder-20&linkCode=osi&th=1&psc=1">View Product</a></div>

<div class="product"><a href="https://www.amazon.com/dp/B06XPHR7DF?tag=eloabder-20&linkCode=osi&th=1&psc=1"><img src="https://m.media-amazon.com/images/I/31sNH-POFUL._SL500_.jpg" alt="Product Image"></a><p>Lansinoh Stay Dry Disposable Nursing Pads, Soft and Super Absorbent Breast Pads, Breastfeeding Essentials for Moms, 200 Count</p><p> -21% 0FF </p><p>$18.51</p><a href="https://www.amazon.com/dp/B06XPHR7DF?tag=eloabder-20&linkCode=osi&th=1&psc=1">View Product</a></div><div class="product"><a href="https://www.amazon.com/dp/B0DB3G8G37?tag=eloabder-20&linkCode=osi&th=1&psc=1"><img src="https://m.media-amazon.com/images/I/31Z7+iKhAKL._SL500_.jpg" alt="Product Image"></a><p>Lansinoh Washable Nursing Pads, Made with Organic Bamboo Viscose, Reusable Breast Pads for Breastfeeding with Wash Bag, Breastfeeding Essentials, 10 Count</p><p> -11% 0FF </p><p>$14.28</p><a href="https://www.amazon.com/dp/B0DB3G8G37?tag=eloabder-20&linkCode=osi&th=1&psc=1">View Product</a></div>
<div class="product"><a href="https://www.amazon.com/dp/B09T6V8YH2?tag=eloabder-20&linkCode=osi&th=1&psc=1"><img src="https://m.media-amazon.com/images/I/21knizL1Y1L._SL500_.jpg" alt="Product Image"></a><p>Nursing Pillow and Positioner with Cover for Breastfeeding and Bottle Feeding, Propping Baby, Tummy Time, Baby Sitting Support, Awake-Time Support (Pillow Only, 22" x 17.7" x 5.9")</p><p> -32% 0FF </p><p>$20.49</p><a href="https://www.amazon.com/dp/B09T6V8YH2?tag=eloabder-20&linkCode=osi&th=1&psc=1">View Product</a></div>
<div class="product"><a href="https://www.amazon.com/dp/B00B7TCX0I?tag=eloabder-20&linkCode=osi&th=1&psc=1"><img src="https://m.media-amazon.com/images/I/51n0rXJe9iL._SL500_.jpg" alt="Product Image"></a><p>Leading Lady Women's Nursing Tank Stylish Cami with Inner Shelf Bra, Black Stripe, Large</p><p> -59% 0FF </p><p>$13.98</p><a href="https://www.amazon.com/dp/B00B7TCX0I?tag=eloabder-20&linkCode=osi&th=1&psc=1">View Product</a></div><div class="product"><a href="https://www.amazon.com/dp/B07K72T7Q3?tag=eloabder-20&linkCode=osi&th=1&psc=1"><img src="https://m.media-amazon.com/images/I/31J5oWrxf6L._SL500_.jpg" alt="Product Image"></a><p>Lansinoh Reusable Nursing Pads, Nursing Essentials for Breastfeeding Mothers, 4 Absorbent Nursing Pads With Mesh Wash Bag, White Pads</p><p> -25% 0FF </p><p>$11.99</p><a href="https://www.amazon.com/dp/B07K72T7Q3?tag=eloabder-20&linkCode=osi&th=1&psc=1">View Product</a></div>

<div class="product"><a href="https://www.amazon.com/dp/B086134T3T?tag=eloabder-20&linkCode=osi&th=1&psc=1"><img src="https://m.media-amazon.com/images/I/41KhXKDGe-L._SL500_.jpg" alt="Product Image"></a><p>4our Kiddies Baby-Proof Outlet Covers (60 Pack) - Child Safety Electric Plug Protectors to Prevent Power Shock</p><p> -23% 0FF </p><p>$9.99</p><a href="https://www.amazon.com/dp/B086134T3T?tag=eloabder-20&linkCode=osi&th=1&psc=1">View Product</a></div><div class="product"><a href="https://www.amazon.com/dp/B08FBNKDKB?tag=eloabder-20&linkCode=osi&th=1&psc=1"><img src="https://m.media-amazon.com/images/I/318PTNFomwL._SL500_.jpg" alt="Product Image"></a><p>Outlet Cover Box for Child Safety (2 Pack) Duplex & Decorator Electrical Outlet Plates, Concealed Access Buttons, and Spacious Compartment - Jool Baby</p><p> -35% 0FF </p><p>$14.99</p><a href="https://www.amazon.com/dp/B08FBNKDKB?tag=eloabder-20&linkCode=osi&th=1&psc=1">View Product</a></div>
<div class="product"><a href="https://www.amazon.com/dp/B07TDN9MKC?tag=eloabder-20&linkCode=osi&th=1&psc=1"><img src="https://m.media-amazon.com/images/I/41K55mCBTsL._SL500_.jpg" alt="Product Image"></a><p>Philips Avent Soothie Orthodontic Baby Pacifiers, 100% Silicone Pacifiers, One Piece, BPA-Free, for Babies 0-3 Months, Green, 4 Pack, Model SCF190/41</p><p> -25% 0FF </p><p>$8.94</p><a href="https://www.amazon.com/dp/B07TDN9MKC?tag=eloabder-20&linkCode=osi&th=1&psc=1">View Product</a></div><div class="product"><a href="https://www.amazon.com/dp/B08177ZPKM?tag=eloabder-20&linkCode=osi&th=1&psc=1"><img src="https://m.media-amazon.com/images/I/41+0ETqpizL._SL500_.jpg" alt="Product Image"></a><p>Tommee Tippee Ultra-Light Silicone Pacifier, 0-6 Months, Symmetrical One-Piece Design, BPA-Free Silicone Binkies, Clear/Blue/Green, Pack of 4</p><p> -38% 0FF </p><p>$10.39</p><a href="https://www.amazon.com/dp/B08177ZPKM?tag=eloabder-20&linkCode=osi&th=1&psc=1">View Product</a></div><div class="product"><a href="https://www.amazon.com/dp/B09XJJB478?tag=eloabder-20&linkCode=osi&th=1&psc=1"><img src="https://m.media-amazon.com/images/I/31vbtPyMOGL._SL500_.jpg" alt="Product Image"></a><p>Dr. Brown's HappyPaci 100% Silicone Baby Pacifier, Contoured One-Piece Design, White, Blue, Light Blue, 0-6m, BPA-Free, 3 Pack</p><p> -17% 0FF </p><p>$4.97</p><a href="https://www.amazon.com/dp/B09XJJB478?tag=eloabder-20&linkCode=osi&th=1&psc=1">View Product</a></div><div class="product"><a href="https://www.amazon.com/dp/B09F6YC4MS?tag=eloabder-20&linkCode=osi&th=1&psc=1"><img src="https://m.media-amazon.com/images/I/31j7FmFh-9L._SL500_.jpg" alt="Product Image"></a><p>Itzy Ritzy Natural Rubber Pacifiers, Set of 2 – Natural Rubber Newborn Pacifiers with Cherry-Shaped Nipple & Large Air Holes for Added Safety; Set of 2 in Coconut & Toast, Ages 0 – 6 Months</p><p> -10% 0FF </p><p>$8.97</p><a href="https://www.amazon.com/dp/B09F6YC4MS?tag=eloabder-20&linkCode=osi&th=1&psc=1">View Product</a></div><div class="product"><a href="https://www.amazon.com/dp/B0835TX9TH?tag=eloabder-20&linkCode=osi&th=1&psc=1"><img src="https://m.media-amazon.com/images/I/413oViQleDL._SL500_.jpg" alt="Product Image"></a><p>NUK Orthodontic Pacifier Value Pack</p><p> -48% 0FF </p><p>$6.29</p><a href="https://www.amazon.com/dp/B0835TX9TH?tag=eloabder-20&linkCode=osi&th=1&psc=1">View Product</a></div><div class="product"><a href="https://www.amazon.com/dp/B0BJ4Q64L9?tag=eloabder-20&linkCode=osi&th=1&psc=1"><img src="https://m.media-amazon.com/images/I/31T4DaO7KeL._SL500_.jpg" alt="Product Image"></a><p>Tommee Tippee Ultra-light Silicone Pacifier, Symmetrical One-Piece Design, BPA-Free Silicone Binkies, 6-18 months, Pack of 4 Pacifiers</p><p> -32% 0FF </p><p>$11.51</p><a href="https://www.amazon.com/dp/B0BJ4Q64L9?tag=eloabder-20&linkCode=osi&th=1&psc=1">View Product</a></div><div class="product"><a href="https://www.amazon.com/dp/B0C5B1SLFL?tag=eloabder-20&linkCode=osi&th=1&psc=1"><img src="https://m.media-amazon.com/images/I/41XLQFTsedL._SL500_.jpg" alt="Product Image"></a><p>Philips Avent Ultra Soft Pacifier - 4 x Soft and Flexible Baby Pacifiers for Babies Aged 0-6 Months, BPA Free with Sterilizer Carry Case, SCF091/23</p><p> -7% 0FF </p><p>$12.94</p><a href="https://www.amazon.com/dp/B0C5B1SLFL?tag=eloabder-20&linkCode=osi&th=1&psc=1">View Product</a></div><div class="product"><a href="https://www.amazon.com/dp/B09H7LR2K2?tag=eloabder-20&linkCode=osi&th=1&psc=1"><img src="https://m.media-amazon.com/images/I/31J6KoAN3IL._SL500_.jpg" alt="Product Image"></a><p>MAM Original Start Matte Newborn Baby Pacifier, Best Pacifier for Breastfed Babies, Sterilizer Case, Girl, 0-3 Months (Pack of 2)</p><p> -38% 0FF </p><p>$4.99</p><a href="https://www.amazon.com/dp/B09H7LR2K2?tag=eloabder-20&linkCode=osi&th=1&psc=1">View Product</a></div>
<div class="product"><a href="https://www.amazon.com/dp/B0C98MM24R?tag=eloabder-20&linkCode=osi&th=1&psc=1"><img src="https://m.media-amazon.com/images/I/411zeOj8dIL._SL500_.jpg" alt="Product Image"></a><p>Silicone Pacifier Clip, Seposeve Pack of 3 Baby Pacifier Teether Clip with 4 Texture, Soft Flexible Silicone Pacifier Leashes & Cases for Boy and Girl, Keeps Pacifier Clean, Purple Pink White</p><p> -29% 0FF </p><p>$4.99</p><a href="https://www.amazon.com/dp/B0C98MM24R?tag=eloabder-20&linkCode=osi&th=1&psc=1">View Product</a></div><div class="product"><a href="https://www.amazon.com/dp/B0828BFK15?tag=eloabder-20&linkCode=osi&th=1&psc=1"><img src="https://m.media-amazon.com/images/I/41OXr2mKwYL._SL500_.jpg" alt="Product Image"></a><p>PandaEar Baby Pacifier Clips Solid Color, 4 Pack Universal Holder Leash for Boys and Girls, Teething Toys Teethers (Neutral)</p><p> -17% 0FF </p><p>$4.98</p><a href="https://www.amazon.com/dp/B0828BFK15?tag=eloabder-20&linkCode=osi&th=1&psc=1">View Product</a></div>
<div class="product"><a href="https://www.amazon.com/dp/B09JCJKMF2?tag=eloabder-20&linkCode=osi&th=1&psc=1"><img src="https://m.media-amazon.com/images/I/21hMAxonL8L._SL500_.jpg" alt="Product Image"></a><p>Ubbi On-The-Go Dual Pacifier Holder, Keep's Baby's Binkies Clean and Accessible, Portable for Travel, Diaper Bag Accessory Must Have for Newborns, Sage Green</p><p> -17% 0FF </p><p>$4.99</p><a href="https://www.amazon.com/dp/B09JCJKMF2?tag=eloabder-20&linkCode=osi&th=1&psc=1">View Product</a></div><div class="product"><a href="https://www.amazon.com/dp/B0BG8J1JJR?tag=eloabder-20&linkCode=osi&th=1&psc=1"><img src="https://m.media-amazon.com/images/I/31fDalcDyyL._SL500_.jpg" alt="Product Image"></a><p>PandaEar Pacifier Nipple Holder Case Container Boxes (4 Pack)| Universal Accessories Holders| Travel Cases| BPA Free</p><p> -17% 0FF </p><p>$4.95</p><a href="https://www.amazon.com/dp/B0BG8J1JJR?tag=eloabder-20&linkCode=osi&th=1&psc=1">View Product</a></div>
<div class="product"><a href="https://www.amazon.com/dp/B08625PRQL?tag=eloabder-20&linkCode=osi&th=1&psc=1"><img src="https://m.media-amazon.com/images/I/31PUIalU9CL._SL500_.jpg" alt="Product Image"></a><p>GROWNSY Pacifier Sanitizer Portable, UV Light Sanitizer on The Go, USB Charging Sanitizer Case, Mini Pacifier Sanitizer 99.99% Cleaned in 59 Seconds (White)</p><p> -10% 0FF </p><p>$26.95</p><a href="https://www.amazon.com/dp/B08625PRQL?tag=eloabder-20&linkCode=osi&th=1&psc=1">View Product</a></div><div class="product"><a href="https://www.amazon.com/dp/B0035LQNNE?tag=eloabder-20&linkCode=osi&th=1&psc=1"><img src="https://m.media-amazon.com/images/I/41DJ3x+h47L._SL500_.jpg" alt="Product Image"></a><p>Dr. Brown's Microwave Steam Sterilizer Bags for Baby Bottles, Pacifiers, Pump Parts and Accessories, Travel Baby Bottle Sterilizer, 30 Uses per Bag, 5 Count (Pack of 1)</p><p> -40% 0FF </p><p>$5.99</p><a href="https://www.amazon.com/dp/B0035LQNNE?tag=eloabder-20&linkCode=osi&th=1&psc=1">View Product</a></div>
<div class="product"><a href="https://www.amazon.com/dp/B0CRF9L25B?tag=eloabder-20&linkCode=osi&th=1&psc=1"><img src="https://m.media-amazon.com/images/I/41WW0AQ61YL._SL500_.jpg" alt="Product Image"></a><p>Comfy Cubs Baby Play Gym Set, Wooden Baby Playgym, Interactive Activity Center Hanging Bar with Gym Toys, Foldable for Infants, Newborn Gift for Baby Girl and Boy</p><p> -33% 0FF </p><p>$39.99</p><a href="https://www.amazon.com/dp/B0CRF9L25B?tag=eloabder-20&linkCode=osi&th=1&psc=1">View Product</a></div>
<div class="product"><a href="https://www.amazon.com/dp/B0BCVRHFX8?tag=eloabder-20&linkCode=osi&th=1&psc=1"><img src="https://m.media-amazon.com/images/I/41EoxD6Jb4L._SL500_.jpg" alt="Product Image"></a><p>Baby Playpen,Playpen, Playpen for Babies and Toddlers, Play Pen for Kids, Play Pens for Babies and Toddlers for Apartment (47 * 47 inch Grey with mat)</p><p> -23% 0FF </p><p>$46.21</p><a href="https://www.amazon.com/dp/B0BCVRHFX8?tag=eloabder-20&linkCode=osi&th=1&psc=1">View Product</a></div><div class="product"><a href="https://www.amazon.com/dp/B0BR7NFYTV?tag=eloabder-20&linkCode=osi&th=1&psc=1"><img src="https://m.media-amazon.com/images/I/41fdC8D+84L._SL500_.jpg" alt="Product Image"></a><p>COMOMY Playpens for Babies and Toddlers, Small Baby Play Pens, Activity Center for Baby Safe and Non-Slip Baby Fence, Full Mesh Design, Indoor & Outdoor Kids Activity Center (Dark Grey, 36"x36")</p><p> -20% 0FF </p><p>$39.99</p><a href="https://www.amazon.com/dp/B0BR7NFYTV?tag=eloabder-20&linkCode=osi&th=1&psc=1">View Product</a></div><div class="product"><a href="https://www.amazon.com/dp/B09ZDQ3C2Y?tag=eloabder-20&linkCode=osi&th=1&psc=1"><img src="https://m.media-amazon.com/images/I/41cGSa5tbrL._SL500_.jpg" alt="Product Image"></a><p>Pamo Babe Portable Crib Baby Playpen with Mattress and Carry Bag (Grey)</p><p> -29% 0FF </p><p>$48.99</p><a href="https://www.amazon.com/dp/B09ZDQ3C2Y?tag=eloabder-20&linkCode=osi&th=1&psc=1">View Product</a></div><div class="product"><a href="https://www.amazon.com/dp/B08BT16TH5?tag=eloabder-20&linkCode=osi&th=1&psc=1"><img src="https://m.media-amazon.com/images/I/41T3gWQReTL._SL500_.jpg" alt="Product Image"></a><p>Dream On Me Nest Portable Playard in Black with Carrybag an Shoulder Strap, Lightweight, Packable and Easy Setup Baby Playard, Breathable Mesh Sides and Soft Fabric - Comes with a Removable Padded Mat</p><p> -29% 0FF </p><p>$49.99</p><a href="https://www.amazon.com/dp/B08BT16TH5?tag=eloabder-20&linkCode=osi&th=1&psc=1">View Product</a></div>
<div class="product"><a href="https://www.amazon.com/dp/B07964SFW4?tag=eloabder-20&linkCode=osi&th=1&psc=1"><img src="https://m.media-amazon.com/images/I/415S7evTplL._SL500_.jpg" alt="Product Image"></a><p>Baby Trend Lil' Snooze Deluxe II Nursery Center, Twinkle Twinkle Little Moon</p><p> -10% 0FF </p><p>$89.99</p><a href="https://www.amazon.com/dp/B07964SFW4?tag=eloabder-20&linkCode=osi&th=1&psc=1">View Product</a></div><div class="product"><a href="https://www.amazon.com/dp/B0BMFQFZSH?tag=eloabder-20&linkCode=osi&th=1&psc=1"><img src="https://m.media-amazon.com/images/I/41tYFE0RalL._SL500_.jpg" alt="Product Image"></a><p>Pamo Babe Deluxe Nursery Center, Foldable Playard for Baby & Toddler, Bassinet, Mattress, Changing Table for Newborn(Black)</p><p> -22% 0FF </p><p>$155.99</p><a href="https://www.amazon.com/dp/B0BMFQFZSH?tag=eloabder-20&linkCode=osi&th=1&psc=1">View Product</a></div><div class="product"><a href="https://www.amazon.com/dp/B07HYV86RH?tag=eloabder-20&linkCode=osi&th=1&psc=1"><img src="https://m.media-amazon.com/images/I/41GWwVT9TQL._SL500_.jpg" alt="Product Image"></a><p>Baby Trend Trend-E Nursery Center® Playard, April</p><p> -20% 0FF </p><p>$79.99</p><a href="https://www.amazon.com/dp/B07HYV86RH?tag=eloabder-20&linkCode=osi&th=1&psc=1">View Product</a></div>
<div class="product"><a href="https://www.amazon.com/dp/B0BZQGQVD1?tag=eloabder-20&linkCode=osi&th=1&psc=1"><img src="https://m.media-amazon.com/images/I/41DuYrM0FML._SL500_.jpg" alt="Product Image"></a><p>Kopi Baby Portable Diaper Changing Pad - Baby Changing Pad & Diaper Changer Travel Bag, Smart Design Baby Changing Mat, Portable Changing Pad for Baby - Baby Changing Station, Infant Gift - Grey</p><p> -31% 0FF </p><p>$26.99</p><a href="https://www.amazon.com/dp/B0BZQGQVD1?tag=eloabder-20&linkCode=osi&th=1&psc=1">View Product</a></div><div class="product"><a href="https://www.amazon.com/dp/B085PXT49C?tag=eloabder-20&linkCode=osi&th=1&psc=1"><img src="https://m.media-amazon.com/images/I/51vXCxx-lHL._SL500_.jpg" alt="Product Image"></a><p>Portable Changing Pad for Baby|Travel Baby Changing Pads for Moms, Dads|Waterproof Portable Changing Mat with Built-in Pillow|Excellent Baby Shower/Registry Gifts</p><p> -19% 0FF </p><p>$12.99</p><a href="https://www.amazon.com/dp/B085PXT49C?tag=eloabder-20&linkCode=osi&th=1&psc=1">View Product</a></div><div class="product"><a href="https://www.amazon.com/dp/B082FZ4232?tag=eloabder-20&linkCode=osi&th=1&psc=1"><img src="https://m.media-amazon.com/images/I/51beBs2MbBL._SL500_.jpg" alt="Product Image"></a><p>First Landings Portable Diaper Changing Pad - Convenient Travel Changing Pad and Wipe Holder - Portable Changing Pad - Navy</p><p> -58% 0FF </p><p>$9.99</p><a href="https://www.amazon.com/dp/B082FZ4232?tag=eloabder-20&linkCode=osi&th=1&psc=1">View Product</a></div><div class="product"><a href="https://www.amazon.com/dp/B08N4W4CFC?tag=eloabder-20&linkCode=osi&th=1&psc=1"><img src="https://m.media-amazon.com/images/I/51vHXXugc9L._SL500_.jpg" alt="Product Image"></a><p>Portable Diaper Changing Pad for Baby, Detachable Travel Changing Pad with Baby Wipes Pocket, Gifts for Baby Shower, Newborn Girls and Boys (Grey)</p><p> -29% 0FF </p><p>$19.79</p><a href="https://www.amazon.com/dp/B08N4W4CFC?tag=eloabder-20&linkCode=osi&th=1&psc=1">View Product</a></div><div class="product"><a href="https://www.amazon.com/dp/B0CM9ZDFT7?tag=eloabder-20&linkCode=osi&th=1&psc=1"><img src="https://m.media-amazon.com/images/I/511OkyACRAL._SL500_.jpg" alt="Product Image"></a><p>Portable Changing Pad for Baby, Travel Diaper Changing Pad for Newborn, Large Waterproof Baby Changing Mat, Foldable & Detachable Diaper Changing Station with Baby Wipes Pockets, Baby Stuff by Pillani</p><p> -37% 0FF </p><p>$18.99</p><a href="https://www.amazon.com/dp/B0CM9ZDFT7?tag=eloabder-20&linkCode=osi&th=1&psc=1">View Product</a></div>
<div class="product"><a href="https://www.amazon.com/dp/B00AKKDSNG?tag=eloabder-20&linkCode=osi&th=1&psc=1"><img src="https://m.media-amazon.com/images/I/51nqUmC7OaL._SL500_.jpg" alt="Product Image"></a><p>Guava Lotus Travel Crib with Lightweight Backpack Design | Certified Baby Safe Portable Crib | Folding Play Yard with Comfy Mattress for Babies & Toddlers | Compact Baby Travel Bed</p><p> -18% 0FF </p><p>$229.95</p><a href="https://www.amazon.com/dp/B00AKKDSNG?tag=eloabder-20&linkCode=osi&th=1&psc=1">View Product</a></div><div class="product"><a href="https://www.amazon.com/dp/B07RZQC1T1?tag=eloabder-20&linkCode=osi&th=1&psc=1"><img src="https://m.media-amazon.com/images/I/41EMWNVnnYL._SL500_.jpg" alt="Product Image"></a><p>Pamo Babe Portable Crib for Baby, Portable Baby Playpen with Bassinet and Changing Table</p><p> -15% 0FF </p><p>$109.99</p><a href="https://www.amazon.com/dp/B07RZQC1T1?tag=eloabder-20&linkCode=osi&th=1&psc=1">View Product</a></div><div class="product"><a href="https://www.amazon.com/dp/B01F9FLEL4?tag=eloabder-20&linkCode=osi&th=1&psc=1"><img src="https://m.media-amazon.com/images/I/51HNrjQ09pL._SL500_.jpg" alt="Product Image"></a><p>Baby Trend Nursery Center® Playard, Tanzania</p><p> -20% 0FF </p><p>$79.99</p><a href="https://www.amazon.com/dp/B01F9FLEL4?tag=eloabder-20&linkCode=osi&th=1&psc=1">View Product</a></div>
<div class="product"><a href="https://www.amazon.com/dp/B0CXY9DDW9?tag=eloabder-20&linkCode=osi&th=1&psc=1"><img src="https://m.media-amazon.com/images/I/31MFNOwDz8L._SL500_.jpg" alt="Product Image"></a><p>Bluey Playtime Floor Potty Trainer w/Sound</p><p> -20% 0FF </p><p>$31.99</p><a href="https://www.amazon.com/dp/B0CXY9DDW9?tag=eloabder-20&linkCode=osi&th=1&psc=1">View Product</a></div>

<div class="product"><a href="https://www.amazon.com/dp/B0CD42KQ3K?tag=eloabder-20&linkCode=osi&th=1&psc=1"><img src="https://m.media-amazon.com/images/I/41c9zvmFrLL._SL500_.jpg" alt="Product Image"></a><p>TOHIBEE Baby Montessori Sensory Toys for 0-6 6-12 Months, Food Grade Teething Toys for Babies 0 3 6 9 12 18 Months, Newborn Infant Learning Developmental Toys Gifts for 1 2 Year Old Boys Girls</p><p> -50% 0FF </p><p>$9.99</p><a href="https://www.amazon.com/dp/B0CD42KQ3K?tag=eloabder-20&linkCode=osi&th=1&psc=1">View Product</a></div><div class="product"><a href="https://www.amazon.com/dp/B0CNNZKL6Z?tag=eloabder-20&linkCode=osi&th=1&psc=1"><img src="https://m.media-amazon.com/images/I/419qSwSFEIL._SL500_.jpg" alt="Product Image"></a><p>MIUXUESO 3 Pcs Baby Flower Headbands Baby Girls Nylon Headbands Soft Hairbands Hair Accessories for Newborn Infant Toddler Kids (Beige Pink Khaki)</p><p> -11% 0FF </p><p>$8.89 ($2.96 / Count)</p><a href="https://www.amazon.com/dp/B0CNNZKL6Z?tag=eloabder-20&linkCode=osi&th=1&psc=1">View Product</a></div><div class="product"><a href="https://www.amazon.com/dp/B0CRLDXBYN?tag=eloabder-20&linkCode=osi&th=1&psc=1"><img src="https://m.media-amazon.com/images/I/51U5mzLT4CL._SL500_.jpg" alt="Product Image"></a><p>Cute Castle Baby Sleep Sack 0-6 Months - Lightweight 100% Cotton 2-Way Zipper TOG 0.5 Infant Wearable Blanket, Newborn Essentials Toddler Sleep Clothes (3 Pack Green)</p><p> -41% 0FF </p><p>$26.98</p><a href="https://www.amazon.com/dp/B0CRLDXBYN?tag=eloabder-20&linkCode=osi&th=1&psc=1">View Product</a></div><div class="product"><a href="https://www.amazon.com/dp/B0CNSPHBBG?tag=eloabder-20&linkCode=osi&th=1&psc=1"><img src="https://m.media-amazon.com/images/I/41KtLZ6dp3L._SL500_.jpg" alt="Product Image"></a><p>Arnzion Baby Hooded Towels for Babies and Toddlers, Muslin Baby Bath Towel Soft and Absorbent for Boys and Girls (Dark Grey 1 Pack)</p><p> -10% 0FF </p><p>$8.99</p><a href="https://www.amazon.com/dp/B0CNSPHBBG?tag=eloabder-20&linkCode=osi&th=1&psc=1">View Product</a></div><div class="product"><a href="https://www.amazon.com/dp/B0C6Y89H47?tag=eloabder-20&linkCode=osi&th=1&psc=1"><img src="https://m.media-amazon.com/images/I/41SIANIdhkL._SL500_.jpg" alt="Product Image"></a><p>HelloBaby Upgrade 5’’ Baby Monitor with 26-Hour Battery, 2 Cameras Pan-Tilt-Zoom, 1000ft Range Video Audio Baby Monitor No WiFi, VOX, Night Vision, 2-Way Talk, 8 Lullabies and Temperature</p><p> -22% 0FF </p><p>$139.99</p><a href="https://www.amazon.com/dp/B0C6Y89H47?tag=eloabder-20&linkCode=osi&th=1&psc=1">View Product</a></div><div class="product"><a href="https://www.amazon.com/dp/B0CLGCN5ZS?tag=eloabder-20&linkCode=osi&th=1&psc=1"><img src="https://m.media-amazon.com/images/I/41PuaWmW8rL._SL500_.jpg" alt="Product Image"></a><p>Momcozy Baby Carrier Newborn to Toddler - Ergonomic, Cozy and Lightweight Infant Carrier for 7-44lbs, Effortless to Put On, Ideal for Hands-Free Parenting, Enhanced Lumbar Support, Khaki</p><p> -7% 0FF </p><p>$64.99</p><a href="https://www.amazon.com/dp/B0CLGCN5ZS?tag=eloabder-20&linkCode=osi&th=1&psc=1">View Product</a></div>
<div class="product"><a href="https://www.amazon.com/dp/B09B94C44F?tag=eloabder-20&linkCode=osi&th=1&psc=1"><img src="https://m.media-amazon.com/images/I/41mrmM0elVL._SL500_.jpg" alt="Product Image"></a><p>Fisher-Price Baby to Toddler Learning Toy 2-in-1 Like a Boss Activity Center and Play Table with Lights Music and Sounds</p><p> -33% 0FF </p><p>$73.99</p><a href="https://www.amazon.com/dp/B09B94C44F?tag=eloabder-20&linkCode=osi&th=1&psc=1">View Product</a></div><div class="product"><a href="https://www.amazon.com/dp/B08D8RSLXW?tag=eloabder-20&linkCode=osi&th=1&psc=1"><img src="https://m.media-amazon.com/images/I/41CTM7vmqIL._SL500_.jpg" alt="Product Image"></a><p>Smart Steps® Bounce N’ Play 3-in-1 Activity Center, Woodland Walk</p><p> -14% 0FF </p><p>$59.99</p><a href="https://www.amazon.com/dp/B08D8RSLXW?tag=eloabder-20&linkCode=osi&th=1&psc=1">View Product</a></div><div class="product"><a href="https://www.amazon.com/dp/B08WQB3JQW?tag=eloabder-20&linkCode=osi&th=1&psc=1"><img src="https://m.media-amazon.com/images/I/413UkTCXRJL._SL500_.jpg" alt="Product Image"></a><p>Smart Steps® 3-in-1 Bounce N' Play Activity Center Plus with STEM Learning Toys, Tike Hike</p><p> -33% 0FF </p><p>$59.99</p><a href="https://www.amazon.com/dp/B08WQB3JQW?tag=eloabder-20&linkCode=osi&th=1&psc=1">View Product</a></div><div class="product"><a href="https://www.amazon.com/dp/B0B5JJGGTC?tag=eloabder-20&linkCode=osi&th=1&psc=1"><img src="https://m.media-amazon.com/images/I/41hewN3eW6L._SL500_.jpg" alt="Product Image"></a><p>Fisher-Price Baby to Toddler Toy 3-in-1 SnugaPuppy Activity Center and Play Table with Lights Sounds and Developmental Activities</p><p> -23% 0FF </p><p>$99.99</p><a href="https://www.amazon.com/dp/B0B5JJGGTC?tag=eloabder-20&linkCode=osi&th=1&psc=1">View Product</a></div><div class="product"><a href="https://www.amazon.com/dp/B07BF1V8K8?tag=eloabder-20&linkCode=osi&th=1&psc=1"><img src="https://m.media-amazon.com/images/I/51kWbX5t3FL._SL500_.jpg" alt="Product Image"></a><p>Battat - Activity Cube With Farm Theme - Educational Wooden Toys For Toddlers And Kids - 1 Year +</p><p> -42% 0FF </p><p>$59.95</p><a href="https://www.amazon.com/dp/B07BF1V8K8?tag=eloabder-20&linkCode=osi&th=1&psc=1">View Product</a></div>
<div class="product"><a href="https://www.amazon.com/dp/B07MPCCDM7?tag=eloabder-20&linkCode=osi&th=1&psc=1"><img src="https://m.media-amazon.com/images/I/414WzjZL6XL._SL500_.jpg" alt="Product Image"></a><p>Baby Einstein 4-in-1 Kickin' Tunes Music and Language Play Gym and Piano Tummy Time Activity Mat</p><p> -20% 0FF </p><p>$39.98</p><a href="https://www.amazon.com/dp/B07MPCCDM7?tag=eloabder-20&linkCode=osi&th=1&psc=1">View Product</a></div><div class="product"><a href="https://www.amazon.com/dp/B0793D9WBY?tag=eloabder-20&linkCode=osi&th=1&psc=1"><img src="https://m.media-amazon.com/images/I/51SJobuKTzL._SL500_.jpg" alt="Product Image"></a><p>Fisher-Price Baby Playmat Deluxe Kick & Play Piano Gym, Green Musical Learning Toy with 2 Rattle Maracas for Developmental Play Newborns 0+ Months</p><p> -18% 0FF </p><p>$49.49</p><a href="https://www.amazon.com/dp/B0793D9WBY?tag=eloabder-20&linkCode=osi&th=1&psc=1">View Product</a></div><div class="product"><a href="https://www.amazon.com/dp/B0B5JXBMZJ?tag=eloabder-20&linkCode=osi&th=1&psc=1"><img src="https://m.media-amazon.com/images/I/51zfjAIFbcL._SL500_.jpg" alt="Product Image"></a><p>Fisher-Price Baby Playmat Kick & Play Piano Gym with Musical and Sensory Toys for Newborn to Toddler, Navy Fawn</p><p> -27% 0FF </p><p>$39.88</p><a href="https://www.amazon.com/dp/B0B5JXBMZJ?tag=eloabder-20&linkCode=osi&th=1&psc=1">View Product</a></div><div class="product"><a href="https://www.amazon.com/dp/B0036RKGHQ?tag=eloabder-20&linkCode=osi&th=1&psc=1"><img src="https://m.media-amazon.com/images/I/51ciJPgVi-L._SL500_.jpg" alt="Product Image"></a><p>Bright Starts Disney Baby Finding Nemo Mr. Ray Ocean Lights & Music Gym, Ages Newborn +</p><p> -18% 0FF </p><p>$69.98</p><a href="https://www.amazon.com/dp/B0036RKGHQ?tag=eloabder-20&linkCode=osi&th=1&psc=1">View Product</a></div>
<div class="product"><a href="https://www.amazon.com/dp/B0C8HGTL8Y?tag=eloabder-20&linkCode=osi&th=1&psc=1"><img src="https://m.media-amazon.com/images/I/41JRClg8WzL._SL500_.jpg" alt="Product Image"></a><p>Baby Trend Everlast 7-in-1 High Chair, Charcoal Stone</p><p> -50% 0FF </p><p>$49.99</p><a href="https://www.amazon.com/dp/B0C8HGTL8Y?tag=eloabder-20&linkCode=osi&th=1&psc=1">View Product</a></div><div class="product"><a href="https://www.amazon.com/dp/B08DY55SQZ?tag=eloabder-20&linkCode=osi&th=1&psc=1"><img src="https://m.media-amazon.com/images/I/31Gi5M2n0TL._SL500_.jpg" alt="Product Image"></a><p>Evenflo 4-in-1 Eat & Grow Convertible High Chair,Polyester</p><p> -9% 0FF </p><p>$62.99</p><a href="https://www.amazon.com/dp/B08DY55SQZ?tag=eloabder-20&linkCode=osi&th=1&psc=1">View Product</a></div><div class="product"><a href="https://www.amazon.com/dp/B0BDSWVGJN?tag=eloabder-20&linkCode=osi&th=1&psc=1"><img src="https://m.media-amazon.com/images/I/31RKzujFVpL._SL500_.jpg" alt="Product Image"></a><p>Graco EveryStep 6 in 1 High Chair, Babies and Toddlers Portable Slim High Chair with 6 Growing Stages from Infant to Toddler Seating, Convenient for Dining Time, Featured Design in Misty</p><p> -12% 0FF </p><p>$176.99</p><a href="https://www.amazon.com/dp/B0BDSWVGJN?tag=eloabder-20&linkCode=osi&th=1&psc=1">View Product</a></div><div class="product"><a href="https://www.amazon.com/dp/B0DFGSY7D2?tag=eloabder-20&linkCode=osi&th=1&psc=1"><img src="https://m.media-amazon.com/images/I/41LuMCYsLxL._SL500_.jpg" alt="Product Image"></a><p>High Chair,IJHIJH Baby High Chair,Foldable High Chair,High Chair for Babies and Toddlers,Double-Layer Large Tray,Backrest and Height Adjustable,5-Point Safety Belt,Non-Slip Mat,Space Saving</p><p> -23% 0FF </p><p>$99.99</p><a href="https://www.amazon.com/dp/B0DFGSY7D2?tag=eloabder-20&linkCode=osi&th=1&psc=1">View Product</a></div><div class="product"><a href="https://www.amazon.com/dp/B01MRVWGJH?tag=eloabder-20&linkCode=osi&th=1&psc=1"><img src="https://m.media-amazon.com/images/I/41HxUVOWn-L._SL500_.jpg" alt="Product Image"></a><p>Cosco Simple Fold Full Size High Chair With Adjustable Tray, 28.5x23.5x38.7 Inch (Pack of 1)</p><p> -23% 0FF </p><p>$49.99</p><a href="https://www.amazon.com/dp/B01MRVWGJH?tag=eloabder-20&linkCode=osi&th=1&psc=1">View Product</a></div><div class="product"><a href="https://www.amazon.com/dp/B0B1QRSXW9?tag=eloabder-20&linkCode=osi&th=1&psc=1"><img src="https://m.media-amazon.com/images/I/41k+dOKhnqL._SL500_.jpg" alt="Product Image"></a><p>Baby Trend Sit Right 2.0 3-in-1 High Chair - Cozy Grey</p><p> -25% 0FF </p><p>$59.99</p><a href="https://www.amazon.com/dp/B0B1QRSXW9?tag=eloabder-20&linkCode=osi&th=1&psc=1">View Product</a></div><div class="product"><a href="https://www.amazon.com/dp/B08HKPPJPV?tag=eloabder-20&linkCode=osi&th=1&psc=1"><img src="https://m.media-amazon.com/images/I/31cMtIzV9lL._SL500_.jpg" alt="Product Image"></a><p>Graco® Table2Table LX 6-in-1 Highchair, Arrows with Infant Head Support & One-Hand Removable Tray</p><p> -16% 0FF </p><p>$100.99</p><a href="https://www.amazon.com/dp/B08HKPPJPV?tag=eloabder-20&linkCode=osi&th=1&psc=1">View Product</a></div><div class="product"><a href="https://www.amazon.com/dp/B07Y5RY7QT?tag=eloabder-20&linkCode=osi&th=1&psc=1"><img src="https://m.media-amazon.com/images/I/31IiUCIU1JL._SL500_.jpg" alt="Product Image"></a><p>Graco DuoDiner DLX 6-in-1 Highchair, Mathis</p><p> -7% 0FF </p><p>$139.99</p><a href="https://www.amazon.com/dp/B07Y5RY7QT?tag=eloabder-20&linkCode=osi&th=1&psc=1">View Product</a></div><div class="product"><a href="https://www.amazon.com/dp/B091M5MT2L?tag=eloabder-20&linkCode=osi&th=1&psc=1"><img src="https://m.media-amazon.com/images/I/31ukjyiALGL._SL500_.jpg" alt="Product Image"></a><p>Century Dine On 4-in-1 High Chair, Grows with Child with 4 Modes, Metro</p><p> -11% 0FF </p><p>$79.99</p><a href="https://www.amazon.com/dp/B091M5MT2L?tag=eloabder-20&linkCode=osi&th=1&psc=1">View Product</a></div>
<div class="product"><a href="https://www.amazon.com/dp/B000MR4IX6?tag=eloabder-20&linkCode=osi&th=1&psc=1"><img src="https://m.media-amazon.com/images/I/31QxBnnFyKL._SL500_.jpg" alt="Product Image"></a><p>Crane Adorables Ultrasonic Humidifiers for Bedroom and Baby Nursery, 1 Gallon Cool Mist Air Humidifier for Large Room or Kid's Room, Humidifier Filters Optional, Hello Kitty</p><p> -10% 0FF </p><p>$53.99</p><a href="https://www.amazon.com/dp/B000MR4IX6?tag=eloabder-20&linkCode=osi&th=1&psc=1">View Product</a></div><div class="product"><a href="https://www.amazon.com/dp/B001ADL1SG?tag=eloabder-20&linkCode=osi&th=1&psc=1"><img src="https://m.media-amazon.com/images/I/31jxnLUt3iL._SL500_.jpg" alt="Product Image"></a><p>Crane Ultrasonic Cool Mist Humidifier for Bedroom, Baby Nursery, Kids Room, Plants, or Office, Large 1 Gallon Tank, Filter Optional, Blue and White</p><p> -25% 0FF </p><p>$44.99</p><a href="https://www.amazon.com/dp/B001ADL1SG?tag=eloabder-20&linkCode=osi&th=1&psc=1">View Product</a></div><div class="product"><a href="https://www.amazon.com/dp/B089QWNQXC?tag=eloabder-20&linkCode=osi&th=1&psc=1"><img src="https://m.media-amazon.com/images/I/31SHRor76xL._SL500_.jpg" alt="Product Image"></a><p>Dr. Brown's All-in-One Sterilizer and Dryer for Baby Bottles, Parts & Other Newborn Essentials</p><p> -28% 0FF </p><p>$57.99</p><a href="https://www.amazon.com/dp/B089QWNQXC?tag=eloabder-20&linkCode=osi&th=1&psc=1">View Product</a></div><div class="product"><a href="https://www.amazon.com/dp/B008KJEYLO?tag=eloabder-20&linkCode=osi&th=1&psc=1"><img src="https://m.media-amazon.com/images/I/516vqHBFtxL._SL500_.jpg" alt="Product Image"></a><p>WaterWipes Plastic-Free Original Baby Wipes, 99.9% Water Based Wipes, Unscented & Hypoallergenic for Sensitive Skin, 60 Count (Pack of 12), Packaging May Vary</p><p> -13% 0FF </p><p>$39.97 ($5.55 / 100 Count)</p><a href="https://www.amazon.com/dp/B008KJEYLO?tag=eloabder-20&linkCode=osi&th=1&psc=1">View Product</a></div><div class="product"><a href="https://www.amazon.com/dp/B094YK9MB1?tag=eloabder-20&linkCode=osi&th=1&psc=1"><img src="https://m.media-amazon.com/images/I/31h+m99qpwL._SL500_.jpg" alt="Product Image"></a><p>Westinghouse 28-inch Cool Mist Ultrasonic Tower Humidifier, 6L Top Fill Air Humidifier with Essential Oil Diffuser, Adjustable Mist Volume for Large Bedrooms</p><p> -50% 0FF </p><p>$59.99</p><a href="https://www.amazon.com/dp/B094YK9MB1?tag=eloabder-20&linkCode=osi&th=1&psc=1">View Product</a></div>
<div class="product"><a href="https://www.amazon.com/dp/B0961KZ9X2?tag=eloabder-20&linkCode=osi&th=1&psc=1"><img src="https://m.media-amazon.com/images/I/41AUjJ8u93S._SL500_.jpg" alt="Product Image"></a><p>Philips Avent Anti-Colic Baby Bottle with AirFree Vent, 9oz, 4pk, Clear, SCY703/04</p><p> -20% 0FF </p><p>$23.99</p><a href="https://www.amazon.com/dp/B0961KZ9X2?tag=eloabder-20&linkCode=osi&th=1&psc=1">View Product</a></div><div class="product"><a href="https://www.amazon.com/dp/B00K5KVC52?tag=eloabder-20&linkCode=osi&th=1&psc=1"><img src="https://m.media-amazon.com/images/I/411dDDTfnQL._SL500_.jpg" alt="Product Image"></a><p>Tommee Tippee Natural Start Anti-Colic BPA Free Baby Bottles, 9oz, Slow-Flow Breast-Like Nipple for a Natural Latch, Designed for Seamless Transitions Between Bottle and Breast, Fiesta, Pack of 6</p><p> -44% 0FF </p><p>$23.97</p><a href="https://www.amazon.com/dp/B00K5KVC52?tag=eloabder-20&linkCode=osi&th=1&psc=1">View Product</a></div><div class="product"><a href="https://www.amazon.com/dp/B00H0DH2NS?tag=eloabder-20&linkCode=osi&th=1&psc=1"><img src="https://m.media-amazon.com/images/I/41-a1Bfp4SL._SL500_.jpg" alt="Product Image"></a><p>Lansinoh Anti-Colic Baby Bottles for Breastfeeding Babies, 5 Ounces, 3 Count, Includes 3 Slow Flow Nipples, Size S</p><p> -25% 0FF </p><p>$14.99</p><a href="https://www.amazon.com/dp/B00H0DH2NS?tag=eloabder-20&linkCode=osi&th=1&psc=1">View Product</a></div><div class="product"><a href="https://www.amazon.com/dp/B07M6QQP9Z?tag=eloabder-20&linkCode=osi&th=1&psc=1"><img src="https://m.media-amazon.com/images/I/41DGyuAuyJL._SL500_.jpg" alt="Product Image"></a><p>Dr. Brown's Natural Flow Anti-Colic Options+ Wide-Neck Glass Baby Bottles 5 oz/150 mL, with Level 1 Slow Flow Nipple, 3 Pack, 0m+</p><p> -17% 0FF </p><p>$23.99</p><a href="https://www.amazon.com/dp/B07M6QQP9Z?tag=eloabder-20&linkCode=osi&th=1&psc=1">View Product</a></div>
<div class="product"><a href="https://www.amazon.com/dp/B00MN6IGPK?tag=eloabder-20&linkCode=osi&th=1&psc=1"><img src="https://m.media-amazon.com/images/I/41QKUlWUujL._SL500_.jpg" alt="Product Image"></a><p>Pioneer Photo Albums DA-200COLB/B 200-Pocket Embossed Baby Leatherette Frame Cover Album for 4 by 6-Inch Prints, Blue</p><p> -20% 0FF </p><p>$13.58</p><a href="https://www.amazon.com/dp/B00MN6IGPK?tag=eloabder-20&linkCode=osi&th=1&psc=1">View Product</a></div><div class="product"><a href="https://www.amazon.com/dp/B09G9LD7MR?tag=eloabder-20&linkCode=osi&th=1&psc=1"><img src="https://m.media-amazon.com/images/I/41G9dvP0dRL._SL500_.jpg" alt="Product Image"></a><p>Holoary Baby Photo Album 4” x 6” 160 Photos, Newborn Baby Keepsake Gifts for Baby Boy/Girl and New Parents, Woodland Animals Design</p><p> -15% 0FF </p><p>$16.99</p><a href="https://www.amazon.com/dp/B09G9LD7MR?tag=eloabder-20&linkCode=osi&th=1&psc=1">View Product</a></div>
<div class="product"><a href="https://www.amazon.com/dp/B099FM4W4H?tag=eloabder-20&linkCode=osi&th=1&psc=1"><img src="https://m.media-amazon.com/images/I/41oW5RAdkOL._SL500_.jpg" alt="Product Image"></a><p>Frida Baby 4-in-1 Grow-with-Me Baby Bathtub, Baby Tub for Newborns to Toddler with Removable Bath Seat & Backrest for Bath Support in Tub</p><p> -9% 0FF </p><p>$49.97</p><a href="https://www.amazon.com/dp/B099FM4W4H?tag=eloabder-20&linkCode=osi&th=1&psc=1">View Product</a></div><div class="product"><a href="https://www.amazon.com/dp/B008VWVS14?tag=eloabder-20&linkCode=osi&th=1&psc=1"><img src="https://m.media-amazon.com/images/I/41SmMRWIinL._SL500_.jpg" alt="Product Image"></a><p>Angelcare Baby Bath Support (Aqua) | Ideal for Babies Less than 6 Months Old</p><p> -33% 0FF </p><p>$19.99</p><a href="https://www.amazon.com/dp/B008VWVS14?tag=eloabder-20&linkCode=osi&th=1&psc=1">View Product</a></div><div class="product"><a href="https://www.amazon.com/dp/B0856SSQ1X?tag=eloabder-20&linkCode=osi&th=1&psc=1"><img src="https://m.media-amazon.com/images/I/31uBL4LsJbL._SL500_.jpg" alt="Product Image"></a><p>Fisher-Price Baby to Toddler Bath 4-in-1 Sling ‘n Seat Tub with Removable Infant Support and 2 Toys, Pacific Pebble</p><p> -11% 0FF </p><p>$39.99</p><a href="https://www.amazon.com/dp/B0856SSQ1X?tag=eloabder-20&linkCode=osi&th=1&psc=1">View Product</a></div><div class="product"><a href="https://www.amazon.com/dp/B0BFVBMM2Y?tag=eloabder-20&linkCode=osi&th=1&psc=1"><img src="https://m.media-amazon.com/images/I/31HpHQ7IjxL._SL500_.jpg" alt="Product Image"></a><p>The First Years Renewed Baby Bath Tub - Newborn to Toddler 3-in-1 Baby Tub with Removable Sling - Made with 50% Recycled Material - 0 to 25 LBs</p><p> -10% 0FF </p><p>$26.99</p><a href="https://www.amazon.com/dp/B0BFVBMM2Y?tag=eloabder-20&linkCode=osi&th=1&psc=1">View Product</a></div><div class="product"><a href="https://www.amazon.com/dp/B08XYFMK8K?tag=eloabder-20&linkCode=osi&th=1&psc=1"><img src="https://m.media-amazon.com/images/I/41pzMRjTbyS._SL500_.jpg" alt="Product Image"></a><p>The First Years Rain Shower Baby Bathtub — Baby Spa for Newborn to Toddler — includes Convertible Bathtub and Sling with Soothing Spray — Baby Bath Essentials</p><p> -20% 0FF </p><p>$69.99</p><a href="https://www.amazon.com/dp/B08XYFMK8K?tag=eloabder-20&linkCode=osi&th=1&psc=1">View Product</a></div>
<div class="product"><a href="https://www.amazon.com/dp/B08GFCX964?tag=eloabder-20&linkCode=osi&th=1&psc=1"><img src="https://m.media-amazon.com/images/I/41WRO-OeUjL._SL500_.jpg" alt="Product Image"></a><p>PandaEar Set of 3 Silicone Baby Bibs Waterproof, Soft, Unisex, 10-72 Months (Brown/Blue/Green)</p><p> -27% 0FF </p><p>$8.45</p><a href="https://www.amazon.com/dp/B08GFCX964?tag=eloabder-20&linkCode=osi&th=1&psc=1">View Product</a></div><div class="product"><a href="https://www.amazon.com/dp/B0B152XRC4?tag=eloabder-20&linkCode=osi&th=1&psc=1"><img src="https://m.media-amazon.com/images/I/51OYlHgekxL._SL500_.jpg" alt="Product Image"></a><p>8-Pack Organic Baby Bibs for Boys, Girls - Soft Cotton Drooling and Teething Baby Bibs, Baby Girl Bibs, Baby Boy Bibs, Baby Drool Bibs for Baby Girl, Boy, Newborn Infant Bibs (Sweet Charm)</p><p> -39% 0FF </p><p>$16.96</p><a href="https://www.amazon.com/dp/B0B152XRC4?tag=eloabder-20&linkCode=osi&th=1&psc=1">View Product</a></div>
<div class="product"><a href="https://www.amazon.com/dp/B01CJABFKM?tag=eloabder-20&linkCode=osi&th=1&psc=1"><img src="https://m.media-amazon.com/images/I/41Cy6DIfuuL._SL500_.jpg" alt="Product Image"></a><p>Custom Catch Personalized Baby Blanket for Boys - Blue</p><p> -27% 0FF </p><p>$21.94</p><a href="https://www.amazon.com/dp/B01CJABFKM?tag=eloabder-20&linkCode=osi&th=1&psc=1">View Product</a></div><div class="product"><a href="https://www.amazon.com/dp/B098NY9KW8?tag=eloabder-20&linkCode=osi&th=1&psc=1"><img src="https://m.media-amazon.com/images/I/41k5gWkxQgL._SL500_.jpg" alt="Product Image"></a><p>Momcozy Muslin Swaddle Blankets, Swaddle Blanket for Baby Boys and Girls, 4-Pack Breathable and Skin-Friendly Baby Receiving Blankets Swaddle Wrap, Baby Essentials, Registry & Gift, 47 x 47 inches</p><p> -40% 0FF </p><p>$29.99</p><a href="https://www.amazon.com/dp/B098NY9KW8?tag=eloabder-20&linkCode=osi&th=1&psc=1">View Product</a></div><div class="product"><a href="https://www.amazon.com/dp/B0CNPDMD1R?tag=eloabder-20&linkCode=osi&th=1&psc=1"><img src="https://m.media-amazon.com/images/I/41P19H8j35L._SL500_.jpg" alt="Product Image"></a><p>Yurhap Fleece Baby Blanket Heart Checkered Blanket, Ultra Soft Cozy Baby Blankets for Girls Boys, Fluffy Infant Toddler Newborn Receiving Blankets for Crib Stroller 30”×40” (Light Pink)</p><p> -33% 0FF </p><p>$9.99</p><a href="https://www.amazon.com/dp/B0CNPDMD1R?tag=eloabder-20&linkCode=osi&th=1&psc=1">View Product</a></div><div class="product"><a href="https://www.amazon.com/dp/B0B3J7RYTF?tag=eloabder-20&linkCode=osi&th=1&psc=1"><img src="https://m.media-amazon.com/images/I/41xEsOQY4yL._SL500_.jpg" alt="Product Image"></a><p>Konssy Waffle Baby Blankets, Nursery Blankets for Boys Girls, Swaddle Blankets Neutral Soft Lightweight Toddler and Kids Throw Blankets(Oat)</p><p> -23% 0FF </p><p>$22.99</p><a href="https://www.amazon.com/dp/B0B3J7RYTF?tag=eloabder-20&linkCode=osi&th=1&psc=1">View Product</a></div><div class="product"><a href="https://www.amazon.com/dp/B0BD6TPYXR?tag=eloabder-20&linkCode=osi&th=1&psc=1"><img src="https://m.media-amazon.com/images/I/51SPJrzTpKL._SL500_.jpg" alt="Product Image"></a><p>Konssy Baby Blankets for Unisex Boys Girls, Super Soft Nursery Minky Blankets with Muslin Cotton Front and Dotted Fleece Backing, Printed Bed Throws Newborn</p><p> -10% 0FF </p><p>$18.99</p><a href="https://www.amazon.com/dp/B0BD6TPYXR?tag=eloabder-20&linkCode=osi&th=1&psc=1">View Product</a></div>
<div class="product"><a href="https://www.amazon.com/dp/B081FTXL88?tag=eloabder-20&linkCode=osi&th=1&psc=1"><img src="https://m.media-amazon.com/images/I/31S6fvevhIL._SL500_.jpg" alt="Product Image"></a><p>Munchkin® Bristle™ Bottle Brush, Grey</p><p> -23% 0FF </p><p>$4.47</p><a href="https://www.amazon.com/dp/B081FTXL88?tag=eloabder-20&linkCode=osi&th=1&psc=1">View Product</a></div><div class="product"><a href="https://www.amazon.com/dp/B082PZ44M9?tag=eloabder-20&linkCode=osi&th=1&psc=1"><img src="https://m.media-amazon.com/images/I/21NI5khXnaL._SL500_.jpg" alt="Product Image"></a><p>Boon Cacti Bottle Cleaning Brush Set - Includes Bottle Brush, Nipple Brush, Detail Brush, and Straw Brush - Baby Bottle Brush Set for Bottle Drying Rack - Baby Essentials - 4 Count</p><p> -12% 0FF </p><p>$13.49</p><a href="https://www.amazon.com/dp/B082PZ44M9?tag=eloabder-20&linkCode=osi&th=1&psc=1">View Product</a></div><div class="product"><a href="https://www.amazon.com/dp/B0CQKF5CWS?tag=eloabder-20&linkCode=osi&th=1&psc=1"><img src="https://m.media-amazon.com/images/I/31RoBDDbg3L._SL500_.jpg" alt="Product Image"></a><p>Munchkin® Bristle™ Bottle Brush, Modern Design, Grey</p><p> -23% 0FF </p><p>$4.47</p><a href="https://www.amazon.com/dp/B0CQKF5CWS?tag=eloabder-20&linkCode=osi&th=1&psc=1">View Product</a></div><div class="product"><a href="https://www.amazon.com/dp/B01968GERY?tag=eloabder-20&linkCode=osi&th=1&psc=1"><img src="https://m.media-amazon.com/images/I/21rubIV8FNL._SL500_.jpg" alt="Product Image"></a><p>NUK Triple Action Baby Bottle & Nipple Brush, 3 Powerful Cleaning Materials - Bristles, Sponge, & Scruber, Non-Slip Handle, Odor Resistant, Top Rack Dishwasher Safe</p><p> -54% 0FF </p><p>$4.49</p><a href="https://www.amazon.com/dp/B01968GERY?tag=eloabder-20&linkCode=osi&th=1&psc=1">View Product</a></div>
<div class="product"><a href="https://www.amazon.com/dp/B09CGTPJSL?tag=eloabder-20&linkCode=osi&th=1&psc=1"><img src="https://m.media-amazon.com/images/I/31O1L+MYMxL._SL500_.jpg" alt="Product Image"></a><p>Baby Bottle Sterilizer | Esterilizador de Biberones, 6-in-1 HAUTURE Bottle Sterilizer and Dryer, Electric Steam Bottle Sanitizer for Baby Stuffs, Baby Bottles & Breast Pump Accessories</p><p> -10% 0FF </p><p>$69.98</p><a href="https://www.amazon.com/dp/B09CGTPJSL?tag=eloabder-20&linkCode=osi&th=1&psc=1">View Product</a></div><div class="product"><a href="https://www.amazon.com/dp/B007VBXKG2?tag=eloabder-20&linkCode=osi&th=1&psc=1"><img src="https://m.media-amazon.com/images/I/315F64OEQHL._SL500_.jpg" alt="Product Image"></a><p>Philips AVENT Microwave Steam Sterilizer for Baby Bottles, Pacifiers, Cups and More, SCF281/05</p><p> -29% 0FF </p><p>$22.79</p><a href="https://www.amazon.com/dp/B007VBXKG2?tag=eloabder-20&linkCode=osi&th=1&psc=1">View Product</a></div><div class="product"><a href="https://www.amazon.com/dp/B09HJDX5S6?tag=eloabder-20&linkCode=osi&th=1&psc=1"><img src="https://m.media-amazon.com/images/I/41rjM6KCAmL._SL500_.jpg" alt="Product Image"></a><p>Baby Brezza Bottle Sterilizer and Dryer Advanced – Electric Steam Sterilization Machine Universal Sterilizing for All Bottles: Plastic + Glass Pacifiers Breast Pump Parts - HEPA Filtration</p><p> -15% 0FF </p><p>$118.99</p><a href="https://www.amazon.com/dp/B09HJDX5S6?tag=eloabder-20&linkCode=osi&th=1&psc=1">View Product</a></div><div class="product"><a href="https://www.amazon.com/dp/B0D474DSB6?tag=eloabder-20&linkCode=osi&th=1&psc=1"><img src="https://m.media-amazon.com/images/I/41p78Of58KL._SL500_.jpg" alt="Product Image"></a><p>Bottle Sterilizer and Dryer, HIYAKOI Electric Steam Baby Bottle Sterilizer and Dryer, All-in-One Sterilizer 2 Layers Large for Baby Bottles, Parts & Other Newborn Essentials - HEPA Filtration</p><p> -38% 0FF </p><p>$49.99</p><a href="https://www.amazon.com/dp/B0D474DSB6?tag=eloabder-20&linkCode=osi&th=1&psc=1">View Product</a></div><div class="product"><a href="https://www.amazon.com/dp/B0CQQFFQKJ?tag=eloabder-20&linkCode=osi&th=1&psc=1"><img src="https://m.media-amazon.com/images/I/41tQNekOelL._SL500_.jpg" alt="Product Image"></a><p>Momcozy Bottle Sterilizer and Dryer, 8-in-1 Electric Steam Baby Bottle Sterilizer for Baby Bottles, Baby stuffs & Breast Pump Accessories</p><p> -36% 0FF </p><p>$63.99</p><a href="https://www.amazon.com/dp/B0CQQFFQKJ?tag=eloabder-20&linkCode=osi&th=1&psc=1">View Product</a></div><div class="product"><a href="https://www.amazon.com/dp/B09HH7HSGV?tag=eloabder-20&linkCode=osi&th=1&psc=1"><img src="https://m.media-amazon.com/images/I/31tOSRxwFYL._SL500_.jpg" alt="Product Image"></a><p>GROWNSY Bottle Sterilizer and Dryer, 2024 Compact Electric Steam Baby Bottle Sterilizer (Esterilizador de Biberones), Bottle Sanitizer for Baby Bottles, Pacifiers, Pump Parts</p><p> -33% 0FF </p><p>$59.99</p><a href="https://www.amazon.com/dp/B09HH7HSGV?tag=eloabder-20&linkCode=osi&th=1&psc=1">View Product</a></div>
<div class="product"><a href="https://www.amazon.com/dp/B07G4KBQJ7?tag=eloabder-20&linkCode=osi&th=1&psc=1"><img src="https://m.media-amazon.com/images/I/41WM4mOjQiL._SL500_.jpg" alt="Product Image"></a><p>Evenflo Feeding Classic Tinted Plastic Standard Neck Bottles for Baby, Infant and Newborn, Pink/Lavender/Teal, 8 Ounce (Pack of 12)</p><p> -27% 0FF </p><p>$10.19</p><a href="https://www.amazon.com/dp/B07G4KBQJ7?tag=eloabder-20&linkCode=osi&th=1&psc=1">View Product</a></div><div class="product"><a href="https://www.amazon.com/dp/B00N9X4YZW?tag=eloabder-20&linkCode=osi&th=1&psc=1"><img src="https://m.media-amazon.com/images/I/51kDCJ8oQmL._SL500_.jpg" alt="Product Image"></a><p>Evenflo Feeding Classic Tinted Plastic Standard Neck Bottles for Baby, Infant and Newborn - Teal/Green/Blue, 8 Ounce (Pack of 12)</p><p> -31% 0FF </p><p>$9.68</p><a href="https://www.amazon.com/dp/B00N9X4YZW?tag=eloabder-20&linkCode=osi&th=1&psc=1">View Product</a></div><div class="product"><a href="https://www.amazon.com/dp/B07DCQKC33?tag=eloabder-20&linkCode=osi&th=1&psc=1"><img src="https://m.media-amazon.com/images/I/41jfe6zVMgL._SL500_.jpg" alt="Product Image"></a><p>Dr. Brown's Anti-Colic Baby Feeding Set with Slow Flow Nipples, Travel Caps, Silicone Pacifier - Pink</p><p> -20% 0FF </p><p>$18.41</p><a href="https://www.amazon.com/dp/B07DCQKC33?tag=eloabder-20&linkCode=osi&th=1&psc=1">View Product</a></div>
<div class="product"><a href="https://www.amazon.com/dp/B095F28Q6J?tag=eloabder-20&linkCode=osi&th=1&psc=1"><img src="https://m.media-amazon.com/images/I/311FVQReZOL._SL500_.jpg" alt="Product Image"></a><p>Baby Delight Alpine Deluxe Portable Bouncer, Infant, 0-6 Months, 100% GOTS Certified Cotton Fabrics, Organic Oat</p><p> -22% 0FF </p><p>$69.99</p><a href="https://www.amazon.com/dp/B095F28Q6J?tag=eloabder-20&linkCode=osi&th=1&psc=1">View Product</a></div><div class="product"><a href="https://www.amazon.com/dp/B0BLP5G5FJ?tag=eloabder-20&linkCode=osi&th=1&psc=1"><img src="https://m.media-amazon.com/images/I/41F7YHDOEGL._SL500_.jpg" alt="Product Image"></a><p>Bright Starts Playful Paradise Comfy Baby Bouncer Seat with Soothing Vibration and Toys, Unisex, 0-6 Months</p><p> -26% 0FF </p><p>$22.11</p><a href="https://www.amazon.com/dp/B0BLP5G5FJ?tag=eloabder-20&linkCode=osi&th=1&psc=1">View Product</a></div><div class="product"><a href="https://www.amazon.com/dp/B016DAWD3W?tag=eloabder-20&linkCode=osi&th=1&psc=1"><img src="https://m.media-amazon.com/images/I/31SssXA+BHL._SL500_.jpg" alt="Product Image"></a><p>BabyBjörn Bouncer Balance Soft, Cotton/Jersey, Dark Gray/Gray (005084US)</p><p> -14% 0FF </p><p>$179.99</p><a href="https://www.amazon.com/dp/B016DAWD3W?tag=eloabder-20&linkCode=osi&th=1&psc=1">View Product</a></div><div class="product"><a href="https://www.amazon.com/dp/B07C9ZR2VC?tag=eloabder-20&linkCode=osi&th=1&psc=1"><img src="https://m.media-amazon.com/images/I/41wSBC1+j4L._SL500_.jpg" alt="Product Image"></a><p>Smart Steps Trend EZ Bouncer, Bluebell</p><p> -45% 0FF </p><p>$29.99</p><a href="https://www.amazon.com/dp/B07C9ZR2VC?tag=eloabder-20&linkCode=osi&th=1&psc=1">View Product</a></div>
<div class="product"><a href="https://www.amazon.com/dp/B07XMN3SK6?tag=eloabder-20&linkCode=osi&th=1&psc=1"><img src="https://m.media-amazon.com/images/I/41bHS4nTJ2L._SL500_.jpg" alt="Product Image"></a><p>Infantino Flip 4-in-1 Carrier - Ergonomic for Newborns and Older Babies 8-32 lbs</p><p> -21% 0FF </p><p>$29.99</p><a href="https://www.amazon.com/dp/B07XMN3SK6?tag=eloabder-20&linkCode=osi&th=1&psc=1">View Product</a></div><div class="product"><a href="https://www.amazon.com/dp/B0743L6R1T?tag=eloabder-20&linkCode=osi&th=1&psc=1"><img src="https://m.media-amazon.com/images/I/31ZGsR+w+1L._SL500_.jpg" alt="Product Image"></a><p>Ergobaby Omni 360 All-Position Baby Carrier for Newborn to Toddler with Lumbar Support (7-45 Pounds), Pearl Grey, One Size (Pack of 1)</p><p> -39% 0FF </p><p>$110.00</p><a href="https://www.amazon.com/dp/B0743L6R1T?tag=eloabder-20&linkCode=osi&th=1&psc=1">View Product</a></div><div class="product"><a href="https://www.amazon.com/dp/B0CDQ1XH6W?tag=eloabder-20&linkCode=osi&th=1&psc=1"><img src="https://m.media-amazon.com/images/I/41kAV5NXZBL._SL500_.jpg" alt="Product Image"></a><p>Momcozy Baby Carrier Newborn to Toddler - Ergonomic, Cozy and Lightweight Infant Carrier for 7-44lbs, Effortless to Put On, Ideal for Hands-Free Parenting, Enhanced Lumbar Support, Leopard</p><p> -8% 0FF </p><p>$59.99</p><a href="https://www.amazon.com/dp/B0CDQ1XH6W?tag=eloabder-20&linkCode=osi&th=1&psc=1">View Product</a></div><div class="product"><a href="https://www.amazon.com/dp/B005SP2LWW?tag=eloabder-20&linkCode=osi&th=1&psc=1"><img src="https://m.media-amazon.com/images/I/31fYPOjdFrL._SL500_.jpg" alt="Product Image"></a><p>Boba Baby Wrap Carrier - Original Baby Carrier Wrap Sling for Newborns - Baby Wearing Essentials - Newborn Wrap Swaddle Holder, Newborn to Toddler Infant Sling (Grey)</p><p> -19% 0FF </p><p>$32.49</p><a href="https://www.amazon.com/dp/B005SP2LWW?tag=eloabder-20&linkCode=osi&th=1&psc=1">View Product</a></div><div class="product"><a href="https://www.amazon.com/dp/B098X8WS7Y?tag=eloabder-20&linkCode=osi&th=1&psc=1"><img src="https://m.media-amazon.com/images/I/41az3xS82UL._SL500_.jpg" alt="Product Image"></a><p>Momcozy Baby Wrap Carrier, Easy to Wear Infant Carrier Slings, Lightweight Hands Free Baby Sling, Adjustable Baby Carriers for Newborn to Toddler 8-35 lbs, Black</p><p> -28% 0FF </p><p>$32.99</p><a href="https://www.amazon.com/dp/B098X8WS7Y?tag=eloabder-20&linkCode=osi&th=1&psc=1">View Product</a></div>
<div class="product"><a href="https://www.amazon.com/dp/B01N3MYVZM?tag=eloabder-20&linkCode=osi&th=1&psc=1"><img src="https://m.media-amazon.com/images/I/41CLrlYJDnL._SL500_.jpg" alt="Product Image"></a><p>Graco SlimFit 3-in-1 Convertible Car Seat, Ultra-Space-Saving Design, Darcie, Suitable for Rear and Forward-Facing, Highback Booster Seat with 10-Position Headrest</p><p> -21% 0FF </p><p>$157.99</p><a href="https://www.amazon.com/dp/B01N3MYVZM?tag=eloabder-20&linkCode=osi&th=1&psc=1">View Product</a></div><div class="product"><a href="https://www.amazon.com/dp/B07J37RTPG?tag=eloabder-20&linkCode=osi&th=1&psc=1"><img src="https://m.media-amazon.com/images/I/41fGAx7LcGL._SL500_.jpg" alt="Product Image"></a><p>Graco 4Ever DLX 4-in-1 Car Seat, Grey, Infant to Toddler Car Seat, with 10 Years of Use, Rear-facing, Forward-facing and Booster Modes, Safe, Comfortable and Convenient</p><p> -7% 0FF </p><p>$279.00</p><a href="https://www.amazon.com/dp/B07J37RTPG?tag=eloabder-20&linkCode=osi&th=1&psc=1">View Product</a></div><div class="product"><a href="https://www.amazon.com/dp/B07R9H1JC9?tag=eloabder-20&linkCode=osi&th=1&psc=1"><img src="https://m.media-amazon.com/images/I/41NwO9xrBGL._SL500_.jpg" alt="Product Image"></a><p>Graco Grows4Me 4-in-1 Car Seat, Convertible Infant to Toddler Car Seat and Booster, West Point Design, for 10 Years of Safe, Comfortable Journeys</p><p> -29% 0FF </p><p>$199.99</p><a href="https://www.amazon.com/dp/B07R9H1JC9?tag=eloabder-20&linkCode=osi&th=1&psc=1">View Product</a></div>
<div class="product"><a href="https://www.amazon.com/dp/B08RN8G58P?tag=eloabder-20&linkCode=osi&th=1&psc=1"><img src="https://m.media-amazon.com/images/I/41Qid-FWhYL._SL500_.jpg" alt="Product Image"></a><p>Baby Portable Changing Pad Travel - Waterproof Compact Diaper Changing Mat with Built-in Pillow - Lightweight & Foldable Changing Station, Newborn Shower Gifts</p><p> -29% 0FF </p><p>$9.99</p><a href="https://www.amazon.com/dp/B08RN8G58P?tag=eloabder-20&linkCode=osi&th=1&psc=1">View Product</a></div><div class="product"><a href="https://www.amazon.com/dp/B089XVKJSL?tag=eloabder-20&linkCode=osi&th=1&psc=1"><img src="https://m.media-amazon.com/images/I/51qlzLJHUWL._SL500_.jpg" alt="Product Image"></a><p>Portable Diaper Changing Pad - Waterproof Foldable Baby Changing Mat - Travel Diaper Change Mat - Lightweight Changing Pads for Baby - Baby Changer - Machine Washable (Black Geo)</p><p> -7% 0FF </p><p>$12.96</p><a href="https://www.amazon.com/dp/B089XVKJSL?tag=eloabder-20&linkCode=osi&th=1&psc=1">View Product</a></div><div class="product"><a href="https://www.amazon.com/dp/B08PH9Y6QS?tag=eloabder-20&linkCode=osi&th=1&psc=1"><img src="https://m.media-amazon.com/images/I/21cBsus1AHL._SL500_.jpg" alt="Product Image"></a><p>Regalo Baby Basics Infant Changing Pad, White , 31x16x4 Inch (Pack of 1)</p><p> -33% 0FF </p><p>$19.99</p><a href="https://www.amazon.com/dp/B08PH9Y6QS?tag=eloabder-20&linkCode=osi&th=1&psc=1">View Product</a></div>
<div class="product"><a href="https://www.amazon.com/dp/B07GFNVLS2?tag=eloabder-20&linkCode=osi&th=1&psc=1"><img src="https://m.media-amazon.com/images/I/31T-p4V5gsL._SL500_.jpg" alt="Product Image"></a><p>Gerber Unisex Baby Multi-Pack Long-Sleeve Onesies Bodysuit Mitten Cuff Sizes 6-Pack Mitten Cuff 0-3 Months</p><p> -12% 0FF </p><p>$15.81</p><a href="https://www.amazon.com/dp/B07GFNVLS2?tag=eloabder-20&linkCode=osi&th=1&psc=1">View Product</a></div><div class="product"><a href="https://www.amazon.com/dp/B0CP3NQCN3?tag=eloabder-20&linkCode=osi&th=1&psc=1"><img src="https://m.media-amazon.com/images/I/41MpsB3rYcL._SL500_.jpg" alt="Product Image"></a><p>Kaipiclos Newborn Infant Girl Clothes Rib Knit Romper Daisy Print Pants Headband Baby Clothes for Girls 0 3 6 12 18 24 Months</p><p> -10% 0FF </p><p>$14.99</p><a href="https://www.amazon.com/dp/B0CP3NQCN3?tag=eloabder-20&linkCode=osi&th=1&psc=1">View Product</a></div><div class="product"><a href="https://www.amazon.com/dp/B0D88Z7VLZ?tag=eloabder-20&linkCode=osi&th=1&psc=1"><img src="https://m.media-amazon.com/images/I/41Au0yzblbL._SL500_.jpg" alt="Product Image"></a><p>Burt's Bees Baby Baby Boys Pajamas, Sleep and Play Loose Fit, 100% Organic Cotton, Soft One-piece PJs, Diagonal Zip Up Jumpsuit Newborn Essentials with Interior Zipper Guard in sizes NB to 6-9 Months</p><p> -49% 0FF </p><p>$7.60</p><a href="https://www.amazon.com/dp/B0D88Z7VLZ?tag=eloabder-20&linkCode=osi&th=1&psc=1">View Product</a></div>
<div class="product"><a href="https://www.amazon.com/dp/B002FQK8IQ?tag=eloabder-20&linkCode=osi&th=1&psc=1"><img src="https://m.media-amazon.com/images/I/41WTSrhkJ4L._SL500_.jpg" alt="Product Image"></a><p>Safety 1st Easy Grip Brush and Comb, Colors May Vary</p><p> -23% 0FF </p><p>$4.59</p><a href="https://www.amazon.com/dp/B002FQK8IQ?tag=eloabder-20&linkCode=osi&th=1&psc=1">View Product</a></div><div class="product"><a href="https://www.amazon.com/dp/B07T16DQ31?tag=eloabder-20&linkCode=osi&th=1&psc=1"><img src="https://m.media-amazon.com/images/I/41Grt+V3Q7L._SL500_.jpg" alt="Product Image"></a><p>Frida Baby The 3-Step Cradle Cap System, DermaFrida The FlakeFixer, Sponge, Brush, Comb and Storage Stand for Babies with Cradle Cap, White-Blue</p><p> -15% 0FF </p><p>$14.44</p><a href="https://www.amazon.com/dp/B07T16DQ31?tag=eloabder-20&linkCode=osi&th=1&psc=1">View Product</a></div>
<div class="product"><a href="https://www.amazon.com/dp/B071K5T5Q2?tag=eloabder-20&linkCode=osi&th=1&psc=1"><img src="https://m.media-amazon.com/images/I/21rvQFmQBLL._SL500_.jpg" alt="Product Image"></a><p>The Honest Company Silicone-Free Conditioner | Gentle for Baby | Naturally Derived, Tear-free, Hypoallergenic | Fragrance Free Sensitive, 10 fl oz</p><p> -16% 0FF </p><p>$10.10 ($1.01 / Fl Oz)</p><a href="https://www.amazon.com/dp/B071K5T5Q2?tag=eloabder-20&linkCode=osi&th=1&psc=1">View Product</a></div><div class="product"><a href="https://www.amazon.com/dp/B07DGJ57P7?tag=eloabder-20&linkCode=osi&th=1&psc=1"><img src="https://m.media-amazon.com/images/I/31AEfjD6FyL._SL500_.jpg" alt="Product Image"></a><p>Johnson's Baby No More Tangles 2-in-1 Detangling Hair Shampoo & Conditioner for Kids & Toddlers, Gentle & Tear-Free, Hypoallergenic & Free of Parabens, Phthalates, Sulfates & Dyes, 20.3 fl. oz</p><p> -7% 0FF </p><p>$6.29 ($0.31 / Fl Oz)</p><a href="https://www.amazon.com/dp/B07DGJ57P7?tag=eloabder-20&linkCode=osi&th=1&psc=1">View Product</a></div><div class="product"><a href="https://www.amazon.com/dp/B07S89SL7D?tag=eloabder-20&linkCode=osi&th=1&psc=1"><img src="https://m.media-amazon.com/images/I/313C69-mF6L._SL500_.jpg" alt="Product Image"></a><p>Johnson's Baby Curl Defining Tear-Free Kids' Leave-in Conditioner with Shea Butter, Paraben-, Sulfate- & Dye-Free Formula, Hypoallergenic & Gentle for Toddlers' Hair, 6.8 fl. Oz</p><p> -28% 0FF </p><p>$6.11 ($0.90 / Fl Oz)</p><a href="https://www.amazon.com/dp/B07S89SL7D?tag=eloabder-20&linkCode=osi&th=1&psc=1">View Product</a></div><div class="product"><a href="https://www.amazon.com/dp/B07S7BPB2Q?tag=eloabder-20&linkCode=osi&th=1&psc=1"><img src="https://m.media-amazon.com/images/I/31DemfdZoNL._SL500_.jpg" alt="Product Image"></a><p>Johnson's Baby Shiny & Soft Tear-Free Kids' Hair Conditioning Spray with Argan Oil & Silk Proteins, Paraben, Sulfate & Dye-Free Formula, Hypoallergenic & Gentle for Toddlers, 10 Fl Oz</p><p> -33% 0FF </p><p>$5.66 ($0.57 / Fl Oz)</p><a href="https://www.amazon.com/dp/B07S7BPB2Q?tag=eloabder-20&linkCode=osi&th=1&psc=1">View Product</a></div><div class="product"><a href="https://www.amazon.com/dp/B0CJP91HN7?tag=eloabder-20&linkCode=osi&th=1&psc=1"><img src="https://m.media-amazon.com/images/I/41Z4G7wsFWL._SL500_.jpg" alt="Product Image"></a><p>ECOLATIÈR Kids Hair Balm Easy Detangling 3+ - Toddler Hair Conditioner, Tear-Free, 96.8% Natural, Vegan, Strengthens & Softens Kids' Hair, No Irritation - 8.5 Fl Oz</p><p> -14% 0FF </p><p>$9.49 ($1.12 / Ounce)</p><a href="https://www.amazon.com/dp/B0CJP91HN7?tag=eloabder-20&linkCode=osi&th=1&psc=1">View Product</a></div>
<div class="product"><a href="https://www.amazon.com/dp/B07Y3WQHZ6?tag=eloabder-20&linkCode=osi&th=1&psc=1"><img src="https://m.media-amazon.com/images/I/41Ai-kbx6LL._SL500_.jpg" alt="Product Image"></a><p>Delta Children Essex 4-in-1 Convertible Baby Crib, Bianca White with Natural Legs</p><p> -34% 0FF </p><p>$145.96</p><a href="https://www.amazon.com/dp/B07Y3WQHZ6?tag=eloabder-20&linkCode=osi&th=1&psc=1">View Product</a></div><div class="product"><a href="https://www.amazon.com/dp/B00LFP61PW?tag=eloabder-20&linkCode=osi&th=1&psc=1"><img src="https://m.media-amazon.com/images/I/41jj-ehw-vL._SL500_.jpg" alt="Product Image"></a><p>Graco Benton 5-in-1 Convertible Crib (White) – GREENGUARD Gold Certified, Converts from Baby Crib to Toddler Bed, Daybed and Full-Size Bed, Fits Standard Full-Size Crib Mattress</p><p> -20% 0FF </p><p>$159.99</p><a href="https://www.amazon.com/dp/B00LFP61PW?tag=eloabder-20&linkCode=osi&th=1&psc=1">View Product</a></div><div class="product"><a href="https://www.amazon.com/dp/B00EANJX5Q?tag=eloabder-20&linkCode=osi&th=1&psc=1"><img src="https://m.media-amazon.com/images/I/41+kxqP4icL._SL500_.jpg" alt="Product Image"></a><p>Dream On Me Synergy 5-In-1 Convertible Crib In White, Greenguard Gold Certified</p><p> -31% 0FF </p><p>$137.20</p><a href="https://www.amazon.com/dp/B00EANJX5Q?tag=eloabder-20&linkCode=osi&th=1&psc=1">View Product</a></div><div class="product"><a href="https://www.amazon.com/dp/B08D4N5RKW?tag=eloabder-20&linkCode=osi&th=1&psc=1"><img src="https://m.media-amazon.com/images/I/41sUNWg3sBL._SL500_.jpg" alt="Product Image"></a><p>Graco Hadley 5-in-1 Convertible Crib and Changer with Drawer (White) – GREENGUARD Gold Certified, Crib and Changing -Table Combo with Drawer, Includes Baby Changing Pad, Converts to Full-Size Bed</p><p> -18% 0FF </p><p>$359.99</p><a href="https://www.amazon.com/dp/B08D4N5RKW?tag=eloabder-20&linkCode=osi&th=1&psc=1">View Product</a></div><div class="product"><a href="https://www.amazon.com/dp/B08PMJBN33?tag=eloabder-20&linkCode=osi&th=1&psc=1"><img src="https://m.media-amazon.com/images/I/416ZYsREZOL._SL500_.jpg" alt="Product Image"></a><p>Oxford Baby North Bay 4-in-1 Convertible Baby Crib, Dove Gray, GreenGuard Gold Certified</p><p> -18% 0FF </p><p>$188.09</p><a href="https://www.amazon.com/dp/B08PMJBN33?tag=eloabder-20&linkCode=osi&th=1&psc=1">View Product</a></div><div class="product"><a href="https://www.amazon.com/dp/B078WTVBVW?tag=eloabder-20&linkCode=osi&th=1&psc=1"><img src="https://m.media-amazon.com/images/I/41NpHX4YnfL._SL500_.jpg" alt="Product Image"></a><p>Dream On Me Jayden 4-in-1 Mini Convertible Crib And Changer in Storm Grey, Greenguard Gold Certified, Non-Toxic Finish, New Zealand Pinewood, 1" Mattress Pad</p><p> -35% 0FF </p><p>$259.99</p><a href="https://www.amazon.com/dp/B078WTVBVW?tag=eloabder-20&linkCode=osi&th=1&psc=1">View Product</a></div>
<div class="product"><a href="https://www.amazon.com/dp/B01M4QMQ4B?tag=eloabder-20&linkCode=osi&th=1&psc=1"><img src="https://m.media-amazon.com/images/I/317ardc5Y-L._SL500_.jpg" alt="Product Image"></a><p>The Honest Company 2-in-1 Cleansing Shampoo + Body Wash | Gentle for Baby | Naturally Derived, Tear-free, Hypoallergenic | Lavender Calm, 10 fl oz</p><p> -8% 0FF </p><p>$10.99 ($1.10 / Fl Oz)</p><a href="https://www.amazon.com/dp/B01M4QMQ4B?tag=eloabder-20&linkCode=osi&th=1&psc=1">View Product</a></div><div class="product"><a href="https://www.amazon.com/dp/B09MVMNW5M?tag=eloabder-20&linkCode=osi&th=1&psc=1"><img src="https://m.media-amazon.com/images/I/41GDxpQsmOL._SL500_.jpg" alt="Product Image"></a><p>Cetaphil Baby Wash & Shampoo, 13.5oz Pack of 2, Hypoallergenic, Gentle Enough for Everyday Use, Soap Free</p><p> -10% 0FF </p><p>$16.99</p><a href="https://www.amazon.com/dp/B09MVMNW5M?tag=eloabder-20&linkCode=osi&th=1&psc=1">View Product</a></div><div class="product"><a href="https://www.amazon.com/dp/B0CZY44GD2?tag=eloabder-20&linkCode=osi&th=1&psc=1"><img src="https://m.media-amazon.com/images/I/31Gh3bZjFXL._SL500_.jpg" alt="Product Image"></a><p>Aveeno Baby Healthy Start Nourishing Newborn Wash, Hypoallergenic Baby Body Wash with Prebiotic Oat Gently Cleanses Delicate Newborn Skin, Fragrance-Free, Tear-Free, Paraben-Free, 8 fl. oz</p><p> -21% 0FF </p><p>$7.01 ($0.88 / Fl Oz)</p><a href="https://www.amazon.com/dp/B0CZY44GD2?tag=eloabder-20&linkCode=osi&th=1&psc=1">View Product</a></div>
<div class="product"><a href="https://www.amazon.com/dp/B07M6FL57T?tag=eloabder-20&linkCode=osi&th=1&psc=1"><img src="https://m.media-amazon.com/images/I/51iE4BjVpYL._SL500_.jpg" alt="Product Image"></a><p>Huggies Newborn Diapers, Little Snugglers Baby Diapers, Size Newborn (up to 10 lbs), 31 Count</p><p> -19% 0FF </p><p>$9.94 ($0.32 / Count)</p><a href="https://www.amazon.com/dp/B07M6FL57T?tag=eloabder-20&linkCode=osi&th=1&psc=1">View Product</a></div><div class="product"><a href="https://www.amazon.com/dp/B0CHGCDYJJ?tag=eloabder-20&linkCode=osi&th=1&psc=1"><img src="https://m.media-amazon.com/images/I/41csgXalIEL._SL500_.jpg" alt="Product Image"></a><p>Huggies Size Newborn Diapers, Skin Essentials Baby Diapers, Size Newborn (6-9 lbs), 31 Count</p><p> -19% 0FF </p><p>$9.94 ($0.32 / Count)</p><a href="https://www.amazon.com/dp/B0CHGCDYJJ?tag=eloabder-20&linkCode=osi&th=1&psc=1">View Product</a></div><div class="product"><a href="https://www.amazon.com/dp/B082QBHW74?tag=eloabder-20&linkCode=osi&th=1&psc=1"><img src="https://m.media-amazon.com/images/I/41z+Jw1td2L._SL500_.jpg" alt="Product Image"></a><p>Pampers Pure Protection Diapers Newborn - Size 0, 76 Count, Hypoallergenic Premium Disposable Baby Diapers</p><p> -19% 0FF </p><p>$22.79 ($0.30 / Count)</p><a href="https://www.amazon.com/dp/B082QBHW74?tag=eloabder-20&linkCode=osi&th=1&psc=1">View Product</a></div><div class="product"><a href="https://www.amazon.com/dp/B07M6FL9V2?tag=eloabder-20&linkCode=osi&th=1&psc=1"><img src="https://m.media-amazon.com/images/I/51JPrk+N-RL._SL500_.jpg" alt="Product Image"></a><p>Huggies Size 4 Diapers, Little Movers Baby Diapers, Size 4 (22-37 lbs), 22 Count (Packaging May Vary)</p><p> -19% 0FF </p><p>$9.94 ($0.45 / Count)</p><a href="https://www.amazon.com/dp/B07M6FL9V2?tag=eloabder-20&linkCode=osi&th=1&psc=1">View Product</a></div><div class="product"><a href="https://www.amazon.com/dp/B07T2QM32L?tag=eloabder-20&linkCode=osi&th=1&psc=1"><img src="https://m.media-amazon.com/images/I/41w5IxTMsnL._SL500_.jpg" alt="Product Image"></a><p>Amazon Brand - Mama Bear Gentle Touch Diapers, Hypoallergenic, Size 6, 27 Count, White</p><p> -10% 0FF </p><p>$11.32</p><a href="https://www.amazon.com/dp/B07T2QM32L?tag=eloabder-20&linkCode=osi&th=1&psc=1">View Product</a></div>
<div class="product"><a href="https://www.amazon.com/dp/B001OC5UMQ?tag=eloabder-20&linkCode=osi&th=1&psc=1"><img src="https://m.media-amazon.com/images/I/413nT5TZ9sL._SL500_.jpg" alt="Product Image"></a><p>Regalo Easy Step 38.5-Inch Wide Walk Thru Baby Gate, Includes 6-Inch Extension Kit, Pressure Mount Kit, Wall Cups</p><p> -22% 0FF </p><p>$34.99</p><a href="https://www.amazon.com/dp/B001OC5UMQ?tag=eloabder-20&linkCode=osi&th=1&psc=1">View Product</a></div><div class="product"><a href="https://www.amazon.com/dp/B075XQ2XYV?tag=eloabder-20&linkCode=osi&th=1&psc=1"><img src="https://m.media-amazon.com/images/I/51+9Fa+FH3L._SL500_.jpg" alt="Product Image"></a><p>Evenflo Position & Lock Baby Gate, Pressure-Mounted, Farmhouse Collection</p><p> -9% 0FF </p><p>$19.98</p><a href="https://www.amazon.com/dp/B075XQ2XYV?tag=eloabder-20&linkCode=osi&th=1&psc=1">View Product</a></div><div class="product"><a href="https://www.amazon.com/dp/B01BTUNHSQ?tag=eloabder-20&linkCode=osi&th=1&psc=1"><img src="https://m.media-amazon.com/images/I/31nuC-O3n9L._SL500_.jpg" alt="Product Image"></a><p>Safety 1st Easy Install 28" High Walk Thru Gate, Fits Between 29" and 38"</p><p> -10% 0FF </p><p>$44.99</p><a href="https://www.amazon.com/dp/B01BTUNHSQ?tag=eloabder-20&linkCode=osi&th=1&psc=1">View Product</a></div><div class="product"><a href="https://www.amazon.com/dp/B07WFZSW72?tag=eloabder-20&linkCode=osi&th=1&psc=1"><img src="https://m.media-amazon.com/images/I/41nc627IqxL._SL500_.jpg" alt="Product Image"></a><p>Cumbor 29.7-46" Baby Gate for Stairs, Mom's Choice Awards Winner-Auto Close Dog Gate for the House, Easy Install Pressure Mounted Pet Gates for Doorways, Easy Walk Thru Wide Safety Gate for Dog, Black</p><p> -10% 0FF </p><p>$89.99</p><a href="https://www.amazon.com/dp/B07WFZSW72?tag=eloabder-20&linkCode=osi&th=1&psc=1">View Product</a></div><div class="product"><a href="https://www.amazon.com/dp/B09F36M2T5?tag=eloabder-20&linkCode=osi&th=1&psc=1"><img src="https://m.media-amazon.com/images/I/416tulkEC2L._SL500_.jpg" alt="Product Image"></a><p>COMOMY 36" Extra Tall Baby Gate for Stairs Doorways, Fits Openings 29.5" to 48.8" Wide, Auto Close Extra Wide Dog Gate for House, Pressure Mounted Easy Walk Through Pet Gate with Door, Black</p><p> -13% 0FF </p><p>$69.99</p><a href="https://www.amazon.com/dp/B09F36M2T5?tag=eloabder-20&linkCode=osi&th=1&psc=1">View Product</a></div><div class="product"><a href="https://www.amazon.com/dp/B01EMK5JQI?tag=eloabder-20&linkCode=osi&th=1&psc=1"><img src="https://m.media-amazon.com/images/I/417uxACGTTL._SL500_.jpg" alt="Product Image"></a><p>Regalo Easy Step 49-Inch Extra Wide Baby Gate, Includes 4-Inch and 12-Inch Extension Kit, 4 Pack of Pressure Mount Kit and 4 Pack of Wall Mount Kit, Black</p><p> -20% 0FF </p><p>$39.99</p><a href="https://www.amazon.com/dp/B01EMK5JQI?tag=eloabder-20&linkCode=osi&th=1&psc=1">View Product</a></div><div class="product"><a href="https://www.amazon.com/dp/B07JGDGG23?tag=eloabder-20&linkCode=osi&th=1&psc=1"><img src="https://m.media-amazon.com/images/I/51eFFFBIYUL._SL500_.jpg" alt="Product Image"></a><p>Toddleroo by North States Superyard 6 Panel Baby Play Yard. Playpen or Extra Wide Baby Gate, Wall Mount Kit Included. Made in USA. 38.5" - 201" wide, 5.5 ft corner to corner play yard (26" tall, Gray)</p><p> -29% 0FF </p><p>$61.46</p><a href="https://www.amazon.com/dp/B07JGDGG23?tag=eloabder-20&linkCode=osi&th=1&psc=1">View Product</a></div>
<div class="product"><a href="https://www.amazon.com/dp/B0D8J8RGMN?tag=eloabder-20&linkCode=osi&th=1&psc=1"><img src="https://m.media-amazon.com/images/I/51IQYrOgXVL._SL500_.jpg" alt="Product Image"></a><p>3 Pack Baby Beanie Hats with Earflaps, 2 Size Baby Winter Hat for Newborn Infant Toddler Kids Children with Cute Smiley Face, Soft Warm Fleece Lined Knit Hat for Girls Boys-01</p><p> -47% 0FF </p><p>$15.99</p><a href="https://www.amazon.com/dp/B0D8J8RGMN?tag=eloabder-20&linkCode=osi&th=1&psc=1">View Product</a></div><div class="product"><a href="https://www.amazon.com/dp/B08V4HJF5T?tag=eloabder-20&linkCode=osi&th=1&psc=1"><img src="https://m.media-amazon.com/images/I/41JnGlILpnL._SL500_.jpg" alt="Product Image"></a><p>6 Pieces Newborn Baby Hat Bear Ears Infant Caps Baby Boy Girl Toddler Hats Infant Beanie Caps for 0-3 Months (Black White, Black, Navy Blue, Black Gray, Gray, White,Classic)</p><p> -8% 0FF </p><p>$11.99</p><a href="https://www.amazon.com/dp/B08V4HJF5T?tag=eloabder-20&linkCode=osi&th=1&psc=1">View Product</a></div><div class="product"><a href="https://www.amazon.com/dp/B091D4KRJS?tag=eloabder-20&linkCode=osi&th=1&psc=1"><img src="https://m.media-amazon.com/images/I/41IspZQwuhL._SL500_.jpg" alt="Product Image"></a><p>Baby Boy Sun Hat Bucket Hats for Toddler 6-12,12-24 months</p><p> -20% 0FF </p><p>$14.39</p><a href="https://www.amazon.com/dp/B091D4KRJS?tag=eloabder-20&linkCode=osi&th=1&psc=1">View Product</a></div>
<div class="product"><a href="https://www.amazon.com/dp/B07BVN1YMN?tag=eloabder-20&linkCode=osi&th=1&psc=1"><img src="https://m.media-amazon.com/images/I/41+i0x5p4TL._SL500_.jpg" alt="Product Image"></a><p>Baby Trend Tot Spot 3-in-1 High Chair, Bluebell</p><p> -40% 0FF </p><p>$59.99</p><a href="https://www.amazon.com/dp/B07BVN1YMN?tag=eloabder-20&linkCode=osi&th=1&psc=1">View Product</a></div><div class="product"><a href="https://www.amazon.com/dp/B01JRY07BQ?tag=eloabder-20&linkCode=osi&th=1&psc=1"><img src="https://m.media-amazon.com/images/I/41zyGMxJY0L._SL500_.jpg" alt="Product Image"></a><p>Cosco Simple Fold High Chair, Comet</p><p> -23% 0FF </p><p>$49.99</p><a href="https://www.amazon.com/dp/B01JRY07BQ?tag=eloabder-20&linkCode=osi&th=1&psc=1">View Product</a></div><div class="product"><a href="https://www.amazon.com/dp/B017VNNWXA?tag=eloabder-20&linkCode=osi&th=1&psc=1"><img src="https://m.media-amazon.com/images/I/41VGIO1sPhL._SL500_.jpg" alt="Product Image"></a><p>Cosco Simple Fold Deluxe High Chair with 3-Position Tray, Monster Syd</p><p> -17% 0FF </p><p>$49.99</p><a href="https://www.amazon.com/dp/B017VNNWXA?tag=eloabder-20&linkCode=osi&th=1&psc=1">View Product</a></div><div class="product"><a href="https://www.amazon.com/dp/B089PKYWJ8?tag=eloabder-20&linkCode=osi&th=1&psc=1"><img src="https://m.media-amazon.com/images/I/31MgSLR6W8L._SL500_.jpg" alt="Product Image"></a><p>Dream On Me Portable 2-in-1 Tabletalk High Chair, Convertible Compact High Chair, Light Weight Portable Highchair, Aqua</p><p> -45% 0FF </p><p>$55.13</p><a href="https://www.amazon.com/dp/B089PKYWJ8?tag=eloabder-20&linkCode=osi&th=1&psc=1">View Product</a></div><div class="product"><a href="https://www.amazon.com/dp/B0CPXDDPDY?tag=eloabder-20&linkCode=osi&th=1&psc=1"><img src="https://m.media-amazon.com/images/I/41qNrW3wklL._SL500_.jpg" alt="Product Image"></a><p>Fodoss 3-in-1 Wooden High Chair for Babies and Toddlers,Convertible Easy Clean Infant Highchair,Silla Modern Design para Comer De Bebe</p><p> -10% 0FF </p><p>$80.98</p><a href="https://www.amazon.com/dp/B0CPXDDPDY?tag=eloabder-20&linkCode=osi&th=1&psc=1">View Product</a></div>
<div class="product"><a href="https://www.amazon.com/dp/B0BG7B1GHP?tag=eloabder-20&linkCode=osi&th=1&psc=1"><img src="https://m.media-amazon.com/images/I/51MRfMlZsSL._SL500_.jpg" alt="Product Image"></a><p>Yoofoss Hooded Baby Towels for Newborn 2 Pack 100% Muslin Cotton Baby Bath Towel with Hood for Babies, Infant, Toddler and Kids, Large 32x32Inch, Soft and Absorbent Newborn Essential</p><p> -20% 0FF </p><p>$15.99</p><a href="https://www.amazon.com/dp/B0BG7B1GHP?tag=eloabder-20&linkCode=osi&th=1&psc=1">View Product</a></div><div class="product"><a href="https://www.amazon.com/dp/B0C6RKZLXW?tag=eloabder-20&linkCode=osi&th=1&psc=1"><img src="https://m.media-amazon.com/images/I/51HX88nmMOL._SL500_.jpg" alt="Product Image"></a><p>Gerber Baby 4 Piece Animal Character Hooded Towel and Washcloth Set, Brown Lion, One Size</p><p> -49% 0FF </p><p>$9.24</p><a href="https://www.amazon.com/dp/B0C6RKZLXW?tag=eloabder-20&linkCode=osi&th=1&psc=1">View Product</a></div><div class="product"><a href="https://www.amazon.com/dp/B0CKXKR1RV?tag=eloabder-20&linkCode=osi&th=1&psc=1"><img src="https://m.media-amazon.com/images/I/41PjOK7YCBL._SL500_.jpg" alt="Product Image"></a><p>Momcozy Baby Hooded Towel, 2 Pack Baby Towel Set, Super Soft Bath Towel with Original Design, Shower Gifts for Infant, Toddler (28 X 28 Inch, Lemon Leaves)</p><p> -19% 0FF </p><p>$21.99</p><a href="https://www.amazon.com/dp/B0CKXKR1RV?tag=eloabder-20&linkCode=osi&th=1&psc=1">View Product</a></div><div class="product"><a href="https://www.amazon.com/dp/B00X21O4L0?tag=eloabder-20&linkCode=osi&th=1&psc=1"><img src="https://m.media-amazon.com/images/I/51fEvVAVyfL._SL500_.jpg" alt="Product Image"></a><p>Luvable Friends Unisex Baby Hooded Towel with Five Washcloths, Boy Fox, One Size</p><p> -17% 0FF </p><p>$9.99</p><a href="https://www.amazon.com/dp/B00X21O4L0?tag=eloabder-20&linkCode=osi&th=1&psc=1">View Product</a></div>
<div class="product"><a href="https://www.amazon.com/dp/B07DGKXBD7?tag=eloabder-20&linkCode=osi&th=1&psc=1"><img src="https://m.media-amazon.com/images/I/31FyDL3570L._SL500_.jpg" alt="Product Image"></a><p>Johnson's Moisturizing Mild Pink Baby Lotion with Coconut Oil for Delicate Baby Skin, Paraben-, Phthalate- & Dye-Free, Hypoallergenic & Dermatologist-Tested, Baby Skin Care, 27.1 Fl. Oz</p><p> -33% 0FF </p><p>$7.19 ($0.27 / Fl Oz)</p><a href="https://www.amazon.com/dp/B07DGKXBD7?tag=eloabder-20&linkCode=osi&th=1&psc=1">View Product</a></div><div class="product"><a href="https://www.amazon.com/dp/B00JF3RYPM?tag=eloabder-20&linkCode=osi&th=1&psc=1"><img src="https://m.media-amazon.com/images/I/31n9VJQSijL._SL500_.jpg" alt="Product Image"></a><p>CeraVe Baby Lotion | Gentle Baby Skin Care with Ceramides, Niacinamide & Vitamin E | Fragrance, Paraben, Dye & Phthalates Free | Lightweight Baby Moisturizer | 8 Ounce | Packaging May Vary</p><p> -10% 0FF </p><p>$8.97 ($1.12 / Fl Oz)</p><a href="https://www.amazon.com/dp/B00JF3RYPM?tag=eloabder-20&linkCode=osi&th=1&psc=1">View Product</a></div><div class="product"><a href="https://www.amazon.com/dp/B094RH4GHC?tag=eloabder-20&linkCode=osi&th=1&psc=1"><img src="https://m.media-amazon.com/images/I/31xi7tuBJAL._SL500_.jpg" alt="Product Image"></a><p>Johnson's Baby Moisturizing Mild Pink Baby Lotion with Coconut Oil for Delicate Baby Skin, Paraben-, Phthalate- & Dye-Free, Hypoallergenic & Dermatologist-Tested, Baby Skin Care, 13.6 Fl. Oz</p><p> -34% 0FF </p><p>$4.49 ($0.33 / Fl Oz)</p><a href="https://www.amazon.com/dp/B094RH4GHC?tag=eloabder-20&linkCode=osi&th=1&psc=1">View Product</a></div><div class="product"><a href="https://www.amazon.com/dp/B0030UF6EW?tag=eloabder-20&linkCode=osi&th=1&psc=1"><img src="https://m.media-amazon.com/images/I/31RKFp5lxLL._SL500_.jpg" alt="Product Image"></a><p>Aveeno Baby Daily Moisture Body Lotion for Sensitive Skin, Hypoallergenic Moisturizing Baby Lotion with Nourishing Oatmeal to Deeply Moisturize Baby's Skin, Fragrance-Free, 18 fl. oz</p><p> -32% 0FF </p><p>$11.06</p><a href="https://www.amazon.com/dp/B0030UF6EW?tag=eloabder-20&linkCode=osi&th=1&psc=1">View Product</a></div><div class="product"><a href="https://www.amazon.com/dp/B00U2VQW72?tag=eloabder-20&linkCode=osi&th=1&psc=1"><img src="https://m.media-amazon.com/images/I/31nMuDcXtPL._SL500_.jpg" alt="Product Image"></a><p>Aveeno Baby Calming Comfort Moisturizing Body Lotion with Relaxing Lavender & Vanilla Scents, Non-Greasy Baby Lotion, Nourishing Prebiotic Oatmeal, Paraben- & Phthalate-Free, 18 fl. oz</p><p> -29% 0FF </p><p>$11.69 ($0.65 / Fl Oz)</p><a href="https://www.amazon.com/dp/B00U2VQW72?tag=eloabder-20&linkCode=osi&th=1&psc=1">View Product</a></div><div class="product"><a href="https://www.amazon.com/dp/B07DGL23H4?tag=eloabder-20&linkCode=osi&th=1&psc=1"><img src="https://m.media-amazon.com/images/I/31YO49z1TsL._SL500_.jpg" alt="Product Image"></a><p>Johnson's Moisturizing Bedtime Baby Lotion with Coconut Oil & NaturalCalm Aromas to Help Relax Baby, Hypoallergenic & Free of Parabens, Phthalates & Dyes, Mild Baby Skin Care, 27.1 fl. oz</p><p> -36% 0FF </p><p>$9.50 ($0.35 / Fl Oz)</p><a href="https://www.amazon.com/dp/B07DGL23H4?tag=eloabder-20&linkCode=osi&th=1&psc=1">View Product</a></div><div class="product"><a href="https://www.amazon.com/dp/B01A59VMSO?tag=eloabder-20&linkCode=osi&th=1&psc=1"><img src="https://m.media-amazon.com/images/I/31P-2Bf0eYL._SL500_.jpg" alt="Product Image"></a><p>Eucerin Baby Body Lotion, Hypoallergenic and Fragrance Free Baby Lotion, Baby Moisturizer with Pro-Vitamin B5 and Shea Butter, 13.5 Fl Oz Bottle</p><p> -17% 0FF </p><p>$9.78 ($0.72 / Fl Oz)</p><a href="https://www.amazon.com/dp/B01A59VMSO?tag=eloabder-20&linkCode=osi&th=1&psc=1">View Product</a></div><div class="product"><a href="https://www.amazon.com/dp/B07DGKXBDD?tag=eloabder-20&linkCode=osi&th=1&psc=1"><img src="https://m.media-amazon.com/images/I/31IvagYz0ML._SL500_.jpg" alt="Product Image"></a><p>Johnson's Baby CottonTouch Newborn Baby Face and Body Lotion, Hypoallergenic and Paraben-Free Moisturization for Baby's Sensitive Skin, Made with Real Cotton, 27.1 fl. oz</p><p> -37% 0FF </p><p>$9.35 ($0.35 / Fl Oz)</p><a href="https://www.amazon.com/dp/B07DGKXBDD?tag=eloabder-20&linkCode=osi&th=1&psc=1">View Product</a></div>
<div class="product"><a href="https://www.amazon.com/dp/B08HSNXSM6?tag=eloabder-20&linkCode=osi&th=1&psc=1"><img src="https://m.media-amazon.com/images/I/4193Km1SQcL._SL500_.jpg" alt="Product Image"></a><p>The Peanutshell Crib Mobile for Boys or Girls - White Musical Baby Crib Mobile with 12 Lullabies, Jungle Animal, Baby Mobile Crib Safari Animals Nursery Decor</p><p> -11% 0FF </p><p>$39.99</p><a href="https://www.amazon.com/dp/B08HSNXSM6?tag=eloabder-20&linkCode=osi&th=1&psc=1">View Product</a></div><div class="product"><a href="https://www.amazon.com/dp/B088TCNZ52?tag=eloabder-20&linkCode=osi&th=1&psc=1"><img src="https://m.media-amazon.com/images/I/41Nuh1UJwkL._SL500_.jpg" alt="Product Image"></a><p>EVERLOVE Montessori Mobile Baby for Crib (TINITIGIES) - Black and White Mobile Give Visual Stimulation to Engage Your Newborn - Baby Crib Mobile for Boys & Girls - Baby Mobile for Crib</p><p> -12% 0FF </p><p>$37.99</p><a href="https://www.amazon.com/dp/B088TCNZ52?tag=eloabder-20&linkCode=osi&th=1&psc=1">View Product</a></div><div class="product"><a href="https://www.amazon.com/dp/B07DM86Z43?tag=eloabder-20&linkCode=osi&th=1&psc=1"><img src="https://m.media-amazon.com/images/I/41wBVQgCTUL._SL500_.jpg" alt="Product Image"></a><p>Baby Einstein Sea Dreams Soother Musical Crib Toy and Sound Machine, Newborn and up</p><p> -15% 0FF </p><p>$33.90</p><a href="https://www.amazon.com/dp/B07DM86Z43?tag=eloabder-20&linkCode=osi&th=1&psc=1">View Product</a></div><div class="product"><a href="https://www.amazon.com/dp/B0B38G1MBD?tag=eloabder-20&linkCode=osi&th=1&psc=1"><img src="https://m.media-amazon.com/images/I/51ES4bHBHqL._SL500_.jpg" alt="Product Image"></a><p>Eners Baby Crib Mobile with Music and Lights, Mobile for Crib with Remote Control, Rotation, Moon and Star Projection, Baby Crib Toys for Boys Girls (Blue)</p><p> -6% 0FF </p><p>$33.99</p><a href="https://www.amazon.com/dp/B0B38G1MBD?tag=eloabder-20&linkCode=osi&th=1&psc=1">View Product</a></div>
<div class="product"><a href="https://www.amazon.com/dp/B09GM8JZM9?tag=eloabder-20&linkCode=osi&th=1&psc=1"><img src="https://m.media-amazon.com/images/I/41XmH3g0-aL._SL500_.jpg" alt="Product Image"></a><p>HelloBaby Upgrade Baby Monitor, 5'' Screen with 30-Hour Battery, Pan-Tilt-Zoom Video Baby Monitor with Camera and Audio, Night Vision, VOX, 2-Way Talk, 8 Lullabies and 1000ft Range No WiFi</p><p> -20% 0FF </p><p>$79.99</p><a href="https://www.amazon.com/dp/B09GM8JZM9?tag=eloabder-20&linkCode=osi&th=1&psc=1">View Product</a></div><div class="product"><a href="https://www.amazon.com/dp/B00JEV5UI8?tag=eloabder-20&linkCode=osi&th=1&psc=1"><img src="https://m.media-amazon.com/images/I/41va56lWJ6L._SL500_.jpg" alt="Product Image"></a><p>VTech Upgraded Audio Baby Monitor with Rechargeable Battery, Long Range, and Crystal-Clear Sound</p><p> -9% 0FF </p><p>$19.99</p><a href="https://www.amazon.com/dp/B00JEV5UI8?tag=eloabder-20&linkCode=osi&th=1&psc=1">View Product</a></div><div class="product"><a href="https://www.amazon.com/dp/B0BZ8BN87L?tag=eloabder-20&linkCode=osi&th=1&psc=1"><img src="https://m.media-amazon.com/images/I/41Bi8mMjlBL._SL500_.jpg" alt="Product Image"></a><p>OKAIDI Video Baby Monitor with Camera and Audio, 5" Display Baby Monitor No WiFi, 30H Battery and 1000ft Range Baby Monitor, Remote Pan-Tilt-Zoom Baby Camera, Night Vision, 2-Way Talk, VOX,Temperature</p><p> -25% 0FF </p><p>$44.99</p><a href="https://www.amazon.com/dp/B0BZ8BN87L?tag=eloabder-20&linkCode=osi&th=1&psc=1">View Product</a></div><div class="product"><a href="https://www.amazon.com/dp/B0B316NPZ6?tag=eloabder-20&linkCode=osi&th=1&psc=1"><img src="https://m.media-amazon.com/images/I/41IWDeVuDfL._SL500_.jpg" alt="Product Image"></a><p>HelloBaby Monitor with Camera and Audio, 1000ft Long Range Video Baby Monitor-No WiFi, Night Vision, VOX Mode-Power Saving, 2.4'' Portable Travel Screen, Baby Safety Camera, for Baby/Pet, Plug & Play</p><p> -10% 0FF </p><p>$29.98</p><a href="https://www.amazon.com/dp/B0B316NPZ6?tag=eloabder-20&linkCode=osi&th=1&psc=1">View Product</a></div><div class="product"><a href="https://www.amazon.com/dp/B0CYCDTZ6G?tag=eloabder-20&linkCode=osi&th=1&psc=1"><img src="https://m.media-amazon.com/images/I/41PTcAHdqoL._SL500_.jpg" alt="Product Image"></a><p>HelloBaby Baby Monitor with Camera and Audio, 6'' World First IPS Screen Baby Camera Monitor No WiFi, 30-Hrs Battery, ECO, VOX, 2-Way Talk, Night Vision, 1000ft, Video Baby Monitor Portable</p><p> -25% 0FF </p><p>$89.99</p><a href="https://www.amazon.com/dp/B0CYCDTZ6G?tag=eloabder-20&linkCode=osi&th=1&psc=1">View Product</a></div><div class="product"><a href="https://www.amazon.com/dp/B007NG5UF4?tag=eloabder-20&linkCode=osi&th=1&psc=1"><img src="https://m.media-amazon.com/images/I/41SdqvzVNuL._SL500_.jpg" alt="Product Image"></a><p>VTech DM221 Audio Baby Monitor with up to 1,000 ft of Range, Vibrating Sound-Alert, Talk Back Intercom & Night Light Loop, White/Silver</p><p> -13% 0FF </p><p>$33.95</p><a href="https://www.amazon.com/dp/B007NG5UF4?tag=eloabder-20&linkCode=osi&th=1&psc=1">View Product</a></div><div class="product"><a href="https://www.amazon.com/dp/B0CZDYF95R?tag=eloabder-20&linkCode=osi&th=1&psc=1"><img src="https://m.media-amazon.com/images/I/41hYOyPQ9dL._SL500_.jpg" alt="Product Image"></a><p>VTimes Baby Monitor with Camera and Audio, Video Baby Monitor No WiFi Night Vision, 2.4" LCD Screen Portable Baby Camera VOX Mode Pan-Tilt-Zoom Alarm and 1000ft Range, Ideal for Baby/Elderly/Pet</p><p> -40% 0FF </p><p>$29.99</p><a href="https://www.amazon.com/dp/B0CZDYF95R?tag=eloabder-20&linkCode=osi&th=1&psc=1">View Product</a></div>
<div class="product"><a href="https://www.amazon.com/dp/B0119493OY?tag=eloabder-20&linkCode=osi&th=1&psc=1"><img src="https://m.media-amazon.com/images/I/31o0TllpwAL._SL500_.jpg" alt="Product Image"></a><p>Safety 1st Fold-Up Nail Clippers - 2pk</p><p> -25% 0FF </p><p>$2.99</p><a href="https://www.amazon.com/dp/B0119493OY?tag=eloabder-20&linkCode=osi&th=1&psc=1">View Product</a></div><div class="product"><a href="https://www.amazon.com/dp/B01644OCVS?tag=eloabder-20&linkCode=osi&th=1&psc=1"><img src="https://m.media-amazon.com/images/I/41oX5dLMB1L._SL500_.jpg" alt="Product Image"></a><p>Frida Baby NailFrida The SnipperClipper Set, Baby Nail Clippers & Nail Filer, Baby Essential Nail Kit for Newborns and Up</p><p> -36% 0FF </p><p>$8.31</p><a href="https://www.amazon.com/dp/B01644OCVS?tag=eloabder-20&linkCode=osi&th=1&psc=1">View Product</a></div><div class="product"><a href="https://www.amazon.com/dp/B084JZ27SM?tag=eloabder-20&linkCode=osi&th=1&psc=1"><img src="https://m.media-amazon.com/images/I/31JsNl8WpML._SL500_.jpg" alt="Product Image"></a><p>Safety 1st Light Zoom Nail Clippers, One Size</p><p> -27% 0FF </p><p>$7.29</p><a href="https://www.amazon.com/dp/B084JZ27SM?tag=eloabder-20&linkCode=osi&th=1&psc=1">View Product</a></div><div class="product"><a href="https://www.amazon.com/dp/B0D9BCJWC7?tag=eloabder-20&linkCode=osi&th=1&psc=1"><img src="https://m.media-amazon.com/images/I/41vknqnodfL._SL500_.jpg" alt="Product Image"></a><p>Yeeeasy Baby Nail Clippers Kit Baby Grooming Set with Nail Clippers, Scissors, Nail File & Tweezers Baby Care Kit Fingernail Cutter for Baby,Newborn,Infant,Toddler,Kid(Purple)</p><p> -55% 0FF </p><p>$4.49</p><a href="https://www.amazon.com/dp/B0D9BCJWC7?tag=eloabder-20&linkCode=osi&th=1&psc=1">View Product</a></div>
<div class="product"><a href="https://www.amazon.com/dp/B08CMWHD3B?tag=eloabder-20&linkCode=osi&th=1&psc=1"><img src="https://m.media-amazon.com/images/I/41+F2Dv0iiL._SL500_.jpg" alt="Product Image"></a><p>GROWNSY Nasal Aspirator for Baby, Baby Nose Sucker Pro with 3 Soft Silicone Tips, Adjustable Suction, Electric Nose Suction for Baby, Built-in Music & Light Soothing</p><p> -20% 0FF </p><p>$39.99 ($39.99 / Count)</p><a href="https://www.amazon.com/dp/B08CMWHD3B?tag=eloabder-20&linkCode=osi&th=1&psc=1">View Product</a></div><div class="product"><a href="https://www.amazon.com/dp/B00RP0GHBO?tag=eloabder-20&linkCode=osi&th=1&psc=1"><img src="https://m.media-amazon.com/images/I/41pIJoWu-UL._SL500_.jpg" alt="Product Image"></a><p>Frida Baby NoseFrida SnotSucker Nasal Aspirator for Baby, Baby Nose Sucker with 24 Extra Hygiene Filters, Baby Congestion Relief, FSA/HSA Eligible</p><p> -25% 0FF </p><p>$14.99</p><a href="https://www.amazon.com/dp/B00RP0GHBO?tag=eloabder-20&linkCode=osi&th=1&psc=1">View Product</a></div><div class="product"><a href="https://www.amazon.com/dp/B0C3CHQHJP?tag=eloabder-20&linkCode=osi&th=1&psc=1"><img src="https://m.media-amazon.com/images/I/51IO9JHchbL._SL500_.jpg" alt="Product Image"></a><p>X-Bosak Baby Nasal Aspirator, Electric Nose Sucker with 5 Levels Suction, Soothing Light & Nursery Rhymes</p><p> -18% 0FF </p><p>$30.99</p><a href="https://www.amazon.com/dp/B0C3CHQHJP?tag=eloabder-20&linkCode=osi&th=1&psc=1">View Product</a></div><div class="product"><a href="https://www.amazon.com/dp/B094Z43BQF?tag=eloabder-20&linkCode=osi&th=1&psc=1"><img src="https://m.media-amazon.com/images/I/41elOKysySL._SL500_.jpg" alt="Product Image"></a><p>Frida Baby Electric NoseFrida Nasal Aspirator for Baby, Nose Sucker for Baby & Toddler, Nasal Aspirator for Congestion Relief with 3 Suction Levels, 2 Silicone Tips, USB Rechargeable</p><p> -13% 0FF </p><p>$34.99</p><a href="https://www.amazon.com/dp/B094Z43BQF?tag=eloabder-20&linkCode=osi&th=1&psc=1">View Product</a></div><div class="product"><a href="https://www.amazon.com/dp/B01N093BYV?tag=eloabder-20&linkCode=osi&th=1&psc=1"><img src="https://m.media-amazon.com/images/I/316hpVBAmNL._SL500_.jpg" alt="Product Image"></a><p>Frida Baby Nasal Aspirator for Baby, NoseFrida Baby Nose Sucker with 10 Extra Filters + All-Natural Saline Nasal Spray for Babies, Nasal Spray Decongestant, 0.68 fl oz</p><p> -15% 0FF </p><p>$16.97</p><a href="https://www.amazon.com/dp/B01N093BYV?tag=eloabder-20&linkCode=osi&th=1&psc=1">View Product</a></div><div class="product"><a href="https://www.amazon.com/dp/B0BSVG8S59?tag=eloabder-20&linkCode=osi&th=1&psc=1"><img src="https://m.media-amazon.com/images/I/31Rju6jEphL._SL500_.jpg" alt="Product Image"></a><p>Dr. Talbot's Nasal Aspirator for Babies - Silicone - Includes Storage Case - Clear</p><p> -20% 0FF </p><p>$6.39</p><a href="https://www.amazon.com/dp/B0BSVG8S59?tag=eloabder-20&linkCode=osi&th=1&psc=1">View Product</a></div>
<div class="product"><a href="https://www.amazon.com/dp/B00WEBVM5U?tag=eloabder-20&linkCode=osi&th=1&psc=1"><img src="https://m.media-amazon.com/images/I/31oMSFi3dGL._SL500_.jpg" alt="Product Image"></a><p>Johnson's Baby Oil, Mineral Oil Enriched with Shea & Cocoa Butter to Prevent Moisture Loss, Hypoallergenic, 20 fl. oz</p><p> -35% 0FF </p><p>$5.90 ($0.30 / Fl Oz)</p><a href="https://www.amazon.com/dp/B00WEBVM5U?tag=eloabder-20&linkCode=osi&th=1&psc=1">View Product</a></div><div class="product"><a href="https://www.amazon.com/dp/B00J51Q1IA?tag=eloabder-20&linkCode=osi&th=1&psc=1"><img src="https://m.media-amazon.com/images/I/31WSLNGqaEL._SL500_.jpg" alt="Product Image"></a><p>Johnson & Johnson SLC (Cosmetics) Baby Oil, 20 Fl Oz</p><p> -33% 0FF </p><p>$6.02 ($0.30 / Fl Oz)</p><a href="https://www.amazon.com/dp/B00J51Q1IA?tag=eloabder-20&linkCode=osi&th=1&psc=1">View Product</a></div><div class="product"><a href="https://www.amazon.com/dp/B00LPC15FQ?tag=eloabder-20&linkCode=osi&th=1&psc=1"><img src="https://m.media-amazon.com/images/I/315PcqnZ4qL._SL500_.jpg" alt="Product Image"></a><p>Johnson's Baby Johnson & Johnson Baby Oil, Aloe Vera & Vitamin E, Multicolor, 14 Fl Oz</p><p> -23% 0FF </p><p>$5.49 ($0.39 / Fl Oz)</p><a href="https://www.amazon.com/dp/B00LPC15FQ?tag=eloabder-20&linkCode=osi&th=1&psc=1">View Product</a></div><div class="product"><a href="https://www.amazon.com/dp/B001UAA2UC?tag=eloabder-20&linkCode=osi&th=1&psc=1"><img src="https://m.media-amazon.com/images/I/31-74Q7XbxL._SL500_.jpg" alt="Product Image"></a><p>Johnson's Baby Oil Gel, Moisturizing Baby Massage Mineral Oil Enriched with Shea & Cocoa Butter, Dry Skin Relief for Babies, Kids & Adults, Nourishing & Gentle on Delicate Skin, 6.5 fl. oz</p><p> -16% 0FF </p><p>$5.98 ($0.92 / Fl Oz)</p><a href="https://www.amazon.com/dp/B001UAA2UC?tag=eloabder-20&linkCode=osi&th=1&psc=1">View Product</a></div>
<div class="product"><a href="https://www.amazon.com/dp/B0D88Y4955?tag=eloabder-20&linkCode=osi&th=1&psc=1"><img src="https://m.media-amazon.com/images/I/41Au0yzblbL._SL500_.jpg" alt="Product Image"></a><p>Burt's Bees Baby Baby Boys Pajamas, Sleep and Play Loose Fit, 100% Organic Cotton, Soft One-piece PJs, Diagonal Zip Up Jumpsuit Newborn Essentials with Interior Zipper Guard in sizes NB to 6-9 Months</p><p> -49% 0FF </p><p>$7.60</p><a href="https://www.amazon.com/dp/B0D88Y4955?tag=eloabder-20&linkCode=osi&th=1&psc=1">View Product</a></div><div class="product"><a href="https://www.amazon.com/dp/B08GHLBW8P?tag=eloabder-20&linkCode=osi&th=1&psc=1"><img src="https://m.media-amazon.com/images/I/512q+TZZ2UL._SL500_.jpg" alt="Product Image"></a><p>Gerber Baby Boys' 4-Pack Footed Pajamas, Dinosaurs Space Grey, 18 Months</p><p> -9% 0FF </p><p>$29.98</p><a href="https://www.amazon.com/dp/B08GHLBW8P?tag=eloabder-20&linkCode=osi&th=1&psc=1">View Product</a></div>
<div class="product"><a href="https://www.amazon.com/dp/B09XHGG4B8?tag=eloabder-20&linkCode=osi&th=1&psc=1"><img src="https://m.media-amazon.com/images/I/51drx-WonLL._SL500_.jpg" alt="Product Image"></a><p>Yeeeasy Tummy Time Water Mat丨Inflatable Tummy Time Water Play Mat for Babies, Infants and Toddlers 3 to 12 Months Promote Development Toys Baby Gifts</p><p> -33% 0FF </p><p>$9.99</p><a href="https://www.amazon.com/dp/B09XHGG4B8?tag=eloabder-20&linkCode=osi&th=1&psc=1">View Product</a></div>
<div class="product"><a href="https://www.amazon.com/dp/B0009STDJW?tag=eloabder-20&linkCode=osi&th=1&psc=1"><img src="https://m.media-amazon.com/images/I/31XlMHyMw4L._SL500_.jpg" alt="Product Image"></a><p>Johnson's Baby Powder, Naturally Derived Cornstarch with Aloe & Vitamin E for Delicate Skin, Hypoallergenic and Free of Parabens, Phthalates, and Dyes for Gentle Baby Skin Care, 15 oz</p><p> -31% 0FF </p><p>$4.98 ($0.33 / Ounce)</p><a href="https://www.amazon.com/dp/B0009STDJW?tag=eloabder-20&linkCode=osi&th=1&psc=1">View Product</a></div><div class="product"><a href="https://www.amazon.com/dp/B005IHT880?tag=eloabder-20&linkCode=osi&th=1&psc=1"><img src="https://m.media-amazon.com/images/I/31Yy8plMS3L._SL500_.jpg" alt="Product Image"></a><p>Johnson's Baby Naturally Derived Cornstarch Baby Powder with Aloe and Vitamin E for Delicate Skin, Hypoallergenic and Free of Parabens, Phthalates, and Dyes for Gentle Baby Skin Care, 1.5 oz</p><p> -31% 0FF </p><p>$1.97 ($1.31 / Ounce)</p><a href="https://www.amazon.com/dp/B005IHT880?tag=eloabder-20&linkCode=osi&th=1&psc=1">View Product</a></div><div class="product"><a href="https://www.amazon.com/dp/B00I5MVFB8?tag=eloabder-20&linkCode=osi&th=1&psc=1"><img src="https://m.media-amazon.com/images/I/41kU-erHU1L._SL500_.jpg" alt="Product Image"></a><p>Johnson's Baby Powder, Pure Cornstarch, Aloe & Vitamin E, 22 Ounce (Pack of 3) - Packaging May Vary</p><p> -31% 0FF </p><p>$18.87 ($0.29 / Ounce)</p><a href="https://www.amazon.com/dp/B00I5MVFB8?tag=eloabder-20&linkCode=osi&th=1&psc=1">View Product</a></div><div class="product"><a href="https://www.amazon.com/dp/B004Z4MNGQ?tag=eloabder-20&linkCode=osi&th=1&psc=1"><img src="https://m.media-amazon.com/images/I/31szXN97ucL._SL500_.jpg" alt="Product Image"></a><p>Johnson's Baby Powder with Naturally Derived Cornstarch Aloe & Vitamin E, Hypoallergenic, 9 oz</p><p> -26% 0FF </p><p>$3.95 ($0.44 / Ounce)</p><a href="https://www.amazon.com/dp/B004Z4MNGQ?tag=eloabder-20&linkCode=osi&th=1&psc=1">View Product</a></div><div class="product"><a href="https://www.amazon.com/dp/B0CCPK861Q?tag=eloabder-20&linkCode=osi&th=1&psc=1"><img src="https://m.media-amazon.com/images/I/51jIdMql0FL._SL500_.jpg" alt="Product Image"></a><p>Burt's Bees Christmas Gifts, Baby Dusting Powder, 100% Natural Origin, Talc-Free, Pediatrician Tested Stocking Stuffers, 7.5 Ounces, Pack of 3, Pack May Vary</p><p> -29% 0FF </p><p>$19.17 ($0.85 / Ounce)</p><a href="https://www.amazon.com/dp/B0CCPK861Q?tag=eloabder-20&linkCode=osi&th=1&psc=1">View Product</a></div><div class="product"><a href="https://www.amazon.com/dp/B012FUZ8NG?tag=eloabder-20&linkCode=osi&th=1&psc=1"><img src="https://m.media-amazon.com/images/I/41t4DM92+aL._SL500_.jpg" alt="Product Image"></a><p>Gold Bond Comfort Body Powder, 10 oz., Talc-Free, Fresh Clean Scent With Aloe & Chamomile</p><p> -7% 0FF </p><p>$6.79 ($0.68 / Ounce)</p><a href="https://www.amazon.com/dp/B012FUZ8NG?tag=eloabder-20&linkCode=osi&th=1&psc=1">View Product</a></div>
<div class="product"><a href="https://www.amazon.com/dp/B00JHKTDQG?tag=eloabder-20&linkCode=osi&th=1&psc=1"><img src="https://m.media-amazon.com/images/I/41u2OOs0uOL._SL500_.jpg" alt="Product Image"></a><p>Safety 1st Plug Protectors, 36 Count</p><p> -22% 0FF </p><p>$3.49</p><a href="https://www.amazon.com/dp/B00JHKTDQG?tag=eloabder-20&linkCode=osi&th=1&psc=1">View Product</a></div><div class="product"><a href="https://www.amazon.com/dp/B0CZRKFS5Z?tag=eloabder-20&linkCode=osi&th=1&psc=1"><img src="https://m.media-amazon.com/images/I/413bGIIY4WL._SL500_.jpg" alt="Product Image"></a><p>Baby Proofing Kit, Oven Door Lock Child proof Safety Product for Kitchen, Double Button, Heat-Resistant, Easy to Install (1 Pack,Grey)</p><p> -20% 0FF </p><p>$7.99</p><a href="https://www.amazon.com/dp/B0CZRKFS5Z?tag=eloabder-20&linkCode=osi&th=1&psc=1">View Product</a></div><div class="product"><a href="https://www.amazon.com/dp/B00YKG2YS6?tag=eloabder-20&linkCode=osi&th=1&psc=1"><img src="https://m.media-amazon.com/images/I/41+wB4D0smL._SL500_.jpg" alt="Product Image"></a><p>Safety 1st Safety Essentials Kit , White , 1 Count</p><p> -38% 0FF </p><p>$7.48</p><a href="https://www.amazon.com/dp/B00YKG2YS6?tag=eloabder-20&linkCode=osi&th=1&psc=1">View Product</a></div>
<div class="product"><a href="https://www.amazon.com/dp/B000BNCA4K?tag=eloabder-20&linkCode=osi&th=1&psc=1"><img src="https://m.media-amazon.com/images/I/51+hwco0h6L._SL500_.jpg" alt="Product Image"></a><p>Manhattan Toy Winkel Rattle & Sensory Teether Toy, Blue/Green/Orange, 5 Inch x 4 Inch x 3.5 Inch</p><p> -29% 0FF </p><p>$9.99</p><a href="https://www.amazon.com/dp/B000BNCA4K?tag=eloabder-20&linkCode=osi&th=1&psc=1">View Product</a></div><div class="product"><a href="https://www.amazon.com/dp/B000FMQWS2?tag=eloabder-20&linkCode=osi&th=1&psc=1"><img src="https://m.media-amazon.com/images/I/4108+CwoQfL._SL500_.jpg" alt="Product Image"></a><p>Bright Starts Grab & Spin Baby Rattle & BPA-Free Teether Toy, Ages 3 Months+</p><p> -15% 0FF </p><p>$2.97</p><a href="https://www.amazon.com/dp/B000FMQWS2?tag=eloabder-20&linkCode=osi&th=1&psc=1">View Product</a></div><div class="product"><a href="https://www.amazon.com/dp/B071YCHDX1?tag=eloabder-20&linkCode=osi&th=1&psc=1"><img src="https://m.media-amazon.com/images/I/512uBUjyccL._SL500_.jpg" alt="Product Image"></a><p>iPlay, iLearn 10pcs Baby Rattles Toys Set, Infant Grab Shake Rattle, Sensory Teether, Babies Development Learning Music Toy, Newborn First Christmas Gifts 0 1 2 3 4 5 6 7 8 9 10 12 Month Boy Girl</p><p> -15% 0FF </p><p>$22.99</p><a href="https://www.amazon.com/dp/B071YCHDX1?tag=eloabder-20&linkCode=osi&th=1&psc=1">View Product</a></div><div class="product"><a href="https://www.amazon.com/dp/B019ICFYNI?tag=eloabder-20&linkCode=osi&th=1&psc=1"><img src="https://m.media-amazon.com/images/I/51oYX33BlzL._SL500_.jpg" alt="Product Image"></a><p>VTech Baby Rattle and Sing Puppy</p><p> -18% 0FF </p><p>$8.99</p><a href="https://www.amazon.com/dp/B019ICFYNI?tag=eloabder-20&linkCode=osi&th=1&psc=1">View Product</a></div><div class="product"><a href="https://www.amazon.com/dp/B000V2Y5BW?tag=eloabder-20&linkCode=osi&th=1&psc=1"><img src="https://m.media-amazon.com/images/I/41Bz5Kz2OzL._SL500_.jpg" alt="Product Image"></a><p>The First Years First Keys Infant and Baby Toy</p><p> -67% 0FF </p><p>$2.44</p><a href="https://www.amazon.com/dp/B000V2Y5BW?tag=eloabder-20&linkCode=osi&th=1&psc=1">View Product</a></div>
<div class="product"><a href="https://www.amazon.com/dp/B005SPESKK?tag=eloabder-20&linkCode=osi&th=1&psc=1"><img src="https://m.media-amazon.com/images/I/410ZKnRS3aL._SL500_.jpg" alt="Product Image"></a><p>Aveeno Baby Bathtime Solutions Baby & Me Gift Set with Baby Wash & Shampoo, Calming Baby Bath, Baby Daily Moisturizing Lotion & Stress Relief Body Wash for Mom, Oatmeal, 4 Items</p><p> -35% 0FF </p><p>$20.69</p><a href="https://www.amazon.com/dp/B005SPESKK?tag=eloabder-20&linkCode=osi&th=1&psc=1">View Product</a></div><div class="product"><a href="https://www.amazon.com/dp/B005UEB96K?tag=eloabder-20&linkCode=osi&th=1&psc=1"><img src="https://m.media-amazon.com/images/I/41irWX472ZL._SL500_.jpg" alt="Product Image"></a><p>Aquaphor Baby Healing Ointment Advanced Therapy Skin Protectant, Dry Skin and Diaper Rash Ointment, 14 Oz Jar</p><p> -8% 0FF </p><p>$18.37</p><a href="https://www.amazon.com/dp/B005UEB96K?tag=eloabder-20&linkCode=osi&th=1&psc=1">View Product</a></div><div class="product"><a href="https://www.amazon.com/dp/B0CNXKT6S7?tag=eloabder-20&linkCode=osi&th=1&psc=1"><img src="https://m.media-amazon.com/images/I/41UPubKIJYL._SL500_.jpg" alt="Product Image"></a><p>Blissful Diary Baby Diaper Caddy Organizer, Stylish Nursery Storage Basket - Gift for Baby Shower, Baby Registry Must Have, Newborn Essentials - Baby Caddy Organizer for Diaper Station - Sage Green</p><p> -7% 0FF </p><p>$22.99</p><a href="https://www.amazon.com/dp/B0CNXKT6S7?tag=eloabder-20&linkCode=osi&th=1&psc=1">View Product</a></div><div class="product"><a href="https://www.amazon.com/dp/B07RX5BD32?tag=eloabder-20&linkCode=osi&th=1&psc=1"><img src="https://m.media-amazon.com/images/I/41p16YTuexL._SL500_.jpg" alt="Product Image"></a><p>Portable Diaper Changing Pad, Portable Changing pad for Newborn Girl & Boy - Baby Changing Pad with Smart Wipes Pocket – Waterproof Travel Changing Kit - Baby Gift by Kopi Baby</p><p> -42% 0FF </p><p>$21.89</p><a href="https://www.amazon.com/dp/B07RX5BD32?tag=eloabder-20&linkCode=osi&th=1&psc=1">View Product</a></div>
<div class="product"><a href="https://www.amazon.com/dp/B07DGKWFJM?tag=eloabder-20&linkCode=osi&th=1&psc=1"><img src="https://m.media-amazon.com/images/I/313M7YzzHPL._SL500_.jpg" alt="Product Image"></a><p>Johnson's Baby Shampoo with Tear-Free Formula, Shampoo for Baby's Delicate Scalp & Skin, Gently Washes Away Dirt & Germs, Paraben-, Phthalate-, Sulfate- & Dye-Free, 20.3 fl. oz</p><p> -35% 0FF </p><p>$5.90 ($0.29 / Fl Oz)</p><a href="https://www.amazon.com/dp/B07DGKWFJM?tag=eloabder-20&linkCode=osi&th=1&psc=1">View Product</a></div><div class="product"><a href="https://www.amazon.com/dp/B07DGK9FQG?tag=eloabder-20&linkCode=osi&th=1&psc=1"><img src="https://m.media-amazon.com/images/I/31ZmgkaoecL._SL500_.jpg" alt="Product Image"></a><p>Johnson's Baby Tear Free Shampoo, No Parabens/Phthalates/Sulfates/Dyes, Fresh, 13.6 Fl Oz</p><p> -30% 0FF </p><p>$4.78 ($0.35 / Fl Oz)</p><a href="https://www.amazon.com/dp/B07DGK9FQG?tag=eloabder-20&linkCode=osi&th=1&psc=1">View Product</a></div><div class="product"><a href="https://www.amazon.com/dp/B07D2JMJPS?tag=eloabder-20&linkCode=osi&th=1&psc=1"><img src="https://m.media-amazon.com/images/I/31GFcXvNoSL._SL500_.jpg" alt="Product Image"></a><p>Johnson's Head-to-Toe Gentle Tear-Free Baby & Newborn Wash & Shampoo, Sulfate-, Paraben- Phthalate- & Dye-Free, Hypoallergenic Wash for Sensitive Skin & Hair, 27.1 fl. Oz</p><p> -33% 0FF </p><p>$7.19 ($0.27 / Fl Oz)</p><a href="https://www.amazon.com/dp/B07D2JMJPS?tag=eloabder-20&linkCode=osi&th=1&psc=1">View Product</a></div><div class="product"><a href="https://www.amazon.com/dp/B07NSBTZ22?tag=eloabder-20&linkCode=osi&th=1&psc=1"><img src="https://m.media-amazon.com/images/I/316UK0+xv+L._SL500_.jpg" alt="Product Image"></a><p>Aveeno Baby Daily Moisture Gentle Bath Wash & Shampoo with Natural Oat Extract, Hypoallergenic, Tear-Free & Paraben-Free Formula For Sensitive Hair & Skin, Lightly Scented, 33 fl. oz</p><p> -43% 0FF </p><p>$13.98 ($0.42 / Fl Oz)</p><a href="https://www.amazon.com/dp/B07NSBTZ22?tag=eloabder-20&linkCode=osi&th=1&psc=1">View Product</a></div><div class="product"><a href="https://www.amazon.com/dp/B07DGPL4Y7?tag=eloabder-20&linkCode=osi&th=1&psc=1"><img src="https://m.media-amazon.com/images/I/310oJnMMURS._SL500_.jpg" alt="Product Image"></a><p>Johnson's Baby Calming Baby Shampoo with Soothing NaturalCalm Scent, Hypoallergenic & Tear-Free Baby Hair Shampoo, Free of Parabens, Phthalates, Sulfates & Dyes, 20.3 fl. oz</p><p> -9% 0FF </p><p>$5.39 ($0.27 / Fl Oz)</p><a href="https://www.amazon.com/dp/B07DGPL4Y7?tag=eloabder-20&linkCode=osi&th=1&psc=1">View Product</a></div><div class="product"><a href="https://www.amazon.com/dp/B072QXWXS6?tag=eloabder-20&linkCode=osi&th=1&psc=1"><img src="https://m.media-amazon.com/images/I/31nATTwRNrL._SL500_.jpg" alt="Product Image"></a><p>The Honest Company 2-in-1 Cleansing Shampoo + Body Wash | Gentle for Baby | Naturally Derived, Tear-free, Hypoallergenic | Fragrance Free Sensitive, 10 fl oz</p><p> -8% 0FF </p><p>$10.99 ($1.10 / Fl Oz)</p><a href="https://www.amazon.com/dp/B072QXWXS6?tag=eloabder-20&linkCode=osi&th=1&psc=1">View Product</a></div><div class="product"><a href="https://www.amazon.com/dp/B0BXB874ZB?tag=eloabder-20&linkCode=osi&th=1&psc=1"><img src="https://m.media-amazon.com/images/I/61I9qaFfznL._SL500_.jpg" alt="Product Image"></a><p>SheaMoisture Baby Shampoo & Bath Milk Manuka Honey & Lavender for Delicate Hair and Skin Nighttime Skin and Hair Care Regimen 13 oz</p><p> -10% 0FF </p><p>$8.97 ($0.69 / Fl Oz)</p><a href="https://www.amazon.com/dp/B0BXB874ZB?tag=eloabder-20&linkCode=osi&th=1&psc=1">View Product</a></div>
<div class="product"><a href="https://www.amazon.com/dp/B07JP112TD?tag=eloabder-20&linkCode=osi&th=1&psc=1"><img src="https://m.media-amazon.com/images/I/31-1TtUqz2L._SL500_.jpg" alt="Product Image"></a><p>Stride Rite Baby Girls Sr Taye 2.0 First Walker Shoe, Pink, 3 Infant US</p><p> -30% 0FF </p><p>$25.72</p><a href="https://www.amazon.com/dp/B07JP112TD?tag=eloabder-20&linkCode=osi&th=1&psc=1">View Product</a></div><div class="product"><a href="https://www.amazon.com/dp/B08M5M2ZNJ?tag=eloabder-20&linkCode=osi&th=1&psc=1"><img src="https://m.media-amazon.com/images/I/31qHgEG+WSL._SL500_.jpg" alt="Product Image"></a><p>Baby Booties 6-12 Months Unisex Cozy Fleece Newborn Booties Non-Slip Newborn First Walkers Shoes Toddler Slippers for Baby Boys & Baby Girls Gifts, Black</p><p> -33% 0FF </p><p>$9.99</p><a href="https://www.amazon.com/dp/B08M5M2ZNJ?tag=eloabder-20&linkCode=osi&th=1&psc=1">View Product</a></div><div class="product"><a href="https://www.amazon.com/dp/B0BV2J28DN?tag=eloabder-20&linkCode=osi&th=1&psc=1"><img src="https://m.media-amazon.com/images/I/41n15Z33RlL._SL500_.jpg" alt="Product Image"></a><p>Baby Walking Shoes First Boy Girl Walker Infant Sock Tennis Mesh Sneakers Breathable 6 9 12 18 24 Months Camel Size 6-12 Months Infant</p><p> -18% 0FF </p><p>$26.99</p><a href="https://www.amazon.com/dp/B0BV2J28DN?tag=eloabder-20&linkCode=osi&th=1&psc=1">View Product</a></div><div class="product"><a href="https://www.amazon.com/dp/B0C9ZTGHWF?tag=eloabder-20&linkCode=osi&th=1&psc=1"><img src="https://m.media-amazon.com/images/I/41jzu4SNmLL._SL500_.jpg" alt="Product Image"></a><p>BMCiTYBM Baby Boy Girl Shoes Infant First Walker Shoes Breathable Walking Shoes Lightweight Non-Slip Sneakers 6 9 12 18 24 Months Gray Size 12-18 Months Infant</p><p> -12% 0FF </p><p>$29.99</p><a href="https://www.amazon.com/dp/B0C9ZTGHWF?tag=eloabder-20&linkCode=osi&th=1&psc=1">View Product</a></div>
<div class="product"><a href="https://www.amazon.com/dp/B0B6Z9SVXG?tag=eloabder-20&linkCode=osi&th=1&psc=1"><img src="https://m.media-amazon.com/images/I/41yQhQfpuJL._SL500_.jpg" alt="Product Image"></a><p>Shiaon Baby Sling Carrier Newborn to Toddler, Lightweight Baby Carrier Sling, Baby Wrap Sling, Baby Hip Seat Carrier for Toddler Sling, Baby Holder Carrier, Nursing Sling, Carrying 7-45 lbs, Grey</p><p> -20% 0FF </p><p>$32.99</p><a href="https://www.amazon.com/dp/B0B6Z9SVXG?tag=eloabder-20&linkCode=osi&th=1&psc=1">View Product</a></div><div class="product"><a href="https://www.amazon.com/dp/B07SK6GVCJ?tag=eloabder-20&linkCode=osi&th=1&psc=1"><img src="https://m.media-amazon.com/images/I/41o7bWiYEUL._SL500_.jpg" alt="Product Image"></a><p>CUBY Water Baby Sling Carrier Breathable Mesh Baby Wraps Carrier Adjustable Ring Sling Baby Carrier Infant Carrier for Summer Swimming Pool Beach (Light Grey)</p><p> -27% 0FF </p><p>$18.99</p><a href="https://www.amazon.com/dp/B07SK6GVCJ?tag=eloabder-20&linkCode=osi&th=1&psc=1">View Product</a></div><div class="product"><a href="https://www.amazon.com/dp/B07YQYRVDX?tag=eloabder-20&linkCode=osi&th=1&psc=1"><img src="https://m.media-amazon.com/images/I/41nKHqgPniL._SL500_.jpg" alt="Product Image"></a><p>Baby Sling and Ring Sling 100% Cotton Muslin Infant Carrier, Front and Chest Newborn Carrier Wrap, Toddler Carrier – Grey</p><p> -31% 0FF </p><p>$44.95</p><a href="https://www.amazon.com/dp/B07YQYRVDX?tag=eloabder-20&linkCode=osi&th=1&psc=1">View Product</a></div>
<div class="product"><a href="https://www.amazon.com/dp/B07N13W76L?tag=eloabder-20&linkCode=osi&th=1&psc=1"><img src="https://m.media-amazon.com/images/I/41d8emuEA8L._SL500_.jpg" alt="Product Image"></a><p>Baby Dove Sensitive Skin Care Baby Wash Calming Moisture For a Calming Bath Wash Hypoallergenic and Tear-Free, Washes Away Bacteria 13 oz</p><p> -6% 0FF </p><p>$7.99 ($0.61 / Ounce)</p><a href="https://www.amazon.com/dp/B07N13W76L?tag=eloabder-20&linkCode=osi&th=1&psc=1">View Product</a></div><div class="product"><a href="https://www.amazon.com/dp/B097NRRRNT?tag=eloabder-20&linkCode=osi&th=1&psc=1"><img src="https://m.media-amazon.com/images/I/31qcQUGmwRS._SL500_.jpg" alt="Product Image"></a><p>Johnson's Skin Nourishing Moisture Baby Body Wash With Vanilla & Oat Scents, Hypoallergenic & Tear Free Baby Bath Wash, Paraben-, Dye-, Sulfate & Phthalate-Free, 20.3 fl. oz</p><p> -26% 0FF </p><p>$6.78 ($0.33 / Fl Oz)</p><a href="https://www.amazon.com/dp/B097NRRRNT?tag=eloabder-20&linkCode=osi&th=1&psc=1">View Product</a></div><div class="product"><a href="https://www.amazon.com/dp/B07D2G6CLG?tag=eloabder-20&linkCode=osi&th=1&psc=1"><img src="https://m.media-amazon.com/images/I/31EQ6Pb153L._SL500_.jpg" alt="Product Image"></a><p>Johnson's Bedtime Baby Bath with Soothing NaturalCalm Aromas, Hypoallergenic & Tear Free Formula, 27.1 fl. oz</p><p> -33% 0FF </p><p>$9.98 ($0.37 / Fl Oz)</p><a href="https://www.amazon.com/dp/B07D2G6CLG?tag=eloabder-20&linkCode=osi&th=1&psc=1">View Product</a></div>
<div class="product"><a href="https://www.amazon.com/dp/B006VB29D8?tag=eloabder-20&linkCode=osi&th=1&psc=1"><img src="https://m.media-amazon.com/images/I/41avOtC2ssL._SL500_.jpg" alt="Product Image"></a><p>Munchkin® Soft Tip™ Baby Spoons, BPA Free, 12 Pack</p><p> -17% 0FF </p><p>$6.98</p><a href="https://www.amazon.com/dp/B006VB29D8?tag=eloabder-20&linkCode=osi&th=1&psc=1">View Product</a></div><div class="product"><a href="https://www.amazon.com/dp/B0CKJXWM44?tag=eloabder-20&linkCode=osi&th=1&psc=1"><img src="https://m.media-amazon.com/images/I/41n4jr8b6VL._SL500_.jpg" alt="Product Image"></a><p>Nuby Baby's First Spoons Set - (3-Pack) Feeding Utensils for Babies - 6+ Months</p><p> -40% 0FF </p><p>$5.97</p><a href="https://www.amazon.com/dp/B0CKJXWM44?tag=eloabder-20&linkCode=osi&th=1&psc=1">View Product</a></div><div class="product"><a href="https://www.amazon.com/dp/B0CKWJNQP4?tag=eloabder-20&linkCode=osi&th=1&psc=1"><img src="https://m.media-amazon.com/images/I/413epEJW7PL._SL500_.jpg" alt="Product Image"></a><p>Munchkin® Gentle Dip™ Multistage First Spoon Set for Baby Led Weaning, Self Feeding, Solids & Purees, 3 Pack, Coral/Purple</p><p> -35% 0FF </p><p>$6.49</p><a href="https://www.amazon.com/dp/B0CKWJNQP4?tag=eloabder-20&linkCode=osi&th=1&psc=1">View Product</a></div><div class="product"><a href="https://www.amazon.com/dp/B08MVST7H1?tag=eloabder-20&linkCode=osi&th=1&psc=1"><img src="https://m.media-amazon.com/images/I/319zTmlUj8L._SL500_.jpg" alt="Product Image"></a><p>PrimaStella Silicone Chew Spoon Set for Babies and Toddlers | Safety Tested | BPA Free | Microwave, Dishwasher and Freezer Safe</p><p> -33% 0FF </p><p>$7.99</p><a href="https://www.amazon.com/dp/B08MVST7H1?tag=eloabder-20&linkCode=osi&th=1&psc=1">View Product</a></div>
<div class="product"><a href="https://www.amazon.com/dp/B0D5Q2GKMX?tag=eloabder-20&linkCode=osi&th=1&psc=1"><img src="https://m.media-amazon.com/images/I/51PSbL1vo1L._SL500_.jpg" alt="Product Image"></a><p>Accombe 2 in 1 Baby Stroller, Convertible Bassinet Pushchair for Infants and Newborns 0-36 Months</p><p> -23% 0FF </p><p>$154.99</p><a href="https://www.amazon.com/dp/B0D5Q2GKMX?tag=eloabder-20&linkCode=osi&th=1&psc=1">View Product</a></div><div class="product"><a href="https://www.amazon.com/dp/B01FCDWZFC?tag=eloabder-20&linkCode=osi&th=1&psc=1"><img src="https://m.media-amazon.com/images/I/41jrn+R3+0L._SL500_.jpg" alt="Product Image"></a><p>Baby Trend Range Jogger Stroller, Millennium</p><p> -36% 0FF </p><p>$90.08</p><a href="https://www.amazon.com/dp/B01FCDWZFC?tag=eloabder-20&linkCode=osi&th=1&psc=1">View Product</a></div><div class="product"><a href="https://www.amazon.com/dp/B0BSP4K34F?tag=eloabder-20&linkCode=osi&th=1&psc=1"><img src="https://m.media-amazon.com/images/I/41zs0EAVv0L._SL500_.jpg" alt="Product Image"></a><p>Summer by Ingenuity 3Dquickclose CS+ Compact Fold Stroller, Car-Seat Compatible, Lightweight Stroller with Oversized Canopy, Extra-Large Storage</p><p> -19% 0FF </p><p>$80.74</p><a href="https://www.amazon.com/dp/B0BSP4K34F?tag=eloabder-20&linkCode=osi&th=1&psc=1">View Product</a></div><div class="product"><a href="https://www.amazon.com/dp/B08K2YFNDW?tag=eloabder-20&linkCode=osi&th=1&psc=1"><img src="https://m.media-amazon.com/images/I/41USzhsByBL._SL500_.jpg" alt="Product Image"></a><p>Graco Ready2Grow LX 2.0 Double Stroller Features Bench Seat and Standing Platform Options, Clark</p><p> -20% 0FF </p><p>$215.99</p><a href="https://www.amazon.com/dp/B08K2YFNDW?tag=eloabder-20&linkCode=osi&th=1&psc=1">View Product</a></div><div class="product"><a href="https://www.amazon.com/dp/B09FL82SRC?tag=eloabder-20&linkCode=osi&th=1&psc=1"><img src="https://m.media-amazon.com/images/I/41oWEq1J+SL._SL500_.jpg" alt="Product Image"></a><p>Mompush Wiz 2-in-1 Convertible Baby Stroller with Bassinet Mode - Foldable Infant Stroller to Explore More as a Family - Toddler Stroller with Reversible Stroller Seat</p><p> -30% 0FF </p><p>$159.99</p><a href="https://www.amazon.com/dp/B09FL82SRC?tag=eloabder-20&linkCode=osi&th=1&psc=1">View Product</a></div><div class="product"><a href="https://www.amazon.com/dp/B01JRY00C2?tag=eloabder-20&linkCode=osi&th=1&psc=1"><img src="https://m.media-amazon.com/images/I/41oyBwt71IL._SL500_.jpg" alt="Product Image"></a><p>Safety 1st Smooth Ride Travel System Stroller and Car Seat OnBoard™ FLX - Efficient Infant Car Seat Stroller and Infant Car Seat and Stroller Combo, Monument</p><p> -9% 0FF </p><p>$199.99</p><a href="https://www.amazon.com/dp/B01JRY00C2?tag=eloabder-20&linkCode=osi&th=1&psc=1">View Product</a></div>
<div class="product"><a href="https://www.amazon.com/dp/B08K2CN246?tag=eloabder-20&linkCode=osi&th=1&psc=1"><img src="https://m.media-amazon.com/images/I/41kw6Z5JVpL._SL500_.jpg" alt="Product Image"></a><p>Graco Soothe My Way with Removable Rocker, Madden - Versatile Baby Swing & Portable Rocker</p><p> -5% 0FF </p><p>$199.99</p><a href="https://www.amazon.com/dp/B08K2CN246?tag=eloabder-20&linkCode=osi&th=1&psc=1">View Product</a></div><div class="product"><a href="https://www.amazon.com/dp/B0CPTD1PS8?tag=eloabder-20&linkCode=osi&th=1&psc=1"><img src="https://m.media-amazon.com/images/I/31mjNCs4A0L._SL500_.jpg" alt="Product Image"></a><p>Maxi-Cosi Cassia Baby Swings for Infants: Smart Portable Baby Swing with Music, Lightweight & Foldable Baby Swing, 360 Rotation Infant Swing, Classic Oat</p><p> -14% 0FF </p><p>$172.65</p><a href="https://www.amazon.com/dp/B0CPTD1PS8?tag=eloabder-20&linkCode=osi&th=1&psc=1">View Product</a></div>
<div class="product"><a href="https://www.amazon.com/dp/B0795ZW85G?tag=eloabder-20&linkCode=osi&th=1&psc=1"><img src="https://m.media-amazon.com/images/I/41MJ3gfs90L._SL500_.jpg" alt="Product Image"></a><p>Kinsa Smart,Fever, Digital Medical Baby, Kid and Adult Termometro - Accurate, Fast, FDA Cleared Thermometer for Oral, Armpit or Rectal Temperature Reading - QuickCare</p><p> -27% 0FF </p><p>$21.97</p><a href="https://www.amazon.com/dp/B0795ZW85G?tag=eloabder-20&linkCode=osi&th=1&psc=1">View Product</a></div>
<div class="product"><a href="https://www.amazon.com/dp/B0866RV9SM?tag=eloabder-20&linkCode=osi&th=1&psc=1"><img src="https://m.media-amazon.com/images/I/41n5jaf1l8L._SL500_.jpg" alt="Product Image"></a><p>Dr. Brown's Infant-to-Toddler Training Toothbrush Set with Fluoride-Free Baby Toothpaste, Strawberry - Giraffe - 1.4oz - 0-3 years</p><p> -9% 0FF </p><p>$8.19</p><a href="https://www.amazon.com/dp/B0866RV9SM?tag=eloabder-20&linkCode=osi&th=1&psc=1">View Product</a></div>
<div class="product"><a href="https://www.amazon.com/dp/B079KV58DJ?tag=eloabder-20&linkCode=osi&th=1&psc=1"><img src="https://m.media-amazon.com/images/I/31a0bFQr94L._SL500_.jpg" alt="Product Image"></a><p>Dr. Talbot's Baby Toothpaste Naturally Inspired with Citroganix and Silicone Finger Gum Massager, Vanilla Milk Flavor</p><p> -35% 0FF </p><p>$3.87</p><a href="https://www.amazon.com/dp/B079KV58DJ?tag=eloabder-20&linkCode=osi&th=1&psc=1">View Product</a></div><div class="product"><a href="https://www.amazon.com/dp/B07GT9YRXD?tag=eloabder-20&linkCode=osi&th=1&psc=1"><img src="https://m.media-amazon.com/images/I/416EJX6PtPL._SL500_.jpg" alt="Product Image"></a><p>Baby Toothpaste 6 to 12 Months - Rain Fluoride Free Tooth Paste Gel for Infant Toddler Kids 0-6 Years and Up, Safe to Swallow, 2.8 Oz, Babies Training, Xylitol, Vitamin C, Vegan, SLS Free, Gluten Free</p><p> -25% 0FF </p><p>$13.94</p><a href="https://www.amazon.com/dp/B07GT9YRXD?tag=eloabder-20&linkCode=osi&th=1&psc=1">View Product</a></div>
<div class="product"><a href="https://www.amazon.com/dp/B0B9BMFS4X?tag=eloabder-20&linkCode=osi&th=1&psc=1"><img src="https://m.media-amazon.com/images/I/51QOy--SVyL._SL500_.jpg" alt="Product Image"></a><p>HOMEXCEL Baby Washcloths 24 Pack-Microfiber Coral Fleece Baby Bath Face Towel 7 x 9 Inch Extra Absorbent and Soft Burp Cloth and Wash Cloths for Newborn-Infants and Toddlers-Gentle On Sensitive Skin</p><p> -10% 0FF </p><p>$8.99</p><a href="https://www.amazon.com/dp/B0B9BMFS4X?tag=eloabder-20&linkCode=osi&th=1&psc=1">View Product</a></div>
<div class="product"><a href="https://www.amazon.com/dp/B00M2AAYG6?tag=eloabder-20&linkCode=osi&th=1&psc=1"><img src="https://m.media-amazon.com/images/I/41fixA-oZyL._SL500_.jpg" alt="Product Image"></a><p>Smart Steps 3.0 Activity Walker, Emily</p><p> -20% 0FF </p><p>$39.98</p><a href="https://www.amazon.com/dp/B00M2AAYG6?tag=eloabder-20&linkCode=osi&th=1&psc=1">View Product</a></div><div class="product"><a href="https://www.amazon.com/dp/B0C4PB4QN3?tag=eloabder-20&linkCode=osi&th=1&psc=1"><img src="https://m.media-amazon.com/images/I/41a0CSHVcBL._SL500_.jpg" alt="Product Image"></a><p>Wismind Baby Walker Foldable with 9 Adjustable Heights, Baby Walkers and Activity Center for Boys Girls Babies 7-18 Months, Baby Walker with Wheels Portable</p><p> -30% 0FF </p><p>$69.99</p><a href="https://www.amazon.com/dp/B0C4PB4QN3?tag=eloabder-20&linkCode=osi&th=1&psc=1">View Product</a></div><div class="product"><a href="https://www.amazon.com/dp/B074ZDNJBD?tag=eloabder-20&linkCode=osi&th=1&psc=1"><img src="https://m.media-amazon.com/images/I/41WJhym-67L._SL500_.jpg" alt="Product Image"></a><p>Fisher-Price Baby Toy Laugh & Learn Smart Stages Learn with Puppy Walker with Music Lights & Activities for Infants Ages 6+ Months</p><p> -20% 0FF </p><p>$19.97</p><a href="https://www.amazon.com/dp/B074ZDNJBD?tag=eloabder-20&linkCode=osi&th=1&psc=1">View Product</a></div><div class="product"><a href="https://www.amazon.com/dp/B0CPP7HFVY?tag=eloabder-20&linkCode=osi&th=1&psc=1"><img src="https://m.media-amazon.com/images/I/51L9TuZYYDL._SL500_.jpg" alt="Product Image"></a><p>Tiny Land Wooden Baby Walker, Baby Push Walker, Montessori Walker Toy, Adjustable Speed Baby Walker for Boys and Girls, Baby Activity Center, Push Toys for Kids Development</p><p> -6% 0FF </p><p>$79.99</p><a href="https://www.amazon.com/dp/B0CPP7HFVY?tag=eloabder-20&linkCode=osi&th=1&psc=1">View Product</a></div><div class="product"><a href="https://www.amazon.com/dp/B09QNK7BD9?tag=eloabder-20&linkCode=osi&th=1&psc=1"><img src="https://m.media-amazon.com/images/I/417kGxszQCL._SL500_.jpg" alt="Product Image"></a><p>Bright Starts Disney Baby Minnie Mouse Forever Besties 2-in-1 Baby Activity Walker - Easy Fold Frame and Removable -Toy Station, 6 Months and up</p><p> -17% 0FF </p><p>$49.98</p><a href="https://www.amazon.com/dp/B09QNK7BD9?tag=eloabder-20&linkCode=osi&th=1&psc=1">View Product</a></div>
<div class="product"><a href="https://www.amazon.com/dp/B078XYF78X?tag=eloabder-20&linkCode=osi&th=1&psc=1"><img src="https://m.media-amazon.com/images/I/41cDmYF13wL._SL500_.jpg" alt="Product Image"></a><p>Huggies Simply Clean Fragrance-Free Baby Wipes, Unscented Diaper Wipes, 1 Flip-Top Pack (64 Wipes Total)</p><p> -21% 0FF </p><p>$2.17 ($3.39 / 100 Count)</p><a href="https://www.amazon.com/dp/B078XYF78X?tag=eloabder-20&linkCode=osi&th=1&psc=1">View Product</a></div><div class="product"><a href="https://www.amazon.com/dp/B08QRT84WJ?tag=eloabder-20&linkCode=osi&th=1&psc=1"><img src="https://m.media-amazon.com/images/I/51vfRHDV3QL._SL500_.jpg" alt="Product Image"></a><p>Huggies Natural Care Sensitive Baby Wipes, Unscented, Hypoallergenic, 6 Flip-Top Packs (288 Wipes Total)</p><p> -15% 0FF </p><p>$11.33 ($3.93 / 100 Count)</p><a href="https://www.amazon.com/dp/B08QRT84WJ?tag=eloabder-20&linkCode=osi&th=1&psc=1">View Product</a></div><div class="product"><a href="https://www.amazon.com/dp/B0CNSCVGPH?tag=eloabder-20&linkCode=osi&th=1&psc=1"><img src="https://m.media-amazon.com/images/I/51oFmARUYLL._SL500_.jpg" alt="Product Image"></a><p>Huggies Simply Clean Fresh Scent Baby Wipes, 3 Flip-Top Packs of 64 (192 Wipes Total)</p><p> -13% 0FF </p><p>$6.77 ($3.53 / 100 Count)</p><a href="https://www.amazon.com/dp/B0CNSCVGPH?tag=eloabder-20&linkCode=osi&th=1&psc=1">View Product</a></div><div class="product"><a href="https://www.amazon.com/dp/B07KGL6L56?tag=eloabder-20&linkCode=osi&th=1&psc=1"><img src="https://m.media-amazon.com/images/I/41mNPe9fqbL._SL500_.jpg" alt="Product Image"></a><p>Pampers Baby Clean Wipes, Baby Fresh Scented Baby Wipes, 72 Baby Wipes Total (1 Flip-Top Pack)</p><p> -27% 0FF </p><p>$2.49 ($3.46 / 100 Count)</p><a href="https://www.amazon.com/dp/B07KGL6L56?tag=eloabder-20&linkCode=osi&th=1&psc=1">View Product</a></div><div class="product"><a href="https://www.amazon.com/dp/B07XMFVN95?tag=eloabder-20&linkCode=osi&th=1&psc=1"><img src="https://m.media-amazon.com/images/I/51-VIf1JGuL._SL500_.jpg" alt="Product Image"></a><p>Amazon Brand - Mama Bear Gentle Fragrance Free Baby Wipes, Hypoallergenic, Sensitive Skin, Unscented, 800 Count (8 Packs of 100)</p><p> -11% 0FF </p><p>$20.59</p><a href="https://www.amazon.com/dp/B07XMFVN95?tag=eloabder-20&linkCode=osi&th=1&psc=1">View Product</a></div>
<div class="product"><a href="https://www.amazon.com/dp/B082PSKBXV?tag=eloabder-20&linkCode=osi&th=1&psc=1"><img src="https://m.media-amazon.com/images/I/41e-U+REwlL._SL500_.jpg" alt="Product Image"></a><p>Baby Wrap Carrier Jeroray Hands Free Infant Carrier,Lightweight,Breathable,Softness,Heather Grey</p><p> -11% 0FF </p><p>$19.59</p><a href="https://www.amazon.com/dp/B082PSKBXV?tag=eloabder-20&linkCode=osi&th=1&psc=1">View Product</a></div>
<div class="product"><a href="https://www.amazon.com/dp/B0771L5HN5?tag=eloabder-20&linkCode=osi&th=1&psc=1"><img src="https://m.media-amazon.com/images/I/51pAl1My4tL._SL500_.jpg" alt="Product Image"></a><p>Corner Protector for Baby, Protectors Guards, Furniture Corner Guard & Edge Safety Bumpers - Baby Proof Bumper Cushion - Clear & Transparent (12 Pack)</p><p> -11% 0FF </p><p>$7.98 ($0.66 / Count)</p><a href="https://www.amazon.com/dp/B0771L5HN5?tag=eloabder-20&linkCode=osi&th=1&psc=1">View Product</a></div><div class="product"><a href="https://www.amazon.com/dp/B07CNS8W5Y?tag=eloabder-20&linkCode=osi&th=1&psc=1"><img src="https://m.media-amazon.com/images/I/41Hxr+wFkkL._SL500_.jpg" alt="Product Image"></a><p>12 Pack Corner Guards Corner Protectors Baby Proof Furniture Corner & Edge Safety Bumpers, Table Corner Protector for Furniture Corner Covers Baby Safety</p><p> -17% 0FF </p><p>$4.99</p><a href="https://www.amazon.com/dp/B07CNS8W5Y?tag=eloabder-20&linkCode=osi&th=1&psc=1">View Product</a></div>
<div class="product"><a href="https://www.amazon.com/dp/B0BDFB3LW6?tag=eloabder-20&linkCode=osi&th=1&psc=1"><img src="https://m.media-amazon.com/images/I/31HyDb7637L._SL500_.jpg" alt="Product Image"></a><p>Baby Proofing Cabinets,Cabinet Locks for Babies,U-Shaped Child Locks for Cabinets, Child Proof Cabinet Latches,Child Safety Cabinet Locks with Adjustable by SPISPI (Pack of 2)</p><p> -30% 0FF </p><p>$6.99</p><a href="https://www.amazon.com/dp/B0BDFB3LW6?tag=eloabder-20&linkCode=osi&th=1&psc=1">View Product</a></div><div class="product"><a href="https://www.amazon.com/dp/B07GRNTXJZ?tag=eloabder-20&linkCode=osi&th=1&psc=1"><img src="https://m.media-amazon.com/images/I/41WR7vsRvML._SL500_.jpg" alt="Product Image"></a><p>Upgraded Invisible Baby Proofing Cabinet Latch Locks (10 Pack) - No Drilling or Tools Required for Installation, Works with Most Cabinets and Drawers, Works with Countertop Overhangs, Highly Secure</p><p> -33% 0FF </p><p>$19.99</p><a href="https://www.amazon.com/dp/B07GRNTXJZ?tag=eloabder-20&linkCode=osi&th=1&psc=1">View Product</a></div><div class="product"><a href="https://www.amazon.com/dp/B07TV9QY16?tag=eloabder-20&linkCode=osi&th=1&psc=1"><img src="https://m.media-amazon.com/images/I/31CzUhfEf9S._SL500_.jpg" alt="Product Image"></a><p>Child Safety Cabinet Locks - (10 Pack) Baby Proofing Latches to Drawer Door Fridge Oven Toilet Seat Kitchen Cupboard Appliance Trash Can with 3M Adhesive - Adjustable Strap No Drill No Tool</p><p> -25% 0FF </p><p>$14.99</p><a href="https://www.amazon.com/dp/B07TV9QY16?tag=eloabder-20&linkCode=osi&th=1&psc=1">View Product</a></div><div class="product"><a href="https://www.amazon.com/dp/B0D7W79D9T?tag=eloabder-20&linkCode=osi&th=1&psc=1"><img src="https://m.media-amazon.com/images/I/31awaiU9CVL._SL500_.jpg" alt="Product Image"></a><p>Baby Proofing Cabinets, Sliding Cabinet Locks for Babies, Adjustable U Shaped Baby Safety Locks, Childproof Cabinet Latch for Kitchen, Bathroom, Drawer, Cupboard Doors Knobs & Handles (2Pack White)</p><p> -25% 0FF </p><p>$2.99</p><a href="https://www.amazon.com/dp/B0D7W79D9T?tag=eloabder-20&linkCode=osi&th=1&psc=1">View Product</a></div><div class="product"><a href="https://www.amazon.com/dp/B07K2PWN19?tag=eloabder-20&linkCode=osi&th=1&psc=1"><img src="https://m.media-amazon.com/images/I/41UlC3lEJaS._SL500_.jpg" alt="Product Image"></a><p>Cabinet Locks - Adoric Life Child Safety Locks 4 Pack - Baby Safety Cabinet Locks - Baby Proofing Cabinet Kitchen System with Strong Adhesive Tape</p><p> -46% 0FF </p><p>$6.99</p><a href="https://www.amazon.com/dp/B07K2PWN19?tag=eloabder-20&linkCode=osi&th=1&psc=1">View Product</a></div>
<div class="product"><a href="https://www.amazon.com/dp/B007IUOG5A?tag=eloabder-20&linkCode=osi&th=1&psc=1"><img src="https://m.media-amazon.com/images/I/31+8zGGzplL._SL500_.jpg" alt="Product Image"></a><p>Safety Innovations Twin Door Baby Safety Outlet Cover Box for Babyproofing Outlets - More Interior Space for Extra Large Electrical Plugs and Adapters - Easy to Install - Easy to Use, (1-Pack)</p><p> -33% 0FF </p><p>$9.95</p><a href="https://www.amazon.com/dp/B007IUOG5A?tag=eloabder-20&linkCode=osi&th=1&psc=1">View Product</a></div><div class="product"><a href="https://www.amazon.com/dp/B000HKVG9C?tag=eloabder-20&linkCode=osi&th=1&psc=1"><img src="https://m.media-amazon.com/images/I/41RdFKMVyCL._SL500_.jpg" alt="Product Image"></a><p>Safety 1st Outlet Cover with Cord Shortener for Baby Proofing</p><p> -9% 0FF </p><p>$4.98</p><a href="https://www.amazon.com/dp/B000HKVG9C?tag=eloabder-20&linkCode=osi&th=1&psc=1">View Product</a></div><div class="product"><a href="https://www.amazon.com/dp/B01N7H7J47?tag=eloabder-20&linkCode=osi&th=1&psc=1"><img src="https://m.media-amazon.com/images/I/414dT3xocLL._SL500_.jpg" alt="Product Image"></a><p>Outlet Covers Baby Proofing (50 Pack) Safe & Secure Electric Plug Protectors | Sturdy Childproof Socket Covers for Home & Office | Easy Installation | Protect Toddlers & Babies | White</p><p> -31% 0FF </p><p>$8.99</p><a href="https://www.amazon.com/dp/B01N7H7J47?tag=eloabder-20&linkCode=osi&th=1&psc=1">View Product</a></div>
<div class="product"><a href="https://www.amazon.com/dp/B08SQYKXCH?tag=eloabder-20&linkCode=osi&th=1&psc=1"><img src="https://m.media-amazon.com/images/I/51NMUNJ6CmL._SL500_.jpg" alt="Product Image"></a><p>Baby Proofing Edge Corner Protector, Table Bumper Guard, Soft Rubber Foam Guard, 3M Pre-Taped Corners, 20.5 ft (18.1ft Edge + 8 Corners) Baby Proof Corner Guard Heavy-Duty (18.1ft, Cream White)</p><p> -5% 0FF </p><p>$15.75</p><a href="https://www.amazon.com/dp/B08SQYKXCH?tag=eloabder-20&linkCode=osi&th=1&psc=1">View Product</a></div>
<div class="product"><a href="https://www.amazon.com/dp/B082LN53Y4?tag=eloabder-20&linkCode=osi&th=1&psc=1"><img src="https://m.media-amazon.com/images/I/51MQ1RC2tuL._SL500_.jpg" alt="Product Image"></a><p>Baby Car Mirror Most Stable Backseat Mirror with Premium Matte Finish-Super Clear PMMA Material Mirror-Safe, Secure and Shatterproof,Black</p><p> -53% 0FF </p><p>$7.99</p><a href="https://www.amazon.com/dp/B082LN53Y4?tag=eloabder-20&linkCode=osi&th=1&psc=1">View Product</a></div><div class="product"><a href="https://www.amazon.com/dp/B07MT8HXVC?tag=eloabder-20&linkCode=osi&th=1&psc=1"><img src="https://m.media-amazon.com/images/I/51lvNQUNxjL._SL500_.jpg" alt="Product Image"></a><p>Baby Car Mirror, DARVIQS Seat Safely Monitor Infant Child in Rear Facing Seat, Wide View Shatterproof Adjustable Acrylic 360°for Backseat, Crash Tested and Certified for Safety</p><p> -15% 0FF </p><p>$12.69</p><a href="https://www.amazon.com/dp/B07MT8HXVC?tag=eloabder-20&linkCode=osi&th=1&psc=1">View Product</a></div><div class="product"><a href="https://www.amazon.com/dp/B01K478YBA?tag=eloabder-20&linkCode=osi&th=1&psc=1"><img src="https://m.media-amazon.com/images/I/413tQ4nkWHL._SL500_.jpg" alt="Product Image"></a><p>Shynerk Baby Car Mirror, Rear Facing Car Seat Mirror Safety for Infant Newborn, Baby Mirror with Wide Rearview & 360° Rotation, Shatterproof & Easy Assembled Crash Tested</p><p> -38% 0FF </p><p>$15.99</p><a href="https://www.amazon.com/dp/B01K478YBA?tag=eloabder-20&linkCode=osi&th=1&psc=1">View Product</a></div><div class="product"><a href="https://www.amazon.com/dp/B08FLH1SHC?tag=eloabder-20&linkCode=osi&th=1&psc=1"><img src="https://m.media-amazon.com/images/I/31HQAIIlPlL._SL500_.jpg" alt="Product Image"></a><p>Munchkin® Brica® 360 Pivot Baby in-Sight® Wide Angle Adjustable Car Mirror, Crash Tested and Shatter Resistant, Black</p><p> -11% 0FF </p><p>$20.52</p><a href="https://www.amazon.com/dp/B08FLH1SHC?tag=eloabder-20&linkCode=osi&th=1&psc=1">View Product</a></div><div class="product"><a href="https://www.amazon.com/dp/B0DD43HCBS?tag=eloabder-20&linkCode=osi&th=1&psc=1"><img src="https://m.media-amazon.com/images/I/411RbPJWuRL._SL500_.jpg" alt="Product Image"></a><p>WZBB Baby Car Mirror with Light - Remote Control, 360° Adjustable, Shatter Resistant, Clear Night Vision, Easy Installation for Rear Facing Infants and Toddlers</p><p> -22% 0FF </p><p>$27.98</p><a href="https://www.amazon.com/dp/B0DD43HCBS?tag=eloabder-20&linkCode=osi&th=1&psc=1">View Product</a></div>
<div class="product"><a href="https://www.amazon.com/dp/B000JVCJDQ?tag=eloabder-20&linkCode=osi&th=1&psc=1"><img src="https://m.media-amazon.com/images/I/41o-rEGfj5L._SL500_.jpg" alt="Product Image"></a><p>Earth Mama Organic Diaper Balm | Diaper Cream with Calendula | Calm Skin Baby Essentials for Diaper Bag |Multipurpose Baby Ointment, 2-Fluid Ounce (2-Pack)</p><p> -30% 0FF </p><p>$26.58</p><a href="https://www.amazon.com/dp/B000JVCJDQ?tag=eloabder-20&linkCode=osi&th=1&psc=1">View Product</a></div><div class="product"><a href="https://www.amazon.com/dp/B006YTX0HQ?tag=eloabder-20&linkCode=osi&th=1&psc=1"><img src="https://m.media-amazon.com/images/I/41WJwvRm5aL._SL500_.jpg" alt="Product Image"></a><p>Burt's Bees Christmas Gifts, Baby 100% Natural Multipurpose Healing Ointment, Face & Body Baby Ointment – 7.5 Ounce Tub</p><p> -16% 0FF </p><p>$7.59 ($1.01 / Ounce)</p><a href="https://www.amazon.com/dp/B006YTX0HQ?tag=eloabder-20&linkCode=osi&th=1&psc=1">View Product</a></div><div class="product"><a href="https://www.amazon.com/dp/B01HI7VY84?tag=eloabder-20&linkCode=osi&th=1&psc=1"><img src="https://m.media-amazon.com/images/I/41tnCnueEWL._SL500_.jpg" alt="Product Image"></a><p>Aveeno Baby Eczema Therapy Nighttime Moisturizing Body Balm, Nourishing Skin Protectant Soothes & Relieves Dry, Itchy Skin from Eczema, Hypoallergenic, Fragrance- & Steroid-Free, 11 oz</p><p> -28% 0FF </p><p>$19.37 ($1.76 / Ounce)</p><a href="https://www.amazon.com/dp/B01HI7VY84?tag=eloabder-20&linkCode=osi&th=1&psc=1">View Product</a></div><div class="product"><a href="https://www.amazon.com/dp/B078B9JPLX?tag=eloabder-20&linkCode=osi&th=1&psc=1"><img src="https://m.media-amazon.com/images/I/31V-kg6EG5L._SL500_.jpg" alt="Product Image"></a><p>Earth Mama Organic Baby Face Nose & Cheek Balm | Moisturizer with Calendula Oil for Dry Skin Care, Natural Petroleum Jelly Alternative (2-Fluid Ounce)</p><p> -9% 0FF </p><p>$9.99 ($5.00 / Ounce)</p><a href="https://www.amazon.com/dp/B078B9JPLX?tag=eloabder-20&linkCode=osi&th=1&psc=1">View Product</a></div>
<div class="product"><a href="https://www.amazon.com/dp/B0C6V4KH59?tag=eloabder-20&linkCode=osi&th=1&psc=1"><img src="https://m.media-amazon.com/images/I/41-m52lOZwL._SL500_.jpg" alt="Product Image"></a><p>HALO Baby Flex BassiNest, Adjustable Travel Bassinet, Easy Folding, Lightweight with Mattress and Carrying Bag, Morning Mist</p><p> -50% 0FF </p><p>$49.99</p><a href="https://www.amazon.com/dp/B0C6V4KH59?tag=eloabder-20&linkCode=osi&th=1&psc=1">View Product</a></div><div class="product"><a href="https://www.amazon.com/dp/B0C7VRMHYY?tag=eloabder-20&linkCode=osi&th=1&psc=1"><img src="https://m.media-amazon.com/images/I/41XOT8oQMML._SL500_.jpg" alt="Product Image"></a><p>AirClub Bassinet Bedside Sleeper, Baby Crib for Newborn, Baby Bassinets Bedside Sleeper with 4 Auto-Lock & Adjustable Height, Breathable Mesh & Mattress, Bedside Bassinet</p><p> -25% 0FF </p><p>$149.99</p><a href="https://www.amazon.com/dp/B0C7VRMHYY?tag=eloabder-20&linkCode=osi&th=1&psc=1">View Product</a></div><div class="product"><a href="https://www.amazon.com/dp/B0CB3HVPL7?tag=eloabder-20&linkCode=osi&th=1&psc=1"><img src="https://m.media-amazon.com/images/I/41AO8J-9fZL._SL500_.jpg" alt="Product Image"></a><p>Fodoss Baby Bassinets Bedside Sleeper - All Mesh Bedside Bassinet with Wheels, 7 Height Adjustable Baby Bassinet for Infants, Beige</p><p> -10% 0FF </p><p>$89.99</p><a href="https://www.amazon.com/dp/B0CB3HVPL7?tag=eloabder-20&linkCode=osi&th=1&psc=1">View Product</a></div><div class="product"><a href="https://www.amazon.com/dp/B0CXG8NVBP?tag=eloabder-20&linkCode=osi&th=1&psc=1"><img src="https://m.media-amazon.com/images/I/3173PjIYwrL._SL500_.jpg" alt="Product Image"></a><p>Graco® SmartSense™ Soothing Baby Bassinet – Smart Newborn Bassinet Detects and Automatically Responds to Baby's Cries – for Newborn Babies to 6 Months</p><p> -20% 0FF </p><p>$319.99</p><a href="https://www.amazon.com/dp/B0CXG8NVBP?tag=eloabder-20&linkCode=osi&th=1&psc=1">View Product</a></div><div class="product"><a href="https://www.amazon.com/dp/B08K3314ZL?tag=eloabder-20&linkCode=osi&th=1&psc=1"><img src="https://m.media-amazon.com/images/I/41pUDfJ9dAL._SL500_.jpg" alt="Product Image"></a><p>Graco Pack 'n Play Close2Baby Bassinet Playard Features Portable Bassinet Diaper Changer and More, Derby</p><p> -6% 0FF </p><p>$188.09</p><a href="https://www.amazon.com/dp/B08K3314ZL?tag=eloabder-20&linkCode=osi&th=1&psc=1">View Product</a></div><div class="product"><a href="https://www.amazon.com/dp/B0CTKT6641?tag=eloabder-20&linkCode=osi&th=1&psc=1"><img src="https://m.media-amazon.com/images/I/31pNKDUBgDL._SL500_.jpg" alt="Product Image"></a><p>Baby Delight Beside Me Dreamer Bassinet | Bedside Sleeper & Baby Bassinet | 6-Position Height Adjustment | 100% GOTS Certified Organic Cotton Fabric | Organic Mocha</p><p> -22% 0FF </p><p>$139.99</p><a href="https://www.amazon.com/dp/B0CTKT6641?tag=eloabder-20&linkCode=osi&th=1&psc=1">View Product</a></div><div class="product"><a href="https://www.amazon.com/dp/B09XHKL683?tag=eloabder-20&linkCode=osi&th=1&psc=1"><img src="https://m.media-amazon.com/images/I/611wEYRVaUL._SL500_.jpg" alt="Product Image"></a><p>Baby Bassinet Bedside Sleeper, besrey Bedside Bassinet for Newborn Infant with Comfy Mattress, 9 Height Positions, Adjustable Bedside Crib with 360° Swivel Wheels Bassinet for Baby with Storage Basket</p><p> -27% 0FF </p><p>$153.99</p><a href="https://www.amazon.com/dp/B09XHKL683?tag=eloabder-20&linkCode=osi&th=1&psc=1">View Product</a></div>
<div class="product"><a href="https://www.amazon.com/dp/B08CNM6DZT?tag=eloabder-20&linkCode=osi&th=1&psc=1"><img src="https://m.media-amazon.com/images/I/51D5+ArDsWL._SL500_.jpg" alt="Product Image"></a><p>Comfortable Bath Kneeler and Elbow Kneeling Rest Pad for Baby Bathing Parents - Painless Foam Mat with Toy Organizer Pockets - Quick Drying, Foldable, Non-Slip for Baby and Toddler Bathing</p><p> -20% 0FF </p><p>$41.97</p><a href="https://www.amazon.com/dp/B08CNM6DZT?tag=eloabder-20&linkCode=osi&th=1&psc=1">View Product</a></div><div class="product"><a href="https://www.amazon.com/dp/B07FK58QB1?tag=eloabder-20&linkCode=osi&th=1&psc=1"><img src="https://m.media-amazon.com/images/I/41qpzgGaHVL._SL500_.jpg" alt="Product Image"></a><p>Skip Hop Moby Bath Kneeler, Grey</p><p> -20% 0FF </p><p>$14.39</p><a href="https://www.amazon.com/dp/B07FK58QB1?tag=eloabder-20&linkCode=osi&th=1&psc=1">View Product</a></div><div class="product"><a href="https://www.amazon.com/dp/B081T5449V?tag=eloabder-20&linkCode=osi&th=1&psc=1"><img src="https://m.media-amazon.com/images/I/41bxm5Tx9BL._SL500_.jpg" alt="Product Image"></a><p>Toodly Baby Bath Kneeler and Elbow Rest Pad Set - Baby Bath Support for Knees and Elbows - Bath Kneeler Pad with Memory Foam and Bath Toys Organizer - Ideal Bath Kneeling Pad for Bathing Baby - Grey</p><p> -33% 0FF </p><p>$39.99</p><a href="https://www.amazon.com/dp/B081T5449V?tag=eloabder-20&linkCode=osi&th=1&psc=1">View Product</a></div><div class="product"><a href="https://www.amazon.com/dp/B07K1W7WN5?tag=eloabder-20&linkCode=osi&th=1&psc=1"><img src="https://m.media-amazon.com/images/I/31c0BxxJKZL._SL500_.jpg" alt="Product Image"></a><p>Skip Hop Baby Bath All-in-One Elbow Saver and Kneeler, Moby, Grey</p><p> -22% 0FF </p><p>$29.49</p><a href="https://www.amazon.com/dp/B07K1W7WN5?tag=eloabder-20&linkCode=osi&th=1&psc=1">View Product</a></div><div class="product"><a href="https://www.amazon.com/dp/B0CP48MH77?tag=eloabder-20&linkCode=osi&th=1&psc=1"><img src="https://m.media-amazon.com/images/I/41hoDZTiOEL._SL500_.jpg" alt="Product Image"></a><p>Efforest Baby Bath Kneeler and Elbow Rest Pad Set, 1.5" Thick Kneeling Pad for Baby Bath, Bathtub Kneeling pad with Toy Organizer for Knee & Arm Support, Non-Slip Mat for Baby & Toddler Bath</p><p> -50% 0FF </p><p>$17.48</p><a href="https://www.amazon.com/dp/B0CP48MH77?tag=eloabder-20&linkCode=osi&th=1&psc=1">View Product</a></div><div class="product"><a href="https://www.amazon.com/dp/B07WQTV19X?tag=eloabder-20&linkCode=osi&th=1&psc=1"><img src="https://m.media-amazon.com/images/I/41KGpUoWZ-S._SL500_.jpg" alt="Product Image"></a><p>Bath Kneeler and Elbow Rest Pad, 1.75 inch Extra Thick Baby Bath Kneeling Pad and Elbow Pad for Bathtub. Bath Tub Elbow Pad with Infant Toy and Baby Accessories Organizer, Grey</p><p> -13% 0FF </p><p>$34.99</p><a href="https://www.amazon.com/dp/B07WQTV19X?tag=eloabder-20&linkCode=osi&th=1&psc=1">View Product</a></div>
<div class="product"><a href="https://www.amazon.com/dp/B00I3K25R0?tag=eloabder-20&linkCode=osi&th=1&psc=1"><img src="https://m.media-amazon.com/images/I/41wucHZw+xL._SL500_.jpg" alt="Product Image"></a><p>Munchkin® Float & Play Bubbles™ Baby and Toddler Bath Toy, 4 Count</p><p> -35% 0FF </p><p>$6.15</p><a href="https://www.amazon.com/dp/B00I3K25R0?tag=eloabder-20&linkCode=osi&th=1&psc=1">View Product</a></div><div class="product"><a href="https://www.amazon.com/dp/B0C3VFVWYB?tag=eloabder-20&linkCode=osi&th=1&psc=1"><img src="https://m.media-amazon.com/images/I/41Cr35zwy4L._SL500_.jpg" alt="Product Image"></a><p>XY-WQ Bath Toys No Hole, for Infants 6-12& Toddlers 1-3, No Hole Bathtub Toys (Animal Ⅱ, 8 Pcs with Mesh Bag)</p><p> -25% 0FF </p><p>$11.99</p><a href="https://www.amazon.com/dp/B0C3VFVWYB?tag=eloabder-20&linkCode=osi&th=1&psc=1">View Product</a></div><div class="product"><a href="https://www.amazon.com/dp/B0D95ZDWD3?tag=eloabder-20&linkCode=osi&th=1&psc=1"><img src="https://m.media-amazon.com/images/I/51J3Myxu1lL._SL500_.jpg" alt="Product Image"></a><p>candyfouse Baby Whale Bath Toys,Whale Bath Toy Sprinkler, Light Up Bath Toys for Toddlers 1-3, Four Water Spray Patterns, Waterproof Design, Bathtub Fountain Spray Toy, Baby Birthday Shower Gifts</p><p> -40% 0FF </p><p>$5.99</p><a href="https://www.amazon.com/dp/B0D95ZDWD3?tag=eloabder-20&linkCode=osi&th=1&psc=1">View Product</a></div><div class="product"><a href="https://www.amazon.com/dp/B07Z22YMPN?tag=eloabder-20&linkCode=osi&th=1&psc=1"><img src="https://m.media-amazon.com/images/I/5101dLkJnoL._SL500_.jpg" alt="Product Image"></a><p>Toy Boat Bath Toys for Toddlers with 4 Mini Car Toys and 4 Bath Boat Squirters, Kids Ferry Boat for Bathtub Bathroom Pool Beach Toys</p><p> -50% 0FF </p><p>$13.47</p><a href="https://www.amazon.com/dp/B07Z22YMPN?tag=eloabder-20&linkCode=osi&th=1&psc=1">View Product</a></div><div class="product"><a href="https://www.amazon.com/dp/B0C72TGNHL?tag=eloabder-20&linkCode=osi&th=1&psc=1"><img src="https://m.media-amazon.com/images/I/51AOyTHwqrL._SL500_.jpg" alt="Product Image"></a><p>SplashEZ Mold Free Bath Toys for Babies & Toddlers, Car No Hole Bath Toys, Non Squirting Bath Toys No Mold for Tub, Beach, Pool, BPA-Free, Safe, Fun Infant Baby Bath Toys No Holes 0 1 3 6 12 18 Months</p><p> -38% 0FF </p><p>$9.99</p><a href="https://www.amazon.com/dp/B0C72TGNHL?tag=eloabder-20&linkCode=osi&th=1&psc=1">View Product</a></div>
<div class="product"><a href="https://www.amazon.com/dp/B078941ZC8?tag=eloabder-20&linkCode=osi&th=1&psc=1"><img src="https://m.media-amazon.com/images/I/31ltY+yutGL._SL500_.jpg" alt="Product Image"></a><p>Summer by Ingenuity My Bath Seat for Sit-Up Baby Bathing, Sure & Secure Suction Cups, ASTM Safety Tested & Approved, Backrest for Assisted Sitting, Easy Setup & Storage, Aqua</p><p> -34% 0FF </p><p>$23.16</p><a href="https://www.amazon.com/dp/B078941ZC8?tag=eloabder-20&linkCode=osi&th=1&psc=1">View Product</a></div><div class="product"><a href="https://www.amazon.com/dp/B0DCZ4F9MT?tag=eloabder-20&linkCode=osi&th=1&psc=1"><img src="https://m.media-amazon.com/images/I/31BF+egPyoL._SL500_.jpg" alt="Product Image"></a><p>Baby Bath Seat for Babies 6 Months & Up, Bath Seats for Babies Sitting Up, 3 Baby Bath Toys, Open Design, Non-Slip, Compact Toddler Bath Seat.</p><p> -6% 0FF </p><p>$39.99</p><a href="https://www.amazon.com/dp/B0DCZ4F9MT?tag=eloabder-20&linkCode=osi&th=1&psc=1">View Product</a></div><div class="product"><a href="https://www.amazon.com/dp/B0CSCYM2NW?tag=eloabder-20&linkCode=osi&th=1&psc=1"><img src="https://m.media-amazon.com/images/I/31Vbrx5q63L._SL500_.jpg" alt="Product Image"></a><p>Trankerloop Baby Bath Seat, Bath Seat for Baby 6 Month & up, Baby Bath tub Seat with Suction Cups, Non-Slip, Detachable, Pink</p><p> -11% 0FF </p><p>$39.99</p><a href="https://www.amazon.com/dp/B0CSCYM2NW?tag=eloabder-20&linkCode=osi&th=1&psc=1">View Product</a></div><div class="product"><a href="https://www.amazon.com/dp/B0CJF7WSCV?tag=eloabder-20&linkCode=osi&th=1&psc=1"><img src="https://m.media-amazon.com/images/I/41r0TqNTb+L._SL500_.jpg" alt="Product Image"></a><p>BKFEDLU Infant Bath Seat with Thermometer, Suction Cups, Toys - Toddler Bath Chair for Babies 6 Months & Up</p><p> -50% 0FF </p><p>$19.99</p><a href="https://www.amazon.com/dp/B0CJF7WSCV?tag=eloabder-20&linkCode=osi&th=1&psc=1">View Product</a></div><div class="product"><a href="https://www.amazon.com/dp/B0CRYFHT1G?tag=eloabder-20&linkCode=osi&th=1&psc=1"><img src="https://m.media-amazon.com/images/I/41nKT+O2y1L._SL500_.jpg" alt="Product Image"></a><p>Baby Bath Seat LDIIDII Baby Bathtub Seat Infant Bath Seat for Babies 6 Months&Up Sit Up Bathing in Tub,Toddler Bath Seat with Water Thermometer/4 Strong Suction Cup/3 Bath Toys/Shower Cap (Grey)</p><p> -50% 0FF </p><p>$19.99</p><a href="https://www.amazon.com/dp/B0CRYFHT1G?tag=eloabder-20&linkCode=osi&th=1&psc=1">View Product</a></div><div class="product"><a href="https://www.amazon.com/dp/B0D9VMXND1?tag=eloabder-20&linkCode=osi&th=1&psc=1"><img src="https://m.media-amazon.com/images/I/41UIJrNYB2L._SL500_.jpg" alt="Product Image"></a><p>Baby Bath Seat for Babies 6 Months & Up, Non-Slip Toddler Bath Seat for Baby Sitting Up, Safe Baby Bath tub Seat with Suction Cups, Soft Cushion, Baby Bath Chair, Gray</p><p> -13% 0FF </p><p>$39.99</p><a href="https://www.amazon.com/dp/B0D9VMXND1?tag=eloabder-20&linkCode=osi&th=1&psc=1">View Product</a></div><div class="product"><a href="https://www.amazon.com/dp/B0CR78TDQS?tag=eloabder-20&linkCode=osi&th=1&psc=1"><img src="https://m.media-amazon.com/images/I/41nFTXKoQGL._SL500_.jpg" alt="Product Image"></a><p>Wddbb Baby Bath Seat, Bath seat for Babies 6 Months & up, with Thermometer Bath Seats for Babies Sitting up, Non-Slip Toddler Bath Seat for Baby,Baby Bathtub Baby Bath Seats 6-24 Months (Gray)</p><p> -50% 0FF </p><p>$19.98</p><a href="https://www.amazon.com/dp/B0CR78TDQS?tag=eloabder-20&linkCode=osi&th=1&psc=1">View Product</a></div>
<div class="product"><a href="https://www.amazon.com/dp/B073GGVN3Q?tag=eloabder-20&linkCode=osi&th=1&psc=1"><img src="https://m.media-amazon.com/images/I/31vxBAs9CqL._SL500_.jpg" alt="Product Image"></a><p>b&h Baby Thermometer, The Infant Baby Bath Floating Toy Safety Temperature Water Thermometer (Classic Duck)</p><p> -6% 0FF </p><p>$15.99</p><a href="https://www.amazon.com/dp/B073GGVN3Q?tag=eloabder-20&linkCode=osi&th=1&psc=1">View Product</a></div><div class="product"><a href="https://www.amazon.com/dp/B0CBVTGRW2?tag=eloabder-20&linkCode=osi&th=1&psc=1"><img src="https://m.media-amazon.com/images/I/415ogBhdwML._SL500_.jpg" alt="Product Image"></a><p>Nuby Bath and Room Digital Thermometer - Baby Thermometer for Safe and Cozy Bath and Room Temperatures - Penguin</p><p> -20% 0FF </p><p>$11.99</p><a href="https://www.amazon.com/dp/B0CBVTGRW2?tag=eloabder-20&linkCode=osi&th=1&psc=1">View Product</a></div><div class="product"><a href="https://www.amazon.com/dp/B08HWBT9YD?tag=eloabder-20&linkCode=osi&th=1&psc=1"><img src="https://m.media-amazon.com/images/I/31SEPnY30NL._SL500_.jpg" alt="Product Image"></a><p>Doli Yearning Upgrade Baby Bath Thermometer Room Temperature| Water Thermometer|Kids' Bathroom Safety Products| Baby Bath(Seal Shape)℃/℉, LCD</p><p> -28% 0FF </p><p>$12.99</p><a href="https://www.amazon.com/dp/B08HWBT9YD?tag=eloabder-20&linkCode=osi&th=1&psc=1">View Product</a></div><div class="product"><a href="https://www.amazon.com/dp/B0CNCVSKWJ?tag=eloabder-20&linkCode=osi&th=1&psc=1"><img src="https://m.media-amazon.com/images/I/413jcI7ZoZL._SL500_.jpg" alt="Product Image"></a><p>Baby Bath Thermometer, Digital Water Temperature Thermometer with 3 Color Backlit and Temperature Warning, Safety Bath Tube Thermometer Floating Toy for Infant, Toddler</p><p> -7% 0FF </p><p>$12.99</p><a href="https://www.amazon.com/dp/B0CNCVSKWJ?tag=eloabder-20&linkCode=osi&th=1&psc=1">View Product</a></div><div class="product"><a href="https://www.amazon.com/dp/B01MY98912?tag=eloabder-20&linkCode=osi&th=1&psc=1"><img src="https://m.media-amazon.com/images/I/41HQEQLxeCL._SL500_.jpg" alt="Product Image"></a><p>Bath Thermometer - Bath Water Thermometer for Bathtub Baby Safety Water Temperature for Baby Bath - Easy to Use Bath Temperature Thermometer</p><p> -12% 0FF </p><p>$5.25</p><a href="https://www.amazon.com/dp/B01MY98912?tag=eloabder-20&linkCode=osi&th=1&psc=1">View Product</a></div><div class="product"><a href="https://www.amazon.com/dp/B0CYLVX1ZJ?tag=eloabder-20&linkCode=osi&th=1&psc=1"><img src="https://m.media-amazon.com/images/I/41xhSGYiopL._SL500_.jpg" alt="Product Image"></a><p>Pircaath Baby Bath Thermometer & Swimming Turtle Floating Bath Toys, BPA-Free Bath Thermometer Baby Safety, Backlit Display Bathtub Thermometer Baby Water Thermometer, Bath Temperature Toy for Infant</p><p> -17% 0FF </p><p>$9.99</p><a href="https://www.amazon.com/dp/B0CYLVX1ZJ?tag=eloabder-20&linkCode=osi&th=1&psc=1">View Product</a></div><div class="product"><a href="https://www.amazon.com/dp/B07GC7H86T?tag=eloabder-20&linkCode=osi&th=1&psc=1"><img src="https://m.media-amazon.com/images/I/414jIzev-VL._SL500_.jpg" alt="Product Image"></a><p>Baby Bath Thermometer with Room Thermometer - Famidoc FDTH-V0-22 New Upgraded Sensor Technology for Baby Health Bath Tub Thermometer Floating Toy Thermometer (Blue)</p><p> -12% 0FF </p><p>$14.99</p><a href="https://www.amazon.com/dp/B07GC7H86T?tag=eloabder-20&linkCode=osi&th=1&psc=1">View Product</a></div>
<div class="product"><a href="https://www.amazon.com/dp/B00G0KPLZI?tag=eloabder-20&linkCode=osi&th=1&psc=1"><img src="https://m.media-amazon.com/images/I/41X53ExW5-S._SL500_.jpg" alt="Product Image"></a><p>Spasilk Hooded Terry Bathrobe with Booties, Blue Plane, One Size</p><p> -14% 0FF </p><p>$11.99</p><a href="https://www.amazon.com/dp/B00G0KPLZI?tag=eloabder-20&linkCode=osi&th=1&psc=1">View Product</a></div><div class="product"><a href="https://www.amazon.com/dp/B09N7BB9Y6?tag=eloabder-20&linkCode=osi&th=1&psc=1"><img src="https://m.media-amazon.com/images/I/41iGc7gTxlL._SL500_.jpg" alt="Product Image"></a><p>ROMASA Baby Bath Towel Ultra Soft Hooded Towel Highly Absorbent Bathrobe Blanket Toddlers Shower Gifts for Boys Girls- 27.5" x 55" (Yellow)</p><p> -20% 0FF </p><p>$14.39 ($1.27 / Ounce)</p><a href="https://www.amazon.com/dp/B09N7BB9Y6?tag=eloabder-20&linkCode=osi&th=1&psc=1">View Product</a></div>
<div class="product"><a href="https://www.amazon.com/dp/B0C9Q8MXWW?tag=eloabder-20&linkCode=osi&th=1&psc=1"><img src="https://m.media-amazon.com/images/I/31aI3dosJJL._SL500_.jpg" alt="Product Image"></a><p>Baby Bathtub Faucet Cover, Bath Faucet Cover for Kids, Baby Bath Spout Cover, Soft Silicone Bathtub Faucet Safety Toys, Cute Whale, Universal Fit, Make Your Baby's Bath Time Fun and Love It</p><p> -46% 0FF </p><p>$6.99</p><a href="https://www.amazon.com/dp/B0C9Q8MXWW?tag=eloabder-20&linkCode=osi&th=1&psc=1">View Product</a></div><div class="product"><a href="https://www.amazon.com/dp/B07D98DLDV?tag=eloabder-20&linkCode=osi&th=1&psc=1"><img src="https://m.media-amazon.com/images/I/21f3AzvkYLL._SL500_.jpg" alt="Product Image"></a><p>Skip Hop Baby Bath Spout Cover, Universal Fit, Moby, Grey</p><p> -7% 0FF </p><p>$12.99</p><a href="https://www.amazon.com/dp/B07D98DLDV?tag=eloabder-20&linkCode=osi&th=1&psc=1">View Product</a></div><div class="product"><a href="https://www.amazon.com/dp/B0CSYJQ9D6?tag=eloabder-20&linkCode=osi&th=1&psc=1"><img src="https://m.media-amazon.com/images/I/314iWaEh9xL._SL500_.jpg" alt="Product Image"></a><p>Baby Bathtub Faucet Cover, Baby Safety Protection Silicone Toys, Bath Spout Cover Baby Bathtub, Faucet Cover Baby Bathtub Silicone Whale for Kids, Toddler, Infant, Grey Whale</p><p> -20% 0FF </p><p>$7.99</p><a href="https://www.amazon.com/dp/B0CSYJQ9D6?tag=eloabder-20&linkCode=osi&th=1&psc=1">View Product</a></div>
<div class="product"><a href="https://www.amazon.com/dp/B0070WGV9K?tag=eloabder-20&linkCode=osi&th=1&psc=1"><img src="https://m.media-amazon.com/images/I/41pqg6p2q0L._SL500_.jpg" alt="Product Image"></a><p>Regalo Swing Down Bed Rail Guard, with Reinforced Anchor Safety System</p><p> -8% 0FF </p><p>$23.99</p><a href="https://www.amazon.com/dp/B0070WGV9K?tag=eloabder-20&linkCode=osi&th=1&psc=1">View Product</a></div><div class="product"><a href="https://www.amazon.com/dp/B0CWS2NZ3K?tag=eloabder-20&linkCode=osi&th=1&psc=1"><img src="https://m.media-amazon.com/images/I/41OVQSq+N9L._SL500_.jpg" alt="Product Image"></a><p>NUTIKAS Baby Bed Rail Guard for Toddlers - 47" Toddler Bed Side Rails for Twin, Full, Queen Bunk Size Bed Swing Down Bedrail Extral Tall Child Safety Side Railing Guards for Kids</p><p> -27% 0FF </p><p>$35.98</p><a href="https://www.amazon.com/dp/B0CWS2NZ3K?tag=eloabder-20&linkCode=osi&th=1&psc=1">View Product</a></div><div class="product"><a href="https://www.amazon.com/dp/B00MTJWT68?tag=eloabder-20&linkCode=osi&th=1&psc=1"><img src="https://m.media-amazon.com/images/I/21FdaFkL+tL._SL500_.jpg" alt="Product Image"></a><p>Dream On Me Lightweight Mesh Security Adjustable Bed Rail for Toddler, Breathable Mesh Fabric, Suitable for All Types Of Beds, Reinforced Anchor System Bed Guard Rail, White</p><p> -50% 0FF </p><p>$19.98</p><a href="https://www.amazon.com/dp/B00MTJWT68?tag=eloabder-20&linkCode=osi&th=1&psc=1">View Product</a></div><div class="product"><a href="https://www.amazon.com/dp/B07JJP7S3Q?tag=eloabder-20&linkCode=osi&th=1&psc=1"><img src="https://m.media-amazon.com/images/I/41Rn7Sf-wLL._SL500_.jpg" alt="Product Image"></a><p>BANBALOO | Bed Bumper for Toddlers 53" | Bed Rails for Queen, King, Twin, Full-Size Bed | Toddler Bed Bumper | Bumpers for Bed | Bed Rail for Toddlers | Bed Barrier for Toddler | Foam Bumper</p><p> -23% 0FF </p><p>$26.99</p><a href="https://www.amazon.com/dp/B07JJP7S3Q?tag=eloabder-20&linkCode=osi&th=1&psc=1">View Product</a></div>
<div class="product"><a href="https://www.amazon.com/dp/B07SPT3D3J?tag=eloabder-20&linkCode=osi&th=1&psc=1"><img src="https://m.media-amazon.com/images/I/517zG-7ToEL._SL500_.jpg" alt="Product Image"></a><p>Teddy Soft Baby Book Activity Quiet Cloth Books Developmental Toys,Interactive Baby Books for Babies Toddlers Infants kids,Baby Boy Girls Machine Washable Toys Fabric Soft Book Goodnight Gift Box</p><p> -5% 0FF </p><p>$17.95</p><a href="https://www.amazon.com/dp/B07SPT3D3J?tag=eloabder-20&linkCode=osi&th=1&psc=1">View Product</a></div>
<div class="product"><a href="https://www.amazon.com/dp/B00JFTFPHK?tag=eloabder-20&linkCode=osi&th=1&psc=1"><img src="https://m.media-amazon.com/images/I/51O+qRW-KEL._SL500_.jpg" alt="Product Image"></a><p>25pcs 1" Pacifier Suspender Clips, Marrywindix Pacifier Clips for Making Pacifier Holders Bib Clips Toy Holder Silver</p><p> -33% 0FF </p><p>$5.99</p><a href="https://www.amazon.com/dp/B00JFTFPHK?tag=eloabder-20&linkCode=osi&th=1&psc=1">View Product</a></div><div class="product"><a href="https://www.amazon.com/dp/B00W94QLX0?tag=eloabder-20&linkCode=osi&th=1&psc=1"><img src="https://m.media-amazon.com/images/I/51O+qRW-KEL._SL500_.jpg" alt="Product Image"></a><p>50pcs 1" Pacifier Suspender Clips, Marrywindix Pacifier Clips for Making Pacifier Holders Bib Clips Toy Holder Silver</p><p> -40% 0FF </p><p>$8.99</p><a href="https://www.amazon.com/dp/B00W94QLX0?tag=eloabder-20&linkCode=osi&th=1&psc=1">View Product</a></div>
<div class="product"><a href="https://www.amazon.com/dp/B08G4SDDQC?tag=eloabder-20&linkCode=osi&th=1&psc=1"><img src="https://m.media-amazon.com/images/I/41HQSFX14bL._SL500_.jpg" alt="Product Image"></a><p>8-Pack Organic Baby Bandana Drool Bibs for Girls - Super Absorbent Baby Bibs for Baby Girls, Baby Boys, Soft Cotton Bandana Bibs, Baby Drool Bib, Teething Bibs for Infant, Toddler(Muted Pastel)</p><p> -26% 0FF </p><p>$16.96</p><a href="https://www.amazon.com/dp/B08G4SDDQC?tag=eloabder-20&linkCode=osi&th=1&psc=1">View Product</a></div>
<div class="product"><a href="https://www.amazon.com/dp/B08NNDN5GF?tag=eloabder-20&linkCode=osi&th=1&psc=1"><img src="https://m.media-amazon.com/images/I/41ocef4uVmL._SL500_.jpg" alt="Product Image"></a><p>Hudson Baby Unisex Baby Plush Sleeping Bag, Sack, Blanket, Gray Clouds, 18-24 Months</p><p> -37% 0FF </p><p>$10.08</p><a href="https://www.amazon.com/dp/B08NNDN5GF?tag=eloabder-20&linkCode=osi&th=1&psc=1">View Product</a></div><div class="product"><a href="https://www.amazon.com/dp/B0CQMHYCMX?tag=eloabder-20&linkCode=osi&th=1&psc=1"><img src="https://m.media-amazon.com/images/I/41vq0RvJ3yL._SL500_.jpg" alt="Product Image"></a><p>Gerber Baby Girls Flame Resistant Fleece Footed Pajamas 2-Pack, Purple Rainbows</p><p> -6% 0FF </p><p>$16.98</p><a href="https://www.amazon.com/dp/B0CQMHYCMX?tag=eloabder-20&linkCode=osi&th=1&psc=1">View Product</a></div>
<div class="product"><a href="https://www.amazon.com/dp/B0BDRKG478?tag=eloabder-20&linkCode=osi&th=1&psc=1"><img src="https://m.media-amazon.com/images/I/31LBn9SzD9L._SL500_.jpg" alt="Product Image"></a><p>Graco TurboBooster 2.0 Backless Booster Car Seat, Denton</p><p> -29% 0FF </p><p>$20.49</p><a href="https://www.amazon.com/dp/B0BDRKG478?tag=eloabder-20&linkCode=osi&th=1&psc=1">View Product</a></div><div class="product"><a href="https://www.amazon.com/dp/B07C2RNRCJ?tag=eloabder-20&linkCode=osi&th=1&psc=1"><img src="https://m.media-amazon.com/images/I/31CuULOPD4L._SL500_.jpg" alt="Product Image"></a><p>Graco Tranzitions 3 in 1 Harness Booster Seat</p><p> -21% 0FF </p><p>$94.49</p><a href="https://www.amazon.com/dp/B07C2RNRCJ?tag=eloabder-20&linkCode=osi&th=1&psc=1">View Product</a></div>
<div class="product"><a href="https://www.amazon.com/dp/B09H6Y14KH?tag=eloabder-20&linkCode=osi&th=1&psc=1"><img src="https://m.media-amazon.com/images/I/410cJD5cOBL._SL500_.jpg" alt="Product Image"></a><p>Mancro Breastmilk Cooler Bag with Ice Pack, Fits 6 Baby Bottles Up to 9 Ounce Insulated Bottle Bag, Breast Milk on The go Strap, for Nursing Mom Daycare, Black</p><p> -6% 0FF </p><p>$16.99</p><a href="https://www.amazon.com/dp/B09H6Y14KH?tag=eloabder-20&linkCode=osi&th=1&psc=1">View Product</a></div>
<div class="product"><a href="https://www.amazon.com/dp/B006SFUCV8?tag=eloabder-20&linkCode=osi&th=1&psc=1"><img src="https://m.media-amazon.com/images/I/31Uu2+3+7RL._SL500_.jpg" alt="Product Image"></a><p>Munchkin® High Capacity Drying Rack for Baby Bottles and Accessories, White</p><p> -6% 0FF </p><p>$13.75</p><a href="https://www.amazon.com/dp/B006SFUCV8?tag=eloabder-20&linkCode=osi&th=1&psc=1">View Product</a></div><div class="product"><a href="https://www.amazon.com/dp/B0CHJS27KB?tag=eloabder-20&linkCode=osi&th=1&psc=1"><img src="https://m.media-amazon.com/images/I/51CDxHsKEAL._SL500_.jpg" alt="Product Image"></a><p>Termichy Baby Bottle Drying Rack: Large Vertical Bottle Dryer Rack Holder - Space Saving Standing Drying Rack for Baby Bottles and Pump Part Cleaning (Gray)</p><p> -7% 0FF </p><p>$26.99</p><a href="https://www.amazon.com/dp/B0CHJS27KB?tag=eloabder-20&linkCode=osi&th=1&psc=1">View Product</a></div><div class="product"><a href="https://www.amazon.com/dp/B00RQ83N76?tag=eloabder-20&linkCode=osi&th=1&psc=1"><img src="https://m.media-amazon.com/images/I/31bE-Iv6B6L._SL500_.jpg" alt="Product Image"></a><p>Munchkin Fold Baby Bottle Drying Rack - Compact Design Folds Flat for Easy Storage, White/Grey</p><p> -8% 0FF </p><p>$7.76</p><a href="https://www.amazon.com/dp/B00RQ83N76?tag=eloabder-20&linkCode=osi&th=1&psc=1">View Product</a></div><div class="product"><a href="https://www.amazon.com/dp/B00HNVWGNS?tag=eloabder-20&linkCode=osi&th=1&psc=1"><img src="https://m.media-amazon.com/images/I/41oD0n0VKWL._SL500_.jpg" alt="Product Image"></a><p>Dr. Brown's Folding Baby Bottle Drying Rack for Easy Storage, Dry Nipples, Pacifiers and Other Baby Essentials, BPA-free</p><p> -34% 0FF </p><p>$11.89</p><a href="https://www.amazon.com/dp/B00HNVWGNS?tag=eloabder-20&linkCode=osi&th=1&psc=1">View Product</a></div><div class="product"><a href="https://www.amazon.com/dp/B0CMRV5CPZ?tag=eloabder-20&linkCode=osi&th=1&psc=1"><img src="https://m.media-amazon.com/images/I/41XhN13vG4L._SL500_.jpg" alt="Product Image"></a><p>Dr. Brown's Drying Tower, Stand-Up Drying Rack, Countertop Baby Bottle Drying with Organized Storage for Baby Essentials, Space Saving Vertical Rack</p><p> -32% 0FF </p><p>$19.98</p><a href="https://www.amazon.com/dp/B0CMRV5CPZ?tag=eloabder-20&linkCode=osi&th=1&psc=1">View Product</a></div>
<div class="product"><a href="https://www.amazon.com/dp/B0876T9DQZ?tag=eloabder-20&linkCode=osi&th=1&psc=1"><img src="https://m.media-amazon.com/images/I/41EvYRi2WLL._SL500_.jpg" alt="Product Image"></a><p>Philips Avent Premium Fast Bottle Warmer, with Smart Temperature Control, Water Bath Technology, Automatic Shut-Off, Model SCF358</p><p> -20% 0FF </p><p>$39.99</p><a href="https://www.amazon.com/dp/B0876T9DQZ?tag=eloabder-20&linkCode=osi&th=1&psc=1">View Product</a></div><div class="product"><a href="https://www.amazon.com/dp/B0D2X9276K?tag=eloabder-20&linkCode=osi&th=1&psc=1"><img src="https://m.media-amazon.com/images/I/31kRB6a3EoL._SL500_.jpg" alt="Product Image"></a><p>WITGER 8-in-1 Baby Bottle Warmer and Sterilizer - Fast Heating, Accurate Temperature Control, BPA-Free, Defrosting, Food Heating, and Constant Temperature Maintenance.</p><p> -14% 0FF </p><p>$29.99</p><a href="https://www.amazon.com/dp/B0D2X9276K?tag=eloabder-20&linkCode=osi&th=1&psc=1">View Product</a></div><div class="product"><a href="https://www.amazon.com/dp/B09XJBQWQZ?tag=eloabder-20&linkCode=osi&th=1&psc=1"><img src="https://m.media-amazon.com/images/I/41rEmiL1MDL._SL500_.jpg" alt="Product Image"></a><p>Dr. Brown’s™ Insta-Feed™ Bottle Warmer and Sterilizer</p><p> -14% 0FF </p><p>$24.99</p><a href="https://www.amazon.com/dp/B09XJBQWQZ?tag=eloabder-20&linkCode=osi&th=1&psc=1">View Product</a></div><div class="product"><a href="https://www.amazon.com/dp/B0B97M3PX2?tag=eloabder-20&linkCode=osi&th=1&psc=1"><img src="https://m.media-amazon.com/images/I/31D1jFeOavL._SL500_.jpg" alt="Product Image"></a><p>Momcozy Bottle Warmer, Fast Bottle Warmers for All Bottles with Timer, Accurate Temperature Control and Automatic Shut-Off, Multifunctional Bottle Warmer for Breastmilk</p><p> -43% 0FF </p><p>$33.99</p><a href="https://www.amazon.com/dp/B0B97M3PX2?tag=eloabder-20&linkCode=osi&th=1&psc=1">View Product</a></div><div class="product"><a href="https://www.amazon.com/dp/B07YJKWTYW?tag=eloabder-20&linkCode=osi&th=1&psc=1"><img src="https://m.media-amazon.com/images/I/31Rfvw7DMyL._SL500_.jpg" alt="Product Image"></a><p>Bottle Warmer, GROWNSY 8-in-1 Fast Baby Milk Warmer with Timer for Breastmilk or Formula, Accurate Temperature Control, with Defrost, Sterili-zing, Keep, Heat Baby Food Jars Function</p><p> -20% 0FF </p><p>$39.99</p><a href="https://www.amazon.com/dp/B07YJKWTYW?tag=eloabder-20&linkCode=osi&th=1&psc=1">View Product</a></div><div class="product"><a href="https://www.amazon.com/dp/B0BY26RDWQ?tag=eloabder-20&linkCode=osi&th=1&psc=1"><img src="https://m.media-amazon.com/images/I/412nEaDc-cL._SL500_.jpg" alt="Product Image"></a><p>Momcozy Nutri Bottle Warmer, 9-in-1 Baby Bottle Warmer with Night Light, Accurate Temperature to Preserve Fullest Nutrients in Breast Milk, Bottle Warmers for All Bottles with Breastmilk or Formula</p><p> -20% 0FF </p><p>$39.99</p><a href="https://www.amazon.com/dp/B0BY26RDWQ?tag=eloabder-20&linkCode=osi&th=1&psc=1">View Product</a></div><div class="product"><a href="https://www.amazon.com/dp/B00005BXKM?tag=eloabder-20&linkCode=osi&th=1&psc=1"><img src="https://m.media-amazon.com/images/I/31nh2NZoUTL._SL500_.jpg" alt="Product Image"></a><p>The First Years Baby Bottle Warmer and Sterilizer - Pacifier and Bottle Nipple Sanitizer - Feeding Baby Essentials for Formula or Breast Milk - Holds Multiple Sizes</p><p> -10% 0FF </p><p>$19.75</p><a href="https://www.amazon.com/dp/B00005BXKM?tag=eloabder-20&linkCode=osi&th=1&psc=1">View Product</a></div>
<div class="product"><a href="https://www.amazon.com/dp/B0C7FL2XSL?tag=eloabder-20&linkCode=osi&th=1&psc=1"><img src="https://m.media-amazon.com/images/I/3195BfbxF2L._SL500_.jpg" alt="Product Image"></a><p>Motif Medical, Milk Storage Bags, 6 oz Milk Freezer Bag with Easy Pour Spout, BPA Free, Write-On Label - 100 Count</p><p> -20% 0FF </p><p>$15.99</p><a href="https://www.amazon.com/dp/B0C7FL2XSL?tag=eloabder-20&linkCode=osi&th=1&psc=1">View Product</a></div>
<div class="product"><a href="https://www.amazon.com/dp/B08H9QJVNZ?tag=eloabder-20&linkCode=osi&th=1&psc=1"><img src="https://m.media-amazon.com/images/I/31XZwvFZhIL._SL500_.jpg" alt="Product Image"></a><p>Medela Manual breast pump with Flex Shields Harmony Single Hand for More Comfort and Expressing More Milk</p><p> -34% 0FF </p><p>$28.72</p><a href="https://www.amazon.com/dp/B08H9QJVNZ?tag=eloabder-20&linkCode=osi&th=1&psc=1">View Product</a></div><div class="product"><a href="https://www.amazon.com/dp/B0BXH3XF7X?tag=eloabder-20&linkCode=osi&th=1&psc=1"><img src="https://m.media-amazon.com/images/I/41GBdp47u+L._SL500_.jpg" alt="Product Image"></a><p>Momcozy Hands Free Breast Pump S9 Pro Updated, Wearable Breast Pump of Longer Battery Life & LED Display, Double Portable Electric Breast Pump with 2 Modes & 9 Levels - 24mm, 2 Pack Gray</p><p> -31% 0FF </p><p>$95.98</p><a href="https://www.amazon.com/dp/B0BXH3XF7X?tag=eloabder-20&linkCode=osi&th=1&psc=1">View Product</a></div><div class="product"><a href="https://www.amazon.com/dp/B0CNGJMQDD?tag=eloabder-20&linkCode=osi&th=1&psc=1"><img src="https://m.media-amazon.com/images/I/41XS8v-5dyL._SL500_.jpg" alt="Product Image"></a><p>Momcozy Breast Pump Hands Free M5, Wearable Breast Pump of Baby Mouth Double-Sealed Flange with 3 Modes & 9 Levels, Electric Breast Pump Portable - 24mm, 2 Pack Cozy Red</p><p> -23% 0FF </p><p>$199.99 ($100.00 / Count)</p><a href="https://www.amazon.com/dp/B0CNGJMQDD?tag=eloabder-20&linkCode=osi&th=1&psc=1">View Product</a></div><div class="product"><a href="https://www.amazon.com/dp/B0DK9VJCRK?tag=eloabder-20&linkCode=osi&th=1&psc=1"><img src="https://m.media-amazon.com/images/I/41RyWq3DsfL._SL500_.jpg" alt="Product Image"></a><p>Hands Free Breast Pump Wearable MY-375 - Strong Suction, Low Noise, Wearable Breastfeeding Pump with 4 Mode &12 Levels, Portable Electric Breast Pump - 19/21/24mm Insert/Flange, 2 Pack (White)</p><p> -33% 0FF </p><p>$99.99 ($50.00 / Count)</p><a href="https://www.amazon.com/dp/B0DK9VJCRK?tag=eloabder-20&linkCode=osi&th=1&psc=1">View Product</a></div>
<div class="product"><a href="https://www.amazon.com/dp/B0BTZTSMM7?tag=eloabder-20&linkCode=osi&th=1&psc=1"><img src="https://m.media-amazon.com/images/I/41E+gI3y2mL._SL500_.jpg" alt="Product Image"></a><p>Konssy Muslin Nursing Cover for Baby Breastfeeding, Breathable 100% Cotton Breastfeeding Cover with Rigid Hoop for Mother Nursing Apron, Multi-use Carseat Canopy (Summer Wheat)</p><p> -25% 0FF </p><p>$14.99</p><a href="https://www.amazon.com/dp/B0BTZTSMM7?tag=eloabder-20&linkCode=osi&th=1&psc=1">View Product</a></div><div class="product"><a href="https://www.amazon.com/dp/B0CRY93RSV?tag=eloabder-20&linkCode=osi&th=1&psc=1"><img src="https://m.media-amazon.com/images/I/31GF3tvRWjL._SL500_.jpg" alt="Product Image"></a><p>Konssy Knit Nursing Cover for Breastfeeding, 360 Full Privacy Breathable Breastfeeding Cover, Multi-use Carseat Canopy(Beige)</p><p> -25% 0FF </p><p>$14.99</p><a href="https://www.amazon.com/dp/B0CRY93RSV?tag=eloabder-20&linkCode=osi&th=1&psc=1">View Product</a></div><div class="product"><a href="https://www.amazon.com/dp/B0CYM1Y178?tag=eloabder-20&linkCode=osi&th=1&psc=1"><img src="https://m.media-amazon.com/images/I/41BlDYTW3hL._SL500_.jpg" alt="Product Image"></a><p>Comfy Cubs Nursing Cover for Baby Breastfeeding - 100% Muslin Cotton, Soft & Breathable Cotton, Breastfeeding Pumping Cover for Mom, with Rigid Hoop - Privacy Unisex Lightweight Wrap (Pacific Blue)</p><p> -48% 0FF </p><p>$12.99</p><a href="https://www.amazon.com/dp/B0CYM1Y178?tag=eloabder-20&linkCode=osi&th=1&psc=1">View Product</a></div><div class="product"><a href="https://www.amazon.com/dp/B074M6FRND?tag=eloabder-20&linkCode=osi&th=1&psc=1"><img src="https://m.media-amazon.com/images/I/51odoDcAZ9L._SL500_.jpg" alt="Product Image"></a><p>Baby Nursing Cover & Nursing Poncho - Multi Use Cover for Baby Car Seat Canopy, Shopping Cart Cover, Stroller Cover, 360° Full Privacy Breastfeeding Coverage, Baby Shower Gifts for Boy&Girl</p><p> -30% 0FF </p><p>$13.95</p><a href="https://www.amazon.com/dp/B074M6FRND?tag=eloabder-20&linkCode=osi&th=1&psc=1">View Product</a></div><div class="product"><a href="https://www.amazon.com/dp/B0CB15QFNL?tag=eloabder-20&linkCode=osi&th=1&psc=1"><img src="https://m.media-amazon.com/images/I/31GyAL5zSlL._SL500_.jpg" alt="Product Image"></a><p>Breathable Car Seat Cover for Babies – Multi-Purpose Soft Rayon Nursing Cover for Breastfeeding, High Stretchy Infant Carseat Canopy, Stroller Cover (Smooth Rayon, Blush)</p><p> -20% 0FF </p><p>$7.99</p><a href="https://www.amazon.com/dp/B0CB15QFNL?tag=eloabder-20&linkCode=osi&th=1&psc=1">View Product</a></div>
<div class="product"><a href="https://www.amazon.com/dp/B00PC3K7OE?tag=eloabder-20&linkCode=osi&th=1&psc=1"><img src="https://m.media-amazon.com/images/I/41Ysisnr8oL._SL500_.jpg" alt="Product Image"></a><p>My Brest Friend Nursing Pillow - Deluxe - Enhanced Comfort w/ Slipcover - Ergonomic Breastfeeding Pillow For Ultimate Support For Mom & Baby - Adjustable Pillow W/ Handy Side Pocket, Evening Grey</p><p> -6% 0FF </p><p>$49.99</p><a href="https://www.amazon.com/dp/B00PC3K7OE?tag=eloabder-20&linkCode=osi&th=1&psc=1">View Product</a></div><div class="product"><a href="https://www.amazon.com/dp/B0B2W7X465?tag=eloabder-20&linkCode=osi&th=1&psc=1"><img src="https://m.media-amazon.com/images/I/41TWXbEgaJL._SL500_.jpg" alt="Product Image"></a><p>Momcozy Nursing Pillow for Breastfeeding, Original Plus Size Breastfeeding Pillows for More Support for Mom and Baby, with Adjustable Waist Strap and Removable Cotton Cover, Grey</p><p> -17% 0FF </p><p>$39.99</p><a href="https://www.amazon.com/dp/B0B2W7X465?tag=eloabder-20&linkCode=osi&th=1&psc=1">View Product</a></div><div class="product"><a href="https://www.amazon.com/dp/B08LF56YHJ?tag=eloabder-20&linkCode=osi&th=1&psc=1"><img src="https://m.media-amazon.com/images/I/31pJjCYHNMS._SL500_.jpg" alt="Product Image"></a><p>My Brest Friend Super Deluxe Nursing Pillow - Enhanced Comfort & Ergonomic Breastfeeding Pillow for Ultimate Support For Mom & Baby - Adjustable and with Handy Side Pocket, Platinum</p><p> -8% 0FF </p><p>$59.99</p><a href="https://www.amazon.com/dp/B08LF56YHJ?tag=eloabder-20&linkCode=osi&th=1&psc=1">View Product</a></div><div class="product"><a href="https://www.amazon.com/dp/B0C3RWRCQM?tag=eloabder-20&linkCode=osi&th=1&psc=1"><img src="https://m.media-amazon.com/images/I/516Q+AKi5kL._SL500_.jpg" alt="Product Image"></a><p>PILLANI Nursing Pillow, Plus Size Breastfeeding Pillows for Enhanced Support & Comfort for Mom & Baby, Removable Cotton Cover, Adjustable Waist Strap, Breastfeeding Essentials, Baby Registry Search</p><p> -20% 0FF </p><p>$31.99</p><a href="https://www.amazon.com/dp/B0C3RWRCQM?tag=eloabder-20&linkCode=osi&th=1&psc=1">View Product</a></div><div class="product"><a href="https://www.amazon.com/dp/B0CPVDN3J3?tag=eloabder-20&linkCode=osi&th=1&psc=1"><img src="https://m.media-amazon.com/images/I/41sq3SZUjlL._SL500_.jpg" alt="Product Image"></a><p>Momcozy Original Nursing Pillow and Positioner, Plus Size Breast Feeding Pillow for More Support for Mom and Baby Boy or Girl，Baby Essentials for Nursing or Bottle Feeding and Removable Cotton Cover</p><p> -15% 0FF </p><p>$39.99</p><a href="https://www.amazon.com/dp/B0CPVDN3J3?tag=eloabder-20&linkCode=osi&th=1&psc=1">View Product</a></div><div class="product"><a href="https://www.amazon.com/dp/B00PC3JYQQ?tag=eloabder-20&linkCode=osi&th=1&psc=1"><img src="https://m.media-amazon.com/images/I/51AoteowPXL._SL500_.jpg" alt="Product Image"></a><p>My Brest Friend Original Nursing Pillow Enhanced Ergonomics Essential Breastfeeding Pillow Support For Mom & Baby W/ Convenient Side Pocket, Double Straps & slipcover, Midnight Poppy</p><p> -7% 0FF </p><p>$41.99</p><a href="https://www.amazon.com/dp/B00PC3JYQQ?tag=eloabder-20&linkCode=osi&th=1&psc=1">View Product</a></div>
<div class="product"><a href="https://www.amazon.com/dp/B09KRKGJ3S?tag=eloabder-20&linkCode=osi&th=1&psc=1"><img src="https://m.media-amazon.com/images/I/41fXKHSGeCL._SL500_.jpg" alt="Product Image"></a><p>Looxii Muslin Burp Cloths 100% Cotton Large 20''x10'' Extra Soft and Absorbent 6 Pack Baby Burping Cloth for Boys Girls (Dark Green)</p><p> -6% 0FF </p><p>$13.14</p><a href="https://www.amazon.com/dp/B09KRKGJ3S?tag=eloabder-20&linkCode=osi&th=1&psc=1">View Product</a></div><div class="product"><a href="https://www.amazon.com/dp/B0CLPGQWNB?tag=eloabder-20&linkCode=osi&th=1&psc=1"><img src="https://m.media-amazon.com/images/I/416sGTkqHRL._SL500_.jpg" alt="Product Image"></a><p>Comfy Cubs Muslin Burp Cloths Large 100% Cotton Hand Washcloths for Babies, Baby Essentials 6 Layers Extra Absorbent and Soft Boys & Girls Baby Bibs & Burp Cloths Set (Multicolor, 10-Pack, 20" X10")</p><p> -33% 0FF </p><p>$19.99</p><a href="https://www.amazon.com/dp/B0CLPGQWNB?tag=eloabder-20&linkCode=osi&th=1&psc=1">View Product</a></div><div class="product"><a href="https://www.amazon.com/dp/B0CNKWNY43?tag=eloabder-20&linkCode=osi&th=1&psc=1"><img src="https://m.media-amazon.com/images/I/31iZQ-IdT6L._SL500_.jpg" alt="Product Image"></a><p>Comfy Cubs Burp Cloths 6 Pack Large 100% Cotton Washcloths Double Layered Absorbent Burping Cloth Extra Absorbent Baby Burp Cloth Extra Soft for Boys and Girls (Multicolor Girl, Pack of 6)</p><p> -40% 0FF </p><p>$14.99 ($2.50 / Count)</p><a href="https://www.amazon.com/dp/B0CNKWNY43?tag=eloabder-20&linkCode=osi&th=1&psc=1">View Product</a></div>
<div class="product"><a href="https://www.amazon.com/dp/B096NZHHVR?tag=eloabder-20&linkCode=osi&th=1&psc=1"><img src="https://m.media-amazon.com/images/I/41PxfLKcdWL._SL500_.jpg" alt="Product Image"></a><p>Meolsaek Car Seat Protector for Child Car Seat, 600D Fabric Waterproof Car Seat Cover with Non-Slip Backing, Under Baby Car Seat from Pressure Marks</p><p> -15% 0FF </p><p>$33.97</p><a href="https://www.amazon.com/dp/B096NZHHVR?tag=eloabder-20&linkCode=osi&th=1&psc=1">View Product</a></div><div class="product"><a href="https://www.amazon.com/dp/B096PGXGB4?tag=eloabder-20&linkCode=osi&th=1&psc=1"><img src="https://m.media-amazon.com/images/I/31Y4e9zhROS._SL500_.jpg" alt="Product Image"></a><p>XHYANG Car Seat Protector 1 Pack Car Seat Cushion Mat Thickest Padding,Waterproof 600D Fabric Car Seat Covers for Non-Slip Backing Mesh Pockets for Baby and Pet (1 Seat Protector)</p><p> -24% 0FF </p><p>$17.95</p><a href="https://www.amazon.com/dp/B096PGXGB4?tag=eloabder-20&linkCode=osi&th=1&psc=1">View Product</a></div><div class="product"><a href="https://www.amazon.com/dp/B09828NDRS?tag=eloabder-20&linkCode=osi&th=1&psc=1"><img src="https://m.media-amazon.com/images/I/31ua+nTGAXL._SL500_.jpg" alt="Product Image"></a><p>XHYANG Car Seat Protector,Auto Car Seat Protectors Baby Carseat Waterproof Durable 600D Fabric for Child Baby Car Seat Mat Vehicle Pet Cover 2 Storage Pockets (1 Pack)</p><p> -31% 0FF </p><p>$17.99</p><a href="https://www.amazon.com/dp/B09828NDRS?tag=eloabder-20&linkCode=osi&th=1&psc=1">View Product</a></div><div class="product"><a href="https://www.amazon.com/dp/B0CB14PHZT?tag=eloabder-20&linkCode=osi&th=1&psc=1"><img src="https://m.media-amazon.com/images/I/31lC1dggTTL._SL500_.jpg" alt="Product Image"></a><p>Breathable Car Seat Cover for Babies – Multi-Purpose Soft Rayon Nursing Cover for Breastfeeding, High Stretchy Infant Carseat Canopy, Stroller Cover (Smooth Rayon, Roman Green)</p><p> -20% 0FF </p><p>$7.19</p><a href="https://www.amazon.com/dp/B0CB14PHZT?tag=eloabder-20&linkCode=osi&th=1&psc=1">View Product</a></div><div class="product"><a href="https://www.amazon.com/dp/B08H4WCFXV?tag=eloabder-20&linkCode=osi&th=1&psc=1"><img src="https://m.media-amazon.com/images/I/516mz-4vqgL._SL500_.jpg" alt="Product Image"></a><p>Yoofoss Baby Car Seat Cover Winter Carseat Canopies Cover to Protect Baby from Cold Wind, Super Warm Plush Fleece Baby Carrier Cover for Infant Boys Girls (Black)</p><p> -11% 0FF </p><p>$32.99</p><a href="https://www.amazon.com/dp/B08H4WCFXV?tag=eloabder-20&linkCode=osi&th=1&psc=1">View Product</a></div>

<div class="product"><a href="https://www.amazon.com/dp/B07W6JGDYW?tag=eloabder-20&linkCode=osi&th=1&psc=1"><img src="https://m.media-amazon.com/images/I/41H2tKos7SL._SL500_.jpg" alt="Product Image"></a><p>Kaiphy Car Seat Protector - Seat Protection Mat - Thick Padding - Durable, Waterproof Fabric, Leather Reinforced Corners & 3 Pockets for Handy Storage Black</p><p> -46% 0FF </p><p>$13.97</p><a href="https://www.amazon.com/dp/B07W6JGDYW?tag=eloabder-20&linkCode=osi&th=1&psc=1">View Product</a></div><div class="product"><a href="https://www.amazon.com/dp/B0D5XFHH28?tag=eloabder-20&linkCode=osi&th=1&psc=1"><img src="https://m.media-amazon.com/images/I/31XhcmIiWAL._SL500_.jpg" alt="Product Image"></a><p>Car Seat Protector, Carseat Seat Protectors with Thick Padding and Upgraded Non-Slip Backing, Waterproof Seat Protector under Baby Car Seat, 600D Fabric Car Seat Covers with Storage Pockets for Baby</p><p> -20% 0FF </p><p>$13.59</p><a href="https://www.amazon.com/dp/B0D5XFHH28?tag=eloabder-20&linkCode=osi&th=1&psc=1">View Product</a></div><div class="product"><a href="https://www.amazon.com/dp/B07JBQBVL6?tag=eloabder-20&linkCode=osi&th=1&psc=1"><img src="https://m.media-amazon.com/images/I/31PZj+OEfjL._SL500_.jpg" alt="Product Image"></a><p>Car Seat Protector for Baby Child Car Seats, Shynerk Auto Seat Cover Mat for Under Carseat to Protect Automotive Vehicle Leather and Cloth Upholstery - Waterproof and Dirt Resistant</p><p> -33% 0FF </p><p>$19.99</p><a href="https://www.amazon.com/dp/B07JBQBVL6?tag=eloabder-20&linkCode=osi&th=1&psc=1">View Product</a></div>
<div class="product"><a href="https://www.amazon.com/dp/B00O64QJOC?tag=eloabder-20&linkCode=osi&th=1&psc=1"><img src="https://m.media-amazon.com/images/I/21l2K1fjgyL._SL500_.jpg" alt="Product Image"></a><p>Munchkin® Secure Grip™ Contoured Baby Diaper Changing Pad for Dresser, Waterproof, 16" x 31"</p><p> -10% 0FF </p><p>$31.49</p><a href="https://www.amazon.com/dp/B00O64QJOC?tag=eloabder-20&linkCode=osi&th=1&psc=1">View Product</a></div><div class="product"><a href="https://www.amazon.com/dp/B0DF1W28C5?tag=eloabder-20&linkCode=osi&th=1&psc=1"><img src="https://m.media-amazon.com/images/I/31F+H+AlPWL._SL500_.jpg" alt="Product Image"></a><p>Blissful Diary Vegan Leather Baby Changing Pad with Waterproof & Wipe-Clean PU Cover, Standard Size Cozy Baby Changing Table Pads for Dressers/Tables, Taupe</p><p> -13% 0FF </p><p>$34.99</p><a href="https://www.amazon.com/dp/B0DF1W28C5?tag=eloabder-20&linkCode=osi&th=1&psc=1">View Product</a></div><div class="product"><a href="https://www.amazon.com/dp/B0B45JKHGG?tag=eloabder-20&linkCode=osi&th=1&psc=1"><img src="https://m.media-amazon.com/images/I/41i2u89FqBL._SL500_.jpg" alt="Product Image"></a><p>YENING Baby Diaper Changing Pad for Dresser Top with Cover Waterproof Lining Foam Contoured Changing Table Pads Topper 31" x 16" Grey</p><p> -33% 0FF </p><p>$26.98</p><a href="https://www.amazon.com/dp/B0B45JKHGG?tag=eloabder-20&linkCode=osi&th=1&psc=1">View Product</a></div>
<div class="product"><a href="https://www.amazon.com/dp/B0D3BPZ77F?tag=eloabder-20&linkCode=osi&th=1&psc=1"><img src="https://m.media-amazon.com/images/I/41-+eE90DeL._SL500_.jpg" alt="Product Image"></a><p>Baby Changing Table, Versatile Folding Changing Table, Waterproof Diaper Changing Station, Adjustable Height with 2 Drawers,Baby Changing Station, Mobile Nursery for Infant and Newborn</p><p> -30% 0FF </p><p>$159.99</p><a href="https://www.amazon.com/dp/B0D3BPZ77F?tag=eloabder-20&linkCode=osi&th=1&psc=1">View Product</a></div><div class="product"><a href="https://www.amazon.com/dp/B073YB522V?tag=eloabder-20&linkCode=osi&th=1&psc=1"><img src="https://m.media-amazon.com/images/I/41IwxC2WttS._SL500_.jpg" alt="Product Image"></a><p>Delta Children Eclipse Changing Table with Changing Pad, Grey</p><p> -44% 0FF </p><p>$79.00</p><a href="https://www.amazon.com/dp/B073YB522V?tag=eloabder-20&linkCode=osi&th=1&psc=1">View Product</a></div><div class="product"><a href="https://www.amazon.com/dp/B075ZVTJ3D?tag=eloabder-20&linkCode=osi&th=1&psc=1"><img src="https://m.media-amazon.com/images/I/41Ig2EwFThL._SL500_.jpg" alt="Product Image"></a><p>Dream On Me Emily Changing Table In Steel Grey, Comes With 1" Changing Pad, Features Two Shelves, Portable Changing Station, Made Of Sustainable New Zealand Pinewood</p><p> -21% 0FF </p><p>$69.99</p><a href="https://www.amazon.com/dp/B075ZVTJ3D?tag=eloabder-20&linkCode=osi&th=1&psc=1">View Product</a></div><div class="product"><a href="https://www.amazon.com/dp/B08HMJCHCT?tag=eloabder-20&linkCode=osi&th=1&psc=1"><img src="https://m.media-amazon.com/images/I/31aqc05wT6L._SL500_.jpg" alt="Product Image"></a><p>Storkcraft Brookside 2 Drawer Changing Table Dresser (Pebble Gray) – GREENGUARD Gold Certified, Easy-to-Match Chest of Drawers and Cubbies for Nursery and Kids Bedroom, Includes Changing Table Topper</p><p> -31% 0FF </p><p>$151.29</p><a href="https://www.amazon.com/dp/B08HMJCHCT?tag=eloabder-20&linkCode=osi&th=1&psc=1">View Product</a></div><div class="product"><a href="https://www.amazon.com/dp/B005OSHTSO?tag=eloabder-20&linkCode=osi&th=1&psc=1"><img src="https://m.media-amazon.com/images/I/41ckUWX71DL._SL500_.jpg" alt="Product Image"></a><p>Badger Basket Modern Baby Changing Table with Laundry Hamper, 3 Storage Drawers and Pad, Diaper Change Station - White/White</p><p> -32% 0FF </p><p>$128.99</p><a href="https://www.amazon.com/dp/B005OSHTSO?tag=eloabder-20&linkCode=osi&th=1&psc=1">View Product</a></div><div class="product"><a href="https://www.amazon.com/dp/B08HHFZ5JJ?tag=eloabder-20&linkCode=osi&th=1&psc=1"><img src="https://m.media-amazon.com/images/I/31oH0mt34ML._SL500_.jpg" alt="Product Image"></a><p>Graco Noah 3 Drawer Chest with Changing Topper (White) – GREENGUARD Gold Certified, Baby Dresser With Changing Table Top, Dresser for Nursery, 3 Drawer Kids Dresser</p><p> -24% 0FF </p><p>$188.75</p><a href="https://www.amazon.com/dp/B08HHFZ5JJ?tag=eloabder-20&linkCode=osi&th=1&psc=1">View Product</a></div>
<div class="product"><a href="https://www.amazon.com/dp/B0BVHMHH4X?tag=eloabder-20&linkCode=osi&th=1&psc=1"><img src="https://m.media-amazon.com/images/I/41AOdI5vSML._SL500_.jpg" alt="Product Image"></a><p>TAHAVICE 1 Pack Over The Door Organizer, Bathroom Organizers and Storage with 5 Pockets 10 Mesh Pockets, 50 lbs Weight Capacity Stuffed Animal Storage for Nursery Newborn Baby Essential</p><p> -20% 0FF </p><p>$15.98</p><a href="https://www.amazon.com/dp/B0BVHMHH4X?tag=eloabder-20&linkCode=osi&th=1&psc=1">View Product</a></div><div class="product"><a href="https://www.amazon.com/dp/B06XJ343CC?tag=eloabder-20&linkCode=osi&th=1&psc=1"><img src="https://m.media-amazon.com/images/I/31zbpeWMpnL._SL500_.jpg" alt="Product Image"></a><p>20 Pack Clothing Rack Size Dividers, Wardrobe Round Hangers Label Closet Dividers with 1 Piece Marker Pen for Clothes Organization(White, Blank)</p><p> -14% 0FF </p><p>$8.59 ($0.43 / Count)</p><a href="https://www.amazon.com/dp/B06XJ343CC?tag=eloabder-20&linkCode=osi&th=1&psc=1">View Product</a></div><div class="product"><a href="https://www.amazon.com/dp/B09H4JTQC7?tag=eloabder-20&linkCode=osi&th=1&psc=1"><img src="https://m.media-amazon.com/images/I/51pFCzWgo3L._SL500_.jpg" alt="Product Image"></a><p>Pro Goleem Baby Closet Dividers Unisex Baby Closet Organizer for Nursery Baby Clothes Size Age Dividers Fits 1.5" Rod 6 PCS</p><p> -20% 0FF </p><p>$7.99</p><a href="https://www.amazon.com/dp/B09H4JTQC7?tag=eloabder-20&linkCode=osi&th=1&psc=1">View Product</a></div><div class="product"><a href="https://www.amazon.com/dp/B0DDTSNXNM?tag=eloabder-20&linkCode=osi&th=1&psc=1"><img src="https://m.media-amazon.com/images/I/517HtZWlKIL._SL500_.jpg" alt="Product Image"></a><p>Blissful Diary Baby Diaper Caddy Organizer, Cotton Rope Diaper Caddy Basket, Large Baby Shower Caddy for Newborn Boys and Girls, Gift for Baby Shower List, Newborn Essentials Basket, Earthy Rainbow</p><p> -30% 0FF </p><p>$15.99</p><a href="https://www.amazon.com/dp/B0DDTSNXNM?tag=eloabder-20&linkCode=osi&th=1&psc=1">View Product</a></div>
<div class="product"><a href="https://www.amazon.com/dp/B08DN1KTRH?tag=eloabder-20&linkCode=osi&th=1&psc=1"><img src="https://m.media-amazon.com/images/I/510rTaksLXL._SL500_.jpg" alt="Product Image"></a><p>16 Pack Baby Washcloths - Luxury Multicolor Coral Fleece - Extra Absorbent and Soft Wash Clothes for Newborns, Infants and Toddlers - Suitable for Sensitive Skin and New Born - Baby Shower, 10x10 Inch</p><p> -47% 0FF </p><p>$9.99</p><a href="https://www.amazon.com/dp/B08DN1KTRH?tag=eloabder-20&linkCode=osi&th=1&psc=1">View Product</a></div><div class="product"><a href="https://www.amazon.com/dp/B088RBY8Y5?tag=eloabder-20&linkCode=osi&th=1&psc=1"><img src="https://m.media-amazon.com/images/I/31Ku9qSjBCL._SL500_.jpg" alt="Product Image"></a><p>Yoofoss Muslin Burp Cloths for Baby 10 Pack 100% Cotton Baby Washcloths for Boys Girls Large 20''X10'' Super Soft and Absorbent White</p><p> -5% 0FF </p><p>$18.95</p><a href="https://www.amazon.com/dp/B088RBY8Y5?tag=eloabder-20&linkCode=osi&th=1&psc=1">View Product</a></div>
<div class="product"><a href="https://www.amazon.com/dp/B0CMZJ1J4T?tag=eloabder-20&linkCode=osi&th=1&psc=1"><img src="https://m.media-amazon.com/images/I/410bv8kIM8L._SL500_.jpg" alt="Product Image"></a><p>Jay Franco Bluey & Bingo Toddler Comforter Set - 4 Piece Bed Set Includes Sheet Set & Pillow Covers - Super Soft Clouds & Stars Kids Bedding</p><p> -23% 0FF </p><p>$46.49</p><a href="https://www.amazon.com/dp/B0CMZJ1J4T?tag=eloabder-20&linkCode=osi&th=1&psc=1">View Product</a></div><div class="product"><a href="https://www.amazon.com/dp/B00VQ2RLNA?tag=eloabder-20&linkCode=osi&th=1&psc=1"><img src="https://m.media-amazon.com/images/I/513vvaHOurL._SL500_.jpg" alt="Product Image"></a><p>Burt's Bees Baby Infant Reversible Quilt Blanket, Jersey Knit, Soft, 100% Organic Cotton Blankets, with 100% Polyester Fill for Warm Padding, Size 37 x 46 Inch</p><p> -50% 0FF </p><p>$32.49</p><a href="https://www.amazon.com/dp/B00VQ2RLNA?tag=eloabder-20&linkCode=osi&th=1&psc=1">View Product</a></div><div class="product"><a href="https://www.amazon.com/dp/B01GKZO0U4?tag=eloabder-20&linkCode=osi&th=1&psc=1"><img src="https://m.media-amazon.com/images/I/21lI+ZZ6+3L._SL500_.jpg" alt="Product Image"></a><p>Tadpoles Quilted Toddler Comforter | 40" x 60" | Made of 100% Microfiber Polyester (Shell) & 200 GSM Fiberfill | Soft, Breathable & Durable | Ideal for Toddlers (12-48 Months) | Box Pattern in White</p><p> -12% 0FF </p><p>$21.99</p><a href="https://www.amazon.com/dp/B01GKZO0U4?tag=eloabder-20&linkCode=osi&th=1&psc=1">View Product</a></div><div class="product"><a href="https://www.amazon.com/dp/B0BRKBKSB5?tag=eloabder-20&linkCode=osi&th=1&psc=1"><img src="https://m.media-amazon.com/images/I/313gax4ZutL._SL500_.jpg" alt="Product Image"></a><p>ZPECC Toddler Comforter Blanket - 39" x 53" Down Alternative Crib Duvet Set, Includes Child Quilt, Flat Pillow, Bear Stitching</p><p> -26% 0FF </p><p>$18.49</p><a href="https://www.amazon.com/dp/B0BRKBKSB5?tag=eloabder-20&linkCode=osi&th=1&psc=1">View Product</a></div>
<div class="product"><a href="https://www.amazon.com/dp/B0BZVLW3XY?tag=eloabder-20&linkCode=osi&th=1&psc=1"><img src="https://m.media-amazon.com/images/I/41bnCsnrb2L._SL500_.jpg" alt="Product Image"></a><p>Yoofoss Baby Crib Sheets for Boys Girls, Fitted Crib Sheet 2 Pack for Standard Crib and Toddler Mattress, Super Soft Microfiber Baby Sheet 28x52x8in(Green+Leaf)</p><p> -17% 0FF </p><p>$9.99</p><a href="https://www.amazon.com/dp/B0BZVLW3XY?tag=eloabder-20&linkCode=osi&th=1&psc=1">View Product</a></div><div class="product"><a href="https://www.amazon.com/dp/B086YCZN5H?tag=eloabder-20&linkCode=osi&th=1&psc=1"><img src="https://m.media-amazon.com/images/I/41jKlfbIwGL._SL500_.jpg" alt="Product Image"></a><p>Crib Mattress Protector Sheets Fitted Waterproof Crib Mattress Pad Cover, Noiseless & Machine Wash 100% Absorbent Crib/Toddler Mattress Protector Sheet Quilted, White, 52" x 28"</p><p> -11% 0FF </p><p>$11.98</p><a href="https://www.amazon.com/dp/B086YCZN5H?tag=eloabder-20&linkCode=osi&th=1&psc=1">View Product</a></div><div class="product"><a href="https://www.amazon.com/dp/B0CLL7JPTY?tag=eloabder-20&linkCode=osi&th=1&psc=1"><img src="https://m.media-amazon.com/images/I/41X3AyJQqrL._SL500_.jpg" alt="Product Image"></a><p>PINNKKU 3-Piece Crib Bedding Set for Boy Girls, Includes Crib Skirt, Blanket and Crib Sheet, Crib Baby Bedding, Pintuck Pinch Pleat Pink</p><p> -19% 0FF </p><p>$34.99 ($11.66 / Count)</p><a href="https://www.amazon.com/dp/B0CLL7JPTY?tag=eloabder-20&linkCode=osi&th=1&psc=1">View Product</a></div><div class="product"><a href="https://www.amazon.com/dp/B08G3DCPYM?tag=eloabder-20&linkCode=osi&th=1&psc=1"><img src="https://m.media-amazon.com/images/I/51UmAUm+f-L._SL500_.jpg" alt="Product Image"></a><p>Bedtime Originals Mighty Jungle 3Piece Crib Bedding Set, Multicolor (283003V)</p><p> -27% 0FF </p><p>$49.49</p><a href="https://www.amazon.com/dp/B08G3DCPYM?tag=eloabder-20&linkCode=osi&th=1&psc=1">View Product</a></div><div class="product"><a href="https://www.amazon.com/dp/B0BRWWTS3M?tag=eloabder-20&linkCode=osi&th=1&psc=1"><img src="https://m.media-amazon.com/images/I/51WZGfoIsvL._SL500_.jpg" alt="Product Image"></a><p>The Peanutshell 3 Piece Baby Crib Bedding Set for Girls - Newborn, Infant & Toddler Nursery Bed Set Decor with Fitted Crib Sheet, Dust Ruffle, Crib Comforter - Wildest Dreams</p><p> -10% 0FF </p><p>$44.99</p><a href="https://www.amazon.com/dp/B0BRWWTS3M?tag=eloabder-20&linkCode=osi&th=1&psc=1">View Product</a></div>
<div class="product"><a href="https://www.amazon.com/dp/B010S7VZI0?tag=eloabder-20&linkCode=osi&th=1&psc=1"><img src="https://m.media-amazon.com/images/I/31Ll01T4-sL._SL500_.jpg" alt="Product Image"></a><p>Graco Premium Crib & Toddler Mattress – GREENGUARD Gold Certified & CertiPUR-US Certified, Fits All Standard Crib & Toddler Beds, Waterproof Sleep Surface, Machine-Washable Outer Cover for Easy Care</p><p> -25% 0FF </p><p>$89.99</p><a href="https://www.amazon.com/dp/B010S7VZI0?tag=eloabder-20&linkCode=osi&th=1&psc=1">View Product</a></div><div class="product"><a href="https://www.amazon.com/dp/B0030V4Z02?tag=eloabder-20&linkCode=osi&th=1&psc=1"><img src="https://m.media-amazon.com/images/I/416srazdlsL._SL500_.jpg" alt="Product Image"></a><p>Dream On Me Honeycomb Orthopedic Firm Fiber Standard Baby Crib Mattress, Greenguard Gold and JPMA Certified, 5” Fiber Core Optimum Support, Fits Crib and Toddler Bed, Waterproof Vinyl Cover</p><p> -7% 0FF </p><p>$59.87</p><a href="https://www.amazon.com/dp/B0030V4Z02?tag=eloabder-20&linkCode=osi&th=1&psc=1">View Product</a></div><div class="product"><a href="https://www.amazon.com/dp/B0BLK39GTG?tag=eloabder-20&linkCode=osi&th=1&psc=1"><img src="https://m.media-amazon.com/images/I/41U0AL73RKL._SL500_.jpg" alt="Product Image"></a><p>Letmxiu Premium Dual-Sided Crib & Toddler Mattress,100% Knitted Fabric,Premium Fleece-Hypoallergenic,5" Firm Soft Crib Mattress, Non-Toxic Toddler Bed Mattress Fits Standard Cribs & Toddler Beds</p><p> -14% 0FF </p><p>$59.99</p><a href="https://www.amazon.com/dp/B0BLK39GTG?tag=eloabder-20&linkCode=osi&th=1&psc=1">View Product</a></div><div class="product"><a href="https://www.amazon.com/dp/B0BWDRBYL4?tag=eloabder-20&linkCode=osi&th=1&psc=1"><img src="https://m.media-amazon.com/images/I/41dkngPyPEL._SL500_.jpg" alt="Product Image"></a><p>Tiankehan Premium Dual-Sided Baby Crib Mattress and Toddler Mattress - 52" x 27.6" x 5" - Breathable - Firm Soft - Fits Standard Cribs and Toddler Beds</p><p> -14% 0FF </p><p>$59.98</p><a href="https://www.amazon.com/dp/B0BWDRBYL4?tag=eloabder-20&linkCode=osi&th=1&psc=1">View Product</a></div>
<div class="product"><a href="https://www.amazon.com/dp/B0C7T23J3Y?tag=eloabder-20&linkCode=osi&th=1&psc=1"><img src="https://m.media-amazon.com/images/I/41wcurEQD3L._SL500_.jpg" alt="Product Image"></a><p>The Peanutshell Crib Mobile for Girls - Pink and White Musical Baby Crib Mobile with 12 Lullabies, Forest Baby Mobile Crib Little Forest Nursery Decor</p><p> -16% 0FF </p><p>$37.69</p><a href="https://www.amazon.com/dp/B0C7T23J3Y?tag=eloabder-20&linkCode=osi&th=1&psc=1">View Product</a></div><div class="product"><a href="https://www.amazon.com/dp/B0C7SC34Z3?tag=eloabder-20&linkCode=osi&th=1&psc=1"><img src="https://m.media-amazon.com/images/I/41i+L053hPL._SL500_.jpg" alt="Product Image"></a><p>The Peanutshell Crib Mobile for Boys or Girls - Light and Dark Blue Musical Baby Crib Mobile with 12 Lullabies, Ocean Baby Mobile Crib Nautical Nursery Decor</p><p> -11% 0FF </p><p>$39.99</p><a href="https://www.amazon.com/dp/B0C7SC34Z3?tag=eloabder-20&linkCode=osi&th=1&psc=1">View Product</a></div>
<div class="product"><a href="https://www.amazon.com/dp/B07K594Q7W?tag=eloabder-20&linkCode=osi&th=1&psc=1"><img src="https://m.media-amazon.com/images/I/41chCOFT3fL._SL500_.jpg" alt="Product Image"></a><p>Burt's Bees Baby Print Fitted Crib Sheet Organic Cotton BEESNUG - Hello Moon! Prints, Fits Unisex Standard Bed and Toddler Mattress, Infant Essentials, 52 x 28 Inch 1-Pack</p><p> -34% 0FF </p><p>$13.80</p><a href="https://www.amazon.com/dp/B07K594Q7W?tag=eloabder-20&linkCode=osi&th=1&psc=1">View Product</a></div><div class="product"><a href="https://www.amazon.com/dp/B08HYS8HCQ?tag=eloabder-20&linkCode=osi&th=1&psc=1"><img src="https://m.media-amazon.com/images/I/41OJxVS5clL._SL500_.jpg" alt="Product Image"></a><p>KeaBabies 2-Pack Organic Crib Sheets for Boys, Girls, Jersey Fitted Crib Sheet, Baby Crib Sheets Neutral, Cotton Breathable Crib Sheet, Cute Printed Crib Mattress Sheet, Baby Mattress Sheets(Woodland)</p><p> -27% 0FF </p><p>$21.96</p><a href="https://www.amazon.com/dp/B08HYS8HCQ?tag=eloabder-20&linkCode=osi&th=1&psc=1">View Product</a></div><div class="product"><a href="https://www.amazon.com/dp/B07JBRWPRZ?tag=eloabder-20&linkCode=osi&th=1&psc=1"><img src="https://m.media-amazon.com/images/I/41WkDf7XWaL._SL500_.jpg" alt="Product Image"></a><p>American Baby Company 3 Pack Fitted Mini Crib Sheet 24" x 38", Soft Breathable Neutral 100% Cotton Jersey Portable Sheet, Gray Star/Zigzag, for Boys and Girls, Fits Most Pack N Play Mattresses</p><p> -20% 0FF </p><p>$14.34</p><a href="https://www.amazon.com/dp/B07JBRWPRZ?tag=eloabder-20&linkCode=osi&th=1&psc=1">View Product</a></div><div class="product"><a href="https://www.amazon.com/dp/B0BGWX27FP?tag=eloabder-20&linkCode=osi&th=1&psc=1"><img src="https://m.media-amazon.com/images/I/41tRk-EAY-L._SL500_.jpg" alt="Product Image"></a><p>4-Pack Fitted Crib Sheets for Boys and Girls - Breathable, Soft Microfiber Baby Sheets in Grey, Navy and White</p><p> -9% 0FF </p><p>$19.99 ($5.00 / Count)</p><a href="https://www.amazon.com/dp/B0BGWX27FP?tag=eloabder-20&linkCode=osi&th=1&psc=1">View Product</a></div>
<div class="product"><a href="https://www.amazon.com/dp/B082WW1FCQ?tag=eloabder-20&linkCode=osi&th=1&psc=1"><img src="https://m.media-amazon.com/images/I/416EVH-FKwL._SL500_.jpg" alt="Product Image"></a><p>Crib Bed Skirt 28” x 52” with 14” Drop Pleated Dust Ruffle for Baby Boys Girls Elastic Adjustable Fit Toddler Bedskirt Easy On/Off Soft Nursery Standard Crib Bedding Skirts Solid White Crib Skirt</p><p> -18% 0FF </p><p>$17.99</p><a href="https://www.amazon.com/dp/B082WW1FCQ?tag=eloabder-20&linkCode=osi&th=1&psc=1">View Product</a></div><div class="product"><a href="https://www.amazon.com/dp/B000YFU77W?tag=eloabder-20&linkCode=osi&th=1&psc=1"><img src="https://m.media-amazon.com/images/I/31R9qJzse7L._SL500_.jpg" alt="Product Image"></a><p>American Baby Company 100% Natural Cotton Percale Ruffled Crib Skirt, Cream, 52"L x 28"W + 13.5"</p><p> -33% 0FF </p><p>$16.79</p><a href="https://www.amazon.com/dp/B000YFU77W?tag=eloabder-20&linkCode=osi&th=1&psc=1">View Product</a></div><div class="product"><a href="https://www.amazon.com/dp/B0B5YML25P?tag=eloabder-20&linkCode=osi&th=1&psc=1"><img src="https://m.media-amazon.com/images/I/31DyVARAxlL._SL500_.jpg" alt="Product Image"></a><p>Lush Decor Ruffle Crib Skirt, 16" Drop, White</p><p> -26% 0FF </p><p>$28.19</p><a href="https://www.amazon.com/dp/B0B5YML25P?tag=eloabder-20&linkCode=osi&th=1&psc=1">View Product</a></div>
<div class="product"><a href="https://www.amazon.com/dp/B0D8B4FNHF?tag=eloabder-20&linkCode=osi&th=1&psc=1"><img src="https://m.media-amazon.com/images/I/41gmkYMTEaL._SL500_.jpg" alt="Product Image"></a><p>CHICWAY Baby Patter for Sleep, Baby Sleep Soother, Baby Vibrating Soother 3 Vibration Modes & Intensities Help Baby Sleep, Crib Toy, Crib Accessory, Registry Gift, Shower Gift, Newborn Baby Essentials</p><p> -54% 0FF </p><p>$22.91</p><a href="https://www.amazon.com/dp/B0D8B4FNHF?tag=eloabder-20&linkCode=osi&th=1&psc=1">View Product</a></div><div class="product"><a href="https://www.amazon.com/dp/B009UPUFCY?tag=eloabder-20&linkCode=osi&th=1&psc=1"><img src="https://m.media-amazon.com/images/I/41MuYdMqcXL._SL500_.jpg" alt="Product Image"></a><p>Munchkin® Lulla-Vibe™ Vibrating Mattress Pad Sleep Soother</p><p> -9% 0FF </p><p>$27.25</p><a href="https://www.amazon.com/dp/B009UPUFCY?tag=eloabder-20&linkCode=osi&th=1&psc=1">View Product</a></div>

<div class="product"><a href="https://www.amazon.com/dp/B098TWMRNV?tag=eloabder-20&linkCode=osi&th=1&psc=1"><img src="https://m.media-amazon.com/images/I/51eBNBdbFPL._SL500_.jpg" alt="Product Image"></a><p>PILLANI Baby Diaper Bag Backpack - Baby Bag for Boys & Girls - Diaper Backpack - Large Travel Diaper Bags w/Changing Pad - Baby Registry Search & Shower Gifts Newborn Essentials & Items for Mom, Gray</p><p> -37% 0FF </p><p>$34.99</p><a href="https://www.amazon.com/dp/B098TWMRNV?tag=eloabder-20&linkCode=osi&th=1&psc=1">View Product</a></div><div class="product"><a href="https://www.amazon.com/dp/B07HL6FV5F?tag=eloabder-20&linkCode=osi&th=1&psc=1"><img src="https://m.media-amazon.com/images/I/41CpqR1T2iL._SL500_.jpg" alt="Product Image"></a><p>RUVALINO Diaper Bag Backpack - Multifunction Waterproof Travel Essentials, Maternity Baby Bag with Changing Pad & Stroller D-Ring & Pacifier Case - Baby Registry Search/Items & Shower Gifts - Black</p><p> -51% 0FF </p><p>$43.99</p><a href="https://www.amazon.com/dp/B07HL6FV5F?tag=eloabder-20&linkCode=osi&th=1&psc=1">View Product</a></div><div class="product"><a href="https://www.amazon.com/dp/B0BSKZFV8Z?tag=eloabder-20&linkCode=osi&th=1&psc=1"><img src="https://m.media-amazon.com/images/I/41kJJGd0-KL._SL500_.jpg" alt="Product Image"></a><p>Skip Hop Diaper Bag Backpack: Forma, Multi-Function Baby Travel Bag with Changing Pad & Stroller Attachment, Sage</p><p> -6% 0FF </p><p>$74.49</p><a href="https://www.amazon.com/dp/B0BSKZFV8Z?tag=eloabder-20&linkCode=osi&th=1&psc=1">View Product</a></div>
<div class="product"><a href="https://www.amazon.com/dp/B00569GU18?tag=eloabder-20&linkCode=osi&th=1&psc=1"><img src="https://m.media-amazon.com/images/I/41Zx990UFlL._SL500_.jpg" alt="Product Image"></a><p>Boudreaux's Butt Paste Maximum Strength Diaper Rash Cream, Ointment for Baby, 4 oz Tube</p><p> -12% 0FF </p><p>$7.48 ($1.87 / Ounce)</p><a href="https://www.amazon.com/dp/B00569GU18?tag=eloabder-20&linkCode=osi&th=1&psc=1">View Product</a></div><div class="product"><a href="https://www.amazon.com/dp/B00ZQXT4EY?tag=eloabder-20&linkCode=osi&th=1&psc=1"><img src="https://m.media-amazon.com/images/I/31SXI-cW6IL._SL500_.jpg" alt="Product Image"></a><p>Desitin Maximum Strength Baby Diaper Rash Cream, 40% Zinc Oxide for Treatment, Relief & Prevention, Hypoallergenic, Phthalate- & Paraben-Free Paste, Protects Skin for 12 Hours, 4.8 oz</p><p> -38% 0FF </p><p>$7.33 ($1.53 / Ounce)</p><a href="https://www.amazon.com/dp/B00ZQXT4EY?tag=eloabder-20&linkCode=osi&th=1&psc=1">View Product</a></div><div class="product"><a href="https://www.amazon.com/dp/B082QBB8KQ?tag=eloabder-20&linkCode=osi&th=1&psc=1"><img src="https://m.media-amazon.com/images/I/51vNnfQ6MmL._SL500_.jpg" alt="Product Image"></a><p>Aquaphor Baby Diaper Rash Paste - For Serious Diaper Rash and Flare-ups - 3.5 Oz. Tube</p><p> -5% 0FF </p><p>$7.87 ($2.25 / Ounce)</p><a href="https://www.amazon.com/dp/B082QBB8KQ?tag=eloabder-20&linkCode=osi&th=1&psc=1">View Product</a></div><div class="product"><a href="https://www.amazon.com/dp/B00M0N9J20?tag=eloabder-20&linkCode=osi&th=1&psc=1"><img src="https://m.media-amazon.com/images/I/41t50K+y9yL._SL500_.jpg" alt="Product Image"></a><p>Desitin Daily Defense Baby Diaper Rash Cream with Zinc Oxide to Treat, Relieve & Prevent diaper rash, Hypoallergenic, Dye-, Phthalate- & Paraben-Free, 4 oz</p><p> -42% 0FF </p><p>$5.39 ($1.35 / Ounce)</p><a href="https://www.amazon.com/dp/B00M0N9J20?tag=eloabder-20&linkCode=osi&th=1&psc=1">View Product</a></div><div class="product"><a href="https://www.amazon.com/dp/B00Q2MYU9W?tag=eloabder-20&linkCode=osi&th=1&psc=1"><img src="https://m.media-amazon.com/images/I/51PiNmf+vpL._SL500_.jpg" alt="Product Image"></a><p>Aquaphor Baby Diaper Rash Cream, 3-in-1 Diaper Rash Relief, 3.5 Oz Tube</p><p> -17% 0FF </p><p>$18.69 ($1.78 / Ounce)</p><a href="https://www.amazon.com/dp/B00Q2MYU9W?tag=eloabder-20&linkCode=osi&th=1&psc=1">View Product</a></div><div class="product"><a href="https://www.amazon.com/dp/B0B4PNGXFS?tag=eloabder-20&linkCode=osi&th=1&psc=1"><img src="https://m.media-amazon.com/images/I/51BB218LJpL._SL500_.jpg" alt="Product Image"></a><p>Triple Paste Diaper Rash Cream for Baby - 3 oz Tube - Zinc Oxide Ointment Treats, Soothes and Prevents Diaper Rash - Pediatrician-Recommended Hypoallergenic Formula with Soothing Botanicals</p><p> -25% 0FF </p><p>$8.96 ($2.99 / Ounce)</p><a href="https://www.amazon.com/dp/B0B4PNGXFS?tag=eloabder-20&linkCode=osi&th=1&psc=1">View Product</a></div><div class="product"><a href="https://www.amazon.com/dp/B00KFITCXS?tag=eloabder-20&linkCode=osi&th=1&psc=1"><img src="https://m.media-amazon.com/images/I/41Upagho5nL._SL500_.jpg" alt="Product Image"></a><p>The Honest Company Hypoallergenic Diaper Rash Cream | Moisturizing + Calming Zinc Oxide Ointment | NEA Recognized, Cruelty Free | 2.5 oz</p><p> -7% 0FF </p><p>$10.25 ($4.10 / Ounce)</p><a href="https://www.amazon.com/dp/B00KFITCXS?tag=eloabder-20&linkCode=osi&th=1&psc=1">View Product</a></div><div class="product"><a href="https://www.amazon.com/dp/B000LTJRQ8?tag=eloabder-20&linkCode=osi&th=1&psc=1"><img src="https://m.media-amazon.com/images/I/51z4dtHfCgL._SL500_.jpg" alt="Product Image"></a><p>Triple Paste Diaper Rash Cream for Baby - 8 Oz Tub - Zinc Oxide Ointment Treats, Soothes and Prevents Diaper Rash - Pediatrician-Recommended Hypoallergenic Formula with Soothing Botanicals</p><p> -27% 0FF </p><p>$14.53 ($1.82 / Ounce)</p><a href="https://www.amazon.com/dp/B000LTJRQ8?tag=eloabder-20&linkCode=osi&th=1&psc=1">View Product</a></div><div class="product"><a href="https://www.amazon.com/dp/B00BH0PZBG?tag=eloabder-20&linkCode=osi&th=1&psc=1"><img src="https://m.media-amazon.com/images/I/41nENIiSAHL._SL500_.jpg" alt="Product Image"></a><p>Desitin Maximum Strength Baby Diaper Rash Cream with 40% Zinc Oxide for Treatment, Relief & Prevention, Hypoallergenic, Phthalate- & Paraben-Free Paste, 16 oz</p><p> -31% 0FF </p><p>$18.44 ($1.15 / Ounce)</p><a href="https://www.amazon.com/dp/B00BH0PZBG?tag=eloabder-20&linkCode=osi&th=1&psc=1">View Product</a></div><div class="product"><a href="https://www.amazon.com/dp/B000V3MFUY?tag=eloabder-20&linkCode=osi&th=1&psc=1"><img src="https://m.media-amazon.com/images/I/31To+A+IRQL._SL500_.jpg" alt="Product Image"></a><p>Weleda Baby Calendula Diaper Cream, 2.8 Fluid Ounce, Plant Rich Protection with Calendula, Chamomile, Sweet Almond Oil, Lanolin and Zinc Oxide</p><p> -12% 0FF </p><p>$12.32 ($4.40 / Ounce)</p><a href="https://www.amazon.com/dp/B000V3MFUY?tag=eloabder-20&linkCode=osi&th=1&psc=1">View Product</a></div>
<div class="product"><a href="https://www.amazon.com/dp/B012UFN9T6?tag=eloabder-20&linkCode=osi&th=1&psc=1"><img src="https://m.media-amazon.com/images/I/51SxpJF694L._SL500_.jpg" alt="Product Image"></a><p>Nuby Diaper Disposal Bags for Baby - (6-Pack) 50 Count Disposable Bags - Fresh Baby Powder Scent - Blue</p><p> -10% 0FF </p><p>$16.15</p><a href="https://www.amazon.com/dp/B012UFN9T6?tag=eloabder-20&linkCode=osi&th=1&psc=1">View Product</a></div>
<div class="product"><a href="https://www.amazon.com/dp/B0CPR2N8FD?tag=eloabder-20&linkCode=osi&th=1&psc=1"><img src="https://m.media-amazon.com/images/I/41uXmeS+P5L._SL500_.jpg" alt="Product Image"></a><p>Diaper Genie Select Pail Registry Gift Set (White) | Made of Durable Stainless Steel Metal | Includes 2 Jumbo Refills | Holds 1620 Newborn Diapers</p><p> -20% 0FF </p><p>$59.99</p><a href="https://www.amazon.com/dp/B0CPR2N8FD?tag=eloabder-20&linkCode=osi&th=1&psc=1">View Product</a></div><div class="product"><a href="https://www.amazon.com/dp/B0CNS3R8T7?tag=eloabder-20&linkCode=osi&th=1&psc=1"><img src="https://m.media-amazon.com/images/I/31BIw9M8SwL._SL500_.jpg" alt="Product Image"></a><p>Diaper Genie Classic Pail Includes 1 Starter Square Refill That can Hold up to 165 Newborn-Sized Diapers.</p><p> -20% 0FF </p><p>$23.99</p><a href="https://www.amazon.com/dp/B0CNS3R8T7?tag=eloabder-20&linkCode=osi&th=1&psc=1">View Product</a></div><div class="product"><a href="https://www.amazon.com/dp/B0BWGZ7J7W?tag=eloabder-20&linkCode=osi&th=1&psc=1"><img src="https://m.media-amazon.com/images/I/41pqvAOekFL._SL500_.jpg" alt="Product Image"></a><p>Diaper Genie Signature Gift Set | Includes Easy Roll Refill with 48 Bags | Holds Up to 2256 Newborn Diapers</p><p> -41% 0FF </p><p>$52.79</p><a href="https://www.amazon.com/dp/B0BWGZ7J7W?tag=eloabder-20&linkCode=osi&th=1&psc=1">View Product</a></div><div class="product"><a href="https://www.amazon.com/dp/B00821FLT4?tag=eloabder-20&linkCode=osi&th=1&psc=1"><img src="https://m.media-amazon.com/images/I/21an29pWMkL._SL500_.jpg" alt="Product Image"></a><p>Ubbi Steel Diaper Pail, Odor Locking, No Special Bag Required, Award-Winning, Registry Must-Have, White</p><p> -30% 0FF </p><p>$55.99</p><a href="https://www.amazon.com/dp/B00821FLT4?tag=eloabder-20&linkCode=osi&th=1&psc=1">View Product</a></div><div class="product"><a href="https://www.amazon.com/dp/B0BWGWZ2J4?tag=eloabder-20&linkCode=osi&th=1&psc=1"><img src="https://m.media-amazon.com/images/I/317sppbydxL._SL500_.jpg" alt="Product Image"></a><p>Diaper Genie Signature Pail (Grey) Includes 1 Easy Roll Refill with 18 Bags | Holds Up to 846 Newborn-Sized Diapers Per Refill</p><p> -20% 0FF </p><p>$47.99</p><a href="https://www.amazon.com/dp/B0BWGWZ2J4?tag=eloabder-20&linkCode=osi&th=1&psc=1">View Product</a></div>
<div class="product"><a href="https://www.amazon.com/dp/B0083973FK?tag=eloabder-20&linkCode=osi&th=1&psc=1"><img src="https://m.media-amazon.com/images/I/51c+QHPetfL._SL500_.jpg" alt="Product Image"></a><p>Sposie Booster Pads, Stop Overnight Diaper Leaks, Adhesive-Free for Easy repositioning, Helps Reduce Nighttime Diaper Changes and Diaper Rash, Use with Sizes 4-6, 90 ct.</p><p> -20% 0FF </p><p>$39.99 ($0.44 / Count)</p><a href="https://www.amazon.com/dp/B0083973FK?tag=eloabder-20&linkCode=osi&th=1&psc=1">View Product</a></div><div class="product"><a href="https://www.amazon.com/dp/B07V4MZF2W?tag=eloabder-20&linkCode=osi&th=1&psc=1"><img src="https://m.media-amazon.com/images/I/51u-l608rTL._SL500_.jpg" alt="Product Image"></a><p>Dimples Booster Pads, Baby Diaper Doubler with Adhesive - 1 Size Fits All Diapers - Boosts Diaper Absorbency - No More leaks 90 Count (with Adhesive for Secure Fit)</p><p> -15% 0FF </p><p>$27.99 ($0.31 / Count)</p><a href="https://www.amazon.com/dp/B07V4MZF2W?tag=eloabder-20&linkCode=osi&th=1&psc=1">View Product</a></div><div class="product"><a href="https://www.amazon.com/dp/B0CBQQKMS2?tag=eloabder-20&linkCode=osi&th=1&psc=1"><img src="https://m.media-amazon.com/images/I/51IK5dDp++L._SL500_.jpg" alt="Product Image"></a><p>Inspire Ultra Dimples Diaper Booster Pads | Our Most Absorbent Diaper Inserts Ever | Diaper Pads Inserts Overnight or Daytime | Diaper Liners Turn Any Diaper into Super Overnight Diapers for Babies</p><p> -17% 0FF </p><p>$9.99 ($0.48 / Count)</p><a href="https://www.amazon.com/dp/B0CBQQKMS2?tag=eloabder-20&linkCode=osi&th=1&psc=1">View Product</a></div>
<div class="product"><a href="https://www.amazon.com/dp/B0B5WF7S9F?tag=eloabder-20&linkCode=osi&th=1&psc=1"><img src="https://m.media-amazon.com/images/I/41vB5uYpocL._SL500_.jpg" alt="Product Image"></a><p>Mr. Pen- Baby Diaper Caddy Organizer, Car Caddy, Portable Organizer for Changing Table, Nursery</p><p> -14% 0FF </p><p>$12.85</p><a href="https://www.amazon.com/dp/B0B5WF7S9F?tag=eloabder-20&linkCode=osi&th=1&psc=1">View Product</a></div><div class="product"><a href="https://www.amazon.com/dp/B0734LPFJR?tag=eloabder-20&linkCode=osi&th=1&psc=1"><img src="https://m.media-amazon.com/images/I/51TCskU5lyL._SL500_.jpg" alt="Product Image"></a><p>Lily Miles Baby Diaper Caddy - Large Organizer Tote Bag for Baby essentials Boy or Girl - Baby Shower Basket - Nursery Must Haves - Registry Favorites - Newborn Caddie Car Travel</p><p> -17% 0FF </p><p>$24.95</p><a href="https://www.amazon.com/dp/B0734LPFJR?tag=eloabder-20&linkCode=osi&th=1&psc=1">View Product</a></div><div class="product"><a href="https://www.amazon.com/dp/B0D4LRZW48?tag=eloabder-20&linkCode=osi&th=1&psc=1"><img src="https://m.media-amazon.com/images/I/41NadHwjJlL._SL500_.jpg" alt="Product Image"></a><p>KEETDY Large Diaper Pocket Over the Door Organizer for Nursery, Closet Door Hanging Storage, Baby Organizers and Storage for Newborn Essentials & Diaper Organizer, Beige</p><p> -19% 0FF </p><p>$16.99</p><a href="https://www.amazon.com/dp/B0D4LRZW48?tag=eloabder-20&linkCode=osi&th=1&psc=1">View Product</a></div>
<div class="product"><a href="https://www.amazon.com/dp/B01BDQDIGM?tag=eloabder-20&linkCode=osi&th=1&psc=1"><img src="https://m.media-amazon.com/images/I/41ym1o+HI0L._SL500_.jpg" alt="Product Image"></a><p>Munchkin® STEP™ Diaper Pail Powered by Arm & Hammer, #1 in Odor Control, Award-Winning, Includes 1 Snap, Seal & Toss™ Bag, 1 Starter Refill Ring, and 1 PUCK™ Baking Soda Cartridge</p><p> -19% 0FF </p><p>$59.99</p><a href="https://www.amazon.com/dp/B01BDQDIGM?tag=eloabder-20&linkCode=osi&th=1&psc=1">View Product</a></div><div class="product"><a href="https://www.amazon.com/dp/B0CNS3NMT5?tag=eloabder-20&linkCode=osi&th=1&psc=1"><img src="https://m.media-amazon.com/images/I/41VFasXJE-L._SL500_.jpg" alt="Product Image"></a><p>Diaper Genie Select Pail (Blue) is Made of Durable Stainless Steel and Includes 1 Starter Square Refill That can Hold up to 165 Newborn-Sized Diapers.</p><p> -34% 0FF </p><p>$32.79</p><a href="https://www.amazon.com/dp/B0CNS3NMT5?tag=eloabder-20&linkCode=osi&th=1&psc=1">View Product</a></div><div class="product"><a href="https://www.amazon.com/dp/B000RLQZD8?tag=eloabder-20&linkCode=osi&th=1&psc=1"><img src="https://m.media-amazon.com/images/I/41vuQVcyESL._SL500_.jpg" alt="Product Image"></a><p>Diaper Dekor Plus Hands-Free Diaper Pail | White | Easiest to Use | Just Step–Drop–Done | Doesn’t Absorb Odors | 20 Second Bag Change | Most Economical Refill System | Great for Cloth Diapers</p><p> -9% 0FF </p><p>$49.95</p><a href="https://www.amazon.com/dp/B000RLQZD8?tag=eloabder-20&linkCode=osi&th=1&psc=1">View Product</a></div>
<div class="product"><a href="https://www.amazon.com/dp/B016N3PHBO?tag=eloabder-20&linkCode=osi&th=1&psc=1"><img src="https://m.media-amazon.com/images/I/31X8EAoIwzL._SL500_.jpg" alt="Product Image"></a><p>A+D Zinc Oxide Diaper Rash Treatment Cream, Dimenthicone 1%, Zinc Oxide 10%, Easy Spreading Baby Skin Care, 4 Ounce Tube (Packaging May Vary)</p><p> -9% 0FF </p><p>$5.47 ($0.98 / Ounce)</p><a href="https://www.amazon.com/dp/B016N3PHBO?tag=eloabder-20&linkCode=osi&th=1&psc=1">View Product</a></div>
<div class="product"><a href="https://www.amazon.com/dp/B073V5XZHZ?tag=eloabder-20&linkCode=osi&th=1&psc=1"><img src="https://m.media-amazon.com/images/I/41FJH3vX0xL._SL500_.jpg" alt="Product Image"></a><p>hiccapop Hanging Diaper Organizer for Changing Table, Cribs and Walls, Diaper Stacker and Nursery Organizer | Hanging Storage Caddy Organizer for Baby Essentials |</p><p> -14% 0FF </p><p>$29.92</p><a href="https://www.amazon.com/dp/B073V5XZHZ?tag=eloabder-20&linkCode=osi&th=1&psc=1">View Product</a></div>

<div class="product"><a href="https://www.amazon.com/dp/B07MB5PZBF?tag=eloabder-20&linkCode=osi&th=1&psc=1"><img src="https://m.media-amazon.com/images/I/51JYyHL1KML._SL500_.jpg" alt="Product Image"></a><p>Huggies Size 1 Diapers, Little Snugglers Newborn Diapers, Size 1 (8-14 lbs), 32 Count</p><p> -19% 0FF </p><p>$9.94 ($0.31 / Count)</p><a href="https://www.amazon.com/dp/B07MB5PZBF?tag=eloabder-20&linkCode=osi&th=1&psc=1">View Product</a></div><div class="product"><a href="https://www.amazon.com/dp/B07T4WQRNJ?tag=eloabder-20&linkCode=osi&th=1&psc=1"><img src="https://m.media-amazon.com/images/I/41yeY7iBMEL._SL500_.jpg" alt="Product Image"></a><p>Amazon Brand - Mama Bear Gentle Touch Diapers, Hypoallergenic, Size 5, 33 Count, White</p><p> -9% 0FF </p><p>$11.61</p><a href="https://www.amazon.com/dp/B07T4WQRNJ?tag=eloabder-20&linkCode=osi&th=1&psc=1">View Product</a></div><div class="product"><a href="https://www.amazon.com/dp/B0CKV3GLS2?tag=eloabder-20&linkCode=osi&th=1&psc=1"><img src="https://m.media-amazon.com/images/I/51zE6kc5RWL._SL500_.jpg" alt="Product Image"></a><p>The Honest Company Clean Conscious Diapers | Plant-Based, Sustainable | Young at Heart + Rose Blossom | Club Box, Size 2 (12-18 lbs), 72 Count</p><p> -15% 0FF </p><p>$25.49 ($0.35 / Count)</p><a href="https://www.amazon.com/dp/B0CKV3GLS2?tag=eloabder-20&linkCode=osi&th=1&psc=1">View Product</a></div><div class="product"><a href="https://www.amazon.com/dp/B0CHGJ4YVM?tag=eloabder-20&linkCode=osi&th=1&psc=1"><img src="https://m.media-amazon.com/images/I/51eBhAfAr+L._SL500_.jpg" alt="Product Image"></a><p>Huggies Size 1 Diapers, Skin Essentials Baby Diapers, Size 1 (8-14 lbs), 32 Count</p><p> -19% 0FF </p><p>$9.94 ($0.31 / Count)</p><a href="https://www.amazon.com/dp/B0CHGJ4YVM?tag=eloabder-20&linkCode=osi&th=1&psc=1">View Product</a></div>
<div class="product"><a href="https://www.amazon.com/dp/B005OSHTXO?tag=eloabder-20&linkCode=osi&th=1&psc=1"><img src="https://m.media-amazon.com/images/I/41MQMmwwDUL._SL500_.jpg" alt="Product Image"></a><p>Badger Basket Modern Baby Changing Table with Laundry Hamper, 3 Storage Drawers and Pad, Diaper Change Station - Espresso/Ecru</p><p> -35% 0FF </p><p>$122.99</p><a href="https://www.amazon.com/dp/B005OSHTXO?tag=eloabder-20&linkCode=osi&th=1&psc=1">View Product</a></div><div class="product"><a href="https://www.amazon.com/dp/B0C84T1L1F?tag=eloabder-20&linkCode=osi&th=1&psc=1"><img src="https://m.media-amazon.com/images/I/31VUJhNc2fL._SL500_.jpg" alt="Product Image"></a><p>Portable Baby Changing Table with 2 Storage Baskets, BabyBond Foldable Changing Table Dresser Waterproof Diaper Changing Table Height Adjustable Changing Station for Infant and Newborn(Beige)</p><p> -10% 0FF </p><p>$143.99</p><a href="https://www.amazon.com/dp/B0C84T1L1F?tag=eloabder-20&linkCode=osi&th=1&psc=1">View Product</a></div><div class="product"><a href="https://www.amazon.com/dp/B002ACCC52?tag=eloabder-20&linkCode=osi&th=1&psc=1"><img src="https://m.media-amazon.com/images/I/415B3nyWlOS._SL500_.jpg" alt="Product Image"></a><p>Delta Children Eclipse Changing Table with Changing Pad, Black Cherry</p><p> -24% 0FF </p><p>$106.98</p><a href="https://www.amazon.com/dp/B002ACCC52?tag=eloabder-20&linkCode=osi&th=1&psc=1">View Product</a></div>
<div class="product"><a href="https://www.amazon.com/dp/B01AZ20SSQ?tag=eloabder-20&linkCode=osi&th=1&psc=1"><img src="https://m.media-amazon.com/images/I/51gIZq6E8lL._SL500_.jpg" alt="Product Image"></a><p>Baby Trend Sit N' Stand Double Stroller, Onyx</p><p> -30% 0FF </p><p>$139.99</p><a href="https://www.amazon.com/dp/B01AZ20SSQ?tag=eloabder-20&linkCode=osi&th=1&psc=1">View Product</a></div><div class="product"><a href="https://www.amazon.com/dp/B07B7QC8DV?tag=eloabder-20&linkCode=osi&th=1&psc=1"><img src="https://m.media-amazon.com/images/I/41bHbNU6jhL._SL500_.jpg" alt="Product Image"></a><p>Jeep Destination Ultralight Side x Side Double Stroller, Midnight</p><p> -15% 0FF </p><p>$254.00</p><a href="https://www.amazon.com/dp/B07B7QC8DV?tag=eloabder-20&linkCode=osi&th=1&psc=1">View Product</a></div><div class="product"><a href="https://www.amazon.com/dp/B00GJIXW2K?tag=eloabder-20&linkCode=osi&th=1&psc=1"><img src="https://m.media-amazon.com/images/I/518kAj+pzjL._SL500_.jpg" alt="Product Image"></a><p>Delta Children LX Side by Side Stroller - with Recline, Storage & Compact Fold, Grey</p><p> -33% 0FF </p><p>$74.00</p><a href="https://www.amazon.com/dp/B00GJIXW2K?tag=eloabder-20&linkCode=osi&th=1&psc=1">View Product</a></div><div class="product"><a href="https://www.amazon.com/dp/B01L7C479Y?tag=eloabder-20&linkCode=osi&th=1&psc=1"><img src="https://m.media-amazon.com/images/I/51QBKRK7LwL._SL500_.jpg" alt="Product Image"></a><p>Jeep Scout Double Stroller, Charcoal Galaxy</p><p> -8% 0FF </p><p>$109.99</p><a href="https://www.amazon.com/dp/B01L7C479Y?tag=eloabder-20&linkCode=osi&th=1&psc=1">View Product</a></div><div class="product"><a href="https://www.amazon.com/dp/B07BVMSHTZ?tag=eloabder-20&linkCode=osi&th=1&psc=1"><img src="https://m.media-amazon.com/images/I/41arpDdiGJL._SL500_.jpg" alt="Product Image"></a><p>Baby Trend Expedition Double Jogger Stroller, Griffin</p><p> -12% 0FF </p><p>$219.99</p><a href="https://www.amazon.com/dp/B07BVMSHTZ?tag=eloabder-20&linkCode=osi&th=1&psc=1">View Product</a></div><div class="product"><a href="https://www.amazon.com/dp/B095JMDHG1?tag=eloabder-20&linkCode=osi&th=1&psc=1"><img src="https://m.media-amazon.com/images/I/41RzxXFC3zL._SL500_.jpg" alt="Product Image"></a><p>Summer Infant 3Dlite Folding Lightweight Side by Side Double Stroller with 5-Point Safety Harness for Infants and Toddlers, Black</p><p> -10% 0FF </p><p>$143.99</p><a href="https://www.amazon.com/dp/B095JMDHG1?tag=eloabder-20&linkCode=osi&th=1&psc=1">View Product</a></div>
<div class="product"><a href="https://www.amazon.com/dp/B08SQ88X9F?tag=eloabder-20&linkCode=osi&th=1&psc=1"><img src="https://m.media-amazon.com/images/I/614bujHCtPL._SL500_.jpg" alt="Product Image"></a><p>One Fire Night Light for Kids, 96 Lighting Modes Star Projector 360° Rotating+6 Films Kids Night Light Projector,Rechargeable Baby Night Light Ceiling Projector for Bedroom,Kids Gifts&Kids Room Decor</p><p> -29% 0FF </p><p>$14.98</p><a href="https://www.amazon.com/dp/B08SQ88X9F?tag=eloabder-20&linkCode=osi&th=1&psc=1">View Product</a></div><div class="product"><a href="https://www.amazon.com/dp/B07NZN2ZYN?tag=eloabder-20&linkCode=osi&th=1&psc=1"><img src="https://m.media-amazon.com/images/I/51PBHAO+ngL._SL500_.jpg" alt="Product Image"></a><p>Night Light for Kids,Unicorn Night Light Star Projector Gifts for Kids Toddlers,Night Lights Projector for Baby,Unicorn Lamp Ceiling Lights for Girls Bedroom,Night Light for Kids Bedroom(Light Pink)</p><p> -25% 0FF </p><p>$14.99</p><a href="https://www.amazon.com/dp/B07NZN2ZYN?tag=eloabder-20&linkCode=osi&th=1&psc=1">View Product</a></div><div class="product"><a href="https://www.amazon.com/dp/B01LQX0BXA?tag=eloabder-20&linkCode=osi&th=1&psc=1"><img src="https://m.media-amazon.com/images/I/41BcHezl7XL._SL500_.jpg" alt="Product Image"></a><p>Emotionlite Plug in Night Light, Warm White LED Nightlights, Dusk to Dawn Sensor, Kids, Nursery, Bedroom, Bathroom,Hallway, Stairs, Kitchen, UL Listed, 4 Pack</p><p> -17% 0FF </p><p>$9.99 ($2.50 / Count)</p><a href="https://www.amazon.com/dp/B01LQX0BXA?tag=eloabder-20&linkCode=osi&th=1&psc=1">View Product</a></div><div class="product"><a href="https://www.amazon.com/dp/B07H71NHYM?tag=eloabder-20&linkCode=osi&th=1&psc=1"><img src="https://m.media-amazon.com/images/I/412t0Nzaz2L._SL500_.jpg" alt="Product Image"></a><p>2 Pack Sensor LED Night Lights, Color Changing Plug-in Led Mushroom Dream Bed Lamp for Kids Children Adults, Dusk to Dawn Sensor Auto On/Off, Funny Wall Decor Gifts for Nursery Baby Bed Flower Lamp</p><p> -20% 0FF </p><p>$7.99 ($4.00 / Count)</p><a href="https://www.amazon.com/dp/B07H71NHYM?tag=eloabder-20&linkCode=osi&th=1&psc=1">View Product</a></div>
<div class="product"><a href="https://www.amazon.com/dp/B07N1JP56L?tag=eloabder-20&linkCode=osi&th=1&psc=1"><img src="https://m.media-amazon.com/images/I/31R-qSPlk8L._SL500_.jpg" alt="Product Image"></a><p>Fisher-Price Baby Toy Soothe 'n Snuggle Otter Portable Plush Sound Machine with Music Lights & Breathing Motion for Newborns 0+ Months</p><p> -14% 0FF </p><p>$36.99</p><a href="https://www.amazon.com/dp/B07N1JP56L?tag=eloabder-20&linkCode=osi&th=1&psc=1">View Product</a></div><div class="product"><a href="https://www.amazon.com/dp/B006YBHE6M?tag=eloabder-20&linkCode=osi&th=1&psc=1"><img src="https://m.media-amazon.com/images/I/51xjlvsIJlL._SL500_.jpg" alt="Product Image"></a><p>Baby Einstein Sea Dreams Soother, Crib Mount</p><p> -15% 0FF </p><p>$53.99</p><a href="https://www.amazon.com/dp/B006YBHE6M?tag=eloabder-20&linkCode=osi&th=1&psc=1">View Product</a></div><div class="product"><a href="https://www.amazon.com/dp/B075LRC7Z4?tag=eloabder-20&linkCode=osi&th=1&psc=1"><img src="https://m.media-amazon.com/images/I/51n2YwyhfIL._SL500_.jpg" alt="Product Image"></a><p>Soft Dreams Elephant Music and Glow Soother, Grey/Mint</p><p> -17% 0FF </p><p>$19.99</p><a href="https://www.amazon.com/dp/B075LRC7Z4?tag=eloabder-20&linkCode=osi&th=1&psc=1">View Product</a></div><div class="product"><a href="https://www.amazon.com/dp/B0C98SMC3J?tag=eloabder-20&linkCode=osi&th=1&psc=1"><img src="https://m.media-amazon.com/images/I/41FqmVxcrYL._SL500_.jpg" alt="Product Image"></a><p>Baby Sleep Soother Pillow Pets Dream Lites Dinosaur Projector Plush Toys for Boys Girls Baby Sound Machine Stuffed Animal Machine Pillow Ceiling Toys for Toddler</p><p> -17% 0FF </p><p>$19.99</p><a href="https://www.amazon.com/dp/B0C98SMC3J?tag=eloabder-20&linkCode=osi&th=1&psc=1">View Product</a></div>
<div class="product"><a href="https://www.amazon.com/dp/B01HP0JU2G?tag=eloabder-20&linkCode=osi&th=1&psc=1"><img src="https://m.media-amazon.com/images/I/51VRUtudnyL._SL500_.jpg" alt="Product Image"></a><p>Braun ThermoScan 5 Ear Thermometer</p><p> -11% 0FF </p><p>$31.00</p><a href="https://www.amazon.com/dp/B01HP0JU2G?tag=eloabder-20&linkCode=osi&th=1&psc=1">View Product</a></div><div class="product"><a href="https://www.amazon.com/dp/B07YYMBVVC?tag=eloabder-20&linkCode=osi&th=1&psc=1"><img src="https://m.media-amazon.com/images/I/41eqvQ9sQ-L._SL500_.jpg" alt="Product Image"></a><p>Alcedo Forehead and Ear Thermometer for Adults, Kids, and Baby | Digital Infrared Thermometer for Fever | Touchless, Instant Read, Medical Grade | Pouch and Batteries Included</p><p> -17% 0FF </p><p>$24.95</p><a href="https://www.amazon.com/dp/B07YYMBVVC?tag=eloabder-20&linkCode=osi&th=1&psc=1">View Product</a></div>
<div class="product"><a href="https://www.amazon.com/dp/B077QBJNVM?tag=eloabder-20&linkCode=osi&th=1&psc=1"><img src="https://m.media-amazon.com/images/I/41Rrkn2-CKL._SL500_.jpg" alt="Product Image"></a><p>Baby Nail Trimmer 21 in 1, with Labeled case, Includes 13 Extra Replacement Tools, Royal Angels Baby Electric Nail Kit, Baby Nail Care, Nail File Newborn Toddler Toes & Fingernails Clipper (Blue)</p><p> -49% 0FF </p><p>$15.19</p><a href="https://www.amazon.com/dp/B077QBJNVM?tag=eloabder-20&linkCode=osi&th=1&psc=1">View Product</a></div><div class="product"><a href="https://www.amazon.com/dp/B0CL4G33BX?tag=eloabder-20&linkCode=osi&th=1&psc=1"><img src="https://m.media-amazon.com/images/I/41ciCj+3ozL._SL500_.jpg" alt="Product Image"></a><p>Momcozy Baby Nail File Electric, Gentle Baby Nail Trimmer Electric Rechargeable, Baby Nail Clipper Electric, 7 Grinding Head Replacement Pads</p><p> -17% 0FF </p><p>$24.99</p><a href="https://www.amazon.com/dp/B0CL4G33BX?tag=eloabder-20&linkCode=osi&th=1&psc=1">View Product</a></div><div class="product"><a href="https://www.amazon.com/dp/B07B2C8DJD?tag=eloabder-20&linkCode=osi&th=1&psc=1"><img src="https://m.media-amazon.com/images/I/41fgXtsyDWL._SL500_.jpg" alt="Product Image"></a><p>Baby Nail Trimmer Electric Nail File Baby Nail Clippers, Safe Nail Filer Grinder Kit for Newborn Infant Toddler Kids or Adults Toes Fingernails Care Trim Polish, with Led Light and 10 Grinding Heads</p><p> -8% 0FF </p><p>$14.99</p><a href="https://www.amazon.com/dp/B07B2C8DJD?tag=eloabder-20&linkCode=osi&th=1&psc=1">View Product</a></div><div class="product"><a href="https://www.amazon.com/dp/B0D6R6ZPPF?tag=eloabder-20&linkCode=osi&th=1&psc=1"><img src="https://m.media-amazon.com/images/I/41f5Kh-OjGL._SL500_.jpg" alt="Product Image"></a><p>Electric Baby Nail Clippers - 3 in 1 Fingernail Trimmer, Polisher & Clip Storage with Led, USB Rechargeable & 2 Speeds for Baby, Kids, Adult, Seniors, Caregivers</p><p> -15% 0FF </p><p>$23.58</p><a href="https://www.amazon.com/dp/B0D6R6ZPPF?tag=eloabder-20&linkCode=osi&th=1&psc=1">View Product</a></div>
<div class="product"><a href="https://www.amazon.com/dp/B07WY1PGQC?tag=eloabder-20&linkCode=osi&th=1&psc=1"><img src="https://m.media-amazon.com/images/I/414iv2EhSgL._SL500_.jpg" alt="Product Image"></a><p>Dr. Brown's Natural Flow Anti-Colic Options+ Narrow Glass Baby Bottle 8 oz/250 mL, with Level 1 Slow Flow Nipple, 2 Pack, 0m+</p><p> -6% 0FF </p><p>$15.98</p><a href="https://www.amazon.com/dp/B07WY1PGQC?tag=eloabder-20&linkCode=osi&th=1&psc=1">View Product</a></div><div class="product"><a href="https://www.amazon.com/dp/B000WPVCQE?tag=eloabder-20&linkCode=osi&th=1&psc=1"><img src="https://m.media-amazon.com/images/I/41sXQF4JFtL._SL500_.jpg" alt="Product Image"></a><p>Medela Slow Flow Feeding & Storage Bottles, 3 Pack of 5 Ounce Bottle with Nipple, Lids, Wide Base Collars, and Travel Caps, Made Without BPA</p><p> -37% 0FF </p><p>$14.98</p><a href="https://www.amazon.com/dp/B000WPVCQE?tag=eloabder-20&linkCode=osi&th=1&psc=1">View Product</a></div><div class="product"><a href="https://www.amazon.com/dp/B08XNYS46K?tag=eloabder-20&linkCode=osi&th=1&psc=1"><img src="https://m.media-amazon.com/images/I/31bCTm8z+KL._SL500_.jpg" alt="Product Image"></a><p>Sassy 2pk Baby Food Nursers- 3 Nipples, Multi</p><p> -15% 0FF </p><p>$11.04</p><a href="https://www.amazon.com/dp/B08XNYS46K?tag=eloabder-20&linkCode=osi&th=1&psc=1">View Product</a></div>
<div class="product"><a href="https://www.amazon.com/dp/B004RIBVTK?tag=eloabder-20&linkCode=osi&th=1&psc=1"><img src="https://m.media-amazon.com/images/I/41qLfV5gyYL._SL500_.jpg" alt="Product Image"></a><p>First Aid Only 12-110 Alcohol Wipes, Individually Wrapped, 100 Per Box</p><p> -9% 0FF </p><p>$5.29 ($0.05 / Count)</p><a href="https://www.amazon.com/dp/B004RIBVTK?tag=eloabder-20&linkCode=osi&th=1&psc=1">View Product</a></div><div class="product"><a href="https://www.amazon.com/dp/B09YN8K3TH?tag=eloabder-20&linkCode=osi&th=1&psc=1"><img src="https://m.media-amazon.com/images/I/51uaWltWJiL._SL500_.jpg" alt="Product Image"></a><p>Baby Healthcare and Grooming Kit, Portable Baby Safety Care Set, Baby Essentials kit for Newborn (Blue 26 in 1)</p><p> -6% 0FF </p><p>$16.99</p><a href="https://www.amazon.com/dp/B09YN8K3TH?tag=eloabder-20&linkCode=osi&th=1&psc=1">View Product</a></div><div class="product"><a href="https://www.amazon.com/dp/B09FFT9BL2?tag=eloabder-20&linkCode=osi&th=1&psc=1"><img src="https://m.media-amazon.com/images/I/51mTQI4FDBL._SL500_.jpg" alt="Product Image"></a><p>Smart Care Fisher-Price 6-Piece Baby Healthcare Kit, Newborn Essentials, Baby Gift Set, Includes Medicine Dispensers, Aspirator, Baby Nail Clippers, Baby Thermometer</p><p> -23% 0FF </p><p>$10.73</p><a href="https://www.amazon.com/dp/B09FFT9BL2?tag=eloabder-20&linkCode=osi&th=1&psc=1">View Product</a></div>

<div class="product"><a href="https://www.amazon.com/dp/B07GTMWP8R?tag=eloabder-20&linkCode=osi&th=1&psc=1"><img src="https://m.media-amazon.com/images/I/412oB-MFGOL._SL500_.jpg" alt="Product Image"></a><p>Matyz Versatile Baby Food Maker Set - Toddler Food Mills with Mash Bowl, Hand Masher, Citrus Juicer, Grater - Making Homemade Baby Food - Fruits and Vegetables Masher - No BPA (Yellow)</p><p> -36% 0FF </p><p>$15.99</p><a href="https://www.amazon.com/dp/B07GTMWP8R?tag=eloabder-20&linkCode=osi&th=1&psc=1">View Product</a></div><div class="product"><a href="https://www.amazon.com/dp/B00FWSQ55E?tag=eloabder-20&linkCode=osi&th=1&psc=1"><img src="https://m.media-amazon.com/images/I/316TAIMF4qL._SL500_.jpg" alt="Product Image"></a><p>NUK Fresh Foods Masher & Bowl, colour pistachio</p><p> -10% 0FF </p><p>$17.99</p><a href="https://www.amazon.com/dp/B00FWSQ55E?tag=eloabder-20&linkCode=osi&th=1&psc=1">View Product</a></div>
<div class="product"><a href="https://www.amazon.com/dp/B07MYW28QR?tag=eloabder-20&linkCode=osi&th=1&psc=1"><img src="https://m.media-amazon.com/images/I/315j5b08H9L._SL500_.jpg" alt="Product Image"></a><p>Baby Brezza New and Improved Formula Pro Advanced Formula Dispenser Machine - Automatically Mix a Warm Formula Bottle Instantly - Easily Make Bottle with Automatic Powder Blending, White</p><p> -20% 0FF </p><p>$184.99</p><a href="https://www.amazon.com/dp/B07MYW28QR?tag=eloabder-20&linkCode=osi&th=1&psc=1">View Product</a></div>
<div class="product"><a href="https://www.amazon.com/dp/B0B2KVK1QS?tag=eloabder-20&linkCode=osi&th=1&psc=1"><img src="https://m.media-amazon.com/images/I/31JCp0AmlBL._SL500_.jpg" alt="Product Image"></a><p>Dr. Brown's Baby Formula Mixing Pitcher with Adjustable Stopper, Locking Lid, & No Drip Spout, 32oz, BPA Free, Teal</p><p> -9% 0FF </p><p>$9.97</p><a href="https://www.amazon.com/dp/B0B2KVK1QS?tag=eloabder-20&linkCode=osi&th=1&psc=1">View Product</a></div><div class="product"><a href="https://www.amazon.com/dp/B0CM5J4JWT?tag=eloabder-20&linkCode=osi&th=1&psc=1"><img src="https://m.media-amazon.com/images/I/31VSt6TaXAL._SL500_.jpg" alt="Product Image"></a><p>Electric Baby Formula Mixing Pitcher, NehNeh Baby Bi-directional Alternating Stirring Mixer | No Air Bubble | No Clumps | No Drip Spout | Locking Lid | Fridge Storage 36oz, BPA Free -Green</p><p> -27% 0FF </p><p>$21.99</p><a href="https://www.amazon.com/dp/B0CM5J4JWT?tag=eloabder-20&linkCode=osi&th=1&psc=1">View Product</a></div><div class="product"><a href="https://www.amazon.com/dp/B0D1C9D91Q?tag=eloabder-20&linkCode=osi&th=1&psc=1"><img src="https://m.media-amazon.com/images/I/41MGIga8RYL._SL500_.jpg" alt="Product Image"></a><p>Electric Bottle Brush Cleaner Baby, Silicone Electric Baby Bottle Brush Set with Nipple Brush/Baby Formula Mixer USB Rechargeable & 2 Mode 360° Spinning Cleaner. Essential Feeding Supplies for Moms</p><p> -24% 0FF </p><p>$21.99</p><a href="https://www.amazon.com/dp/B0D1C9D91Q?tag=eloabder-20&linkCode=osi&th=1&psc=1">View Product</a></div>
<div class="product"><a href="https://www.amazon.com/dp/B0823FX2SL?tag=eloabder-20&linkCode=osi&th=1&psc=1"><img src="https://m.media-amazon.com/images/I/41i+ptDBdcL._SL500_.jpg" alt="Product Image"></a><p>Frida Baby Grooming Kit | Baby Essentials Gift Set Includes Finger Brush with Storage Stand, Hair Brush with Case, Styling Hair Comb, Easy Grip Nail Scissors with Nail File and Case</p><p> -39% 0FF </p><p>$15.26</p><a href="https://www.amazon.com/dp/B0823FX2SL?tag=eloabder-20&linkCode=osi&th=1&psc=1">View Product</a></div><div class="product"><a href="https://www.amazon.com/dp/B08PFCJWLF?tag=eloabder-20&linkCode=osi&th=1&psc=1"><img src="https://m.media-amazon.com/images/I/41ugdN8QcEL._SL500_.jpg" alt="Product Image"></a><p>OTTOLIVES Baby Healthcare and Grooming Kit, 24 in 1 Baby Electric Nail Trimmer Set Newborn Nursery Health Care Set for Newborn Infant Toddlers Baby Boys Girls Kids Haircut Tools (0-3 Years+) (Pink)</p><p> -17% 0FF </p><p>$24.99</p><a href="https://www.amazon.com/dp/B08PFCJWLF?tag=eloabder-20&linkCode=osi&th=1&psc=1">View Product</a></div>
<div class="product"><a href="https://www.amazon.com/dp/B074W7SKZ2?tag=eloabder-20&linkCode=osi&th=1&psc=1"><img src="https://m.media-amazon.com/images/I/31KOO0YFRdL._SL500_.jpg" alt="Product Image"></a><p>Mibote Baby Growth Height Chart Handing Ruler Wall Decor for Kids, Canvas Removable Height Growth Chart 79" x 7.9" (Black & White)</p><p> -18% 0FF </p><p>$7.99</p><a href="https://www.amazon.com/dp/B074W7SKZ2?tag=eloabder-20&linkCode=osi&th=1&psc=1">View Product</a></div><div class="product"><a href="https://www.amazon.com/dp/B073V6JFZ1?tag=eloabder-20&linkCode=osi&th=1&psc=1"><img src="https://m.media-amazon.com/images/I/31Fr48bMYdL._SL500_.jpg" alt="Product Image"></a><p>Kate and Laurel Growth Chart 6.5' Wood Wall Ruler, Rustic Brown</p><p> -12% 0FF </p><p>$52.99</p><a href="https://www.amazon.com/dp/B073V6JFZ1?tag=eloabder-20&linkCode=osi&th=1&psc=1">View Product</a></div><div class="product"><a href="https://www.amazon.com/dp/B08PTVQ1W5?tag=eloabder-20&linkCode=osi&th=1&psc=1"><img src="https://m.media-amazon.com/images/I/31m1GJZxGtS._SL500_.jpg" alt="Product Image"></a><p>PandaEar Baby Height Growth Chart Ruler| Kids Boys Girls | Removable Wall Decor Measurement 79" x 7.9" (White)</p><p> -16% 0FF </p><p>$7.59</p><a href="https://www.amazon.com/dp/B08PTVQ1W5?tag=eloabder-20&linkCode=osi&th=1&psc=1">View Product</a></div><div class="product"><a href="https://www.amazon.com/dp/B08TVT93RY?tag=eloabder-20&linkCode=osi&th=1&psc=1"><img src="https://m.media-amazon.com/images/I/41kME5mTgKL._SL500_.jpg" alt="Product Image"></a><p>SUJAYU Growth Chart for Kids, Canvas Height Chart Ruler Removable Wood Hanging Wall Ruler Measurement Chart for Home Decoration (White)</p><p> -13% 0FF </p><p>$6.99</p><a href="https://www.amazon.com/dp/B08TVT93RY?tag=eloabder-20&linkCode=osi&th=1&psc=1">View Product</a></div><div class="product"><a href="https://www.amazon.com/dp/B0D2N5HN9K?tag=eloabder-20&linkCode=osi&th=1&psc=1"><img src="https://m.media-amazon.com/images/I/41rYpem0a5L._SL500_.jpg" alt="Product Image"></a><p>Growth Chart for Wall Wooden Height Chart for Kids Unicorn Castle Height Measurement for Wall Kids Height Wall Chart Kids Room Nursery Wall Decor</p><p> -19% 0FF </p><p>$21.99</p><a href="https://www.amazon.com/dp/B0D2N5HN9K?tag=eloabder-20&linkCode=osi&th=1&psc=1">View Product</a></div>
<div class="product"><a href="https://www.amazon.com/dp/B01N1PTHED?tag=eloabder-20&linkCode=osi&th=1&psc=1"><img src="https://m.media-amazon.com/images/I/31l11tL5deL._SL500_.jpg" alt="Product Image"></a><p>Natemia Baby Hair Brush - Soft Bristle Hair Brush Baby, Baby Registry Gift, Soft Baby Brush, Toddler Hair Brush for Boys & Girls, Newborn Baby Essentials, Newborn Hair Brush, Baby Wooden Brush</p><p> -28% 0FF </p><p>$12.94</p><a href="https://www.amazon.com/dp/B01N1PTHED?tag=eloabder-20&linkCode=osi&th=1&psc=1">View Product</a></div><div class="product"><a href="https://www.amazon.com/dp/B07V6VN1V8?tag=eloabder-20&linkCode=osi&th=1&psc=1"><img src="https://m.media-amazon.com/images/I/415TTdnE6ZL._SL500_.jpg" alt="Product Image"></a><p>Baby Hair Brush - Baby Brush with Soft Goat Bristles, Cradle Cap Brush, Perfect Scalp Grooming Product for Infant, Toddler, Kids, Newborns, Baby Girls, Boys (Walnut, Oval)</p><p> -32% 0FF </p><p>$12.96</p><a href="https://www.amazon.com/dp/B07V6VN1V8?tag=eloabder-20&linkCode=osi&th=1&psc=1">View Product</a></div><div class="product"><a href="https://www.amazon.com/dp/B07XPS253G?tag=eloabder-20&linkCode=osi&th=1&psc=1"><img src="https://m.media-amazon.com/images/I/41Yb4VpbnkS._SL500_.jpg" alt="Product Image"></a><p>Molylove Baby Hair Brush, Wooden Goat Bristles Hair Brush for Newborns & Toddlers, Ideal for Cradle Cap, Perfect Baby Registry Gift, Hypoallergenic, 1 Count</p><p> -33% 0FF </p><p>$5.99</p><a href="https://www.amazon.com/dp/B07XPS253G?tag=eloabder-20&linkCode=osi&th=1&psc=1">View Product</a></div><div class="product"><a href="https://www.amazon.com/dp/B0D68KKVN2?tag=eloabder-20&linkCode=osi&th=1&psc=1"><img src="https://m.media-amazon.com/images/I/41M35gnwy-L._SL500_.jpg" alt="Product Image"></a><p>ROMY RO Soft Wooden Baby Hair Brush for Newborns & Toddlers in Chic Gift Box - Ultra Soft Natural Goat Hair - Perfect Registry Gift (Goat hair brush - Oval)</p><p> -48% 0FF </p><p>$12.94</p><a href="https://www.amazon.com/dp/B0D68KKVN2?tag=eloabder-20&linkCode=osi&th=1&psc=1">View Product</a></div>
<div class="product"><a href="https://www.amazon.com/dp/B08BPD2RHF?tag=eloabder-20&linkCode=osi&th=1&psc=1"><img src="https://m.media-amazon.com/images/I/41lSftNLw1L._SL500_.jpg" alt="Product Image"></a><p>Yoocaa Car Headrest Pillow, Road Pal Headrest, Adjustable Car Seat Head Neck Support, U Shaped Car Sleeping Pillow for Kids & Adults, Only Suitable for Car Seat Headrest with Poles, Black</p><p> -9% 0FF </p><p>$29.99</p><a href="https://www.amazon.com/dp/B08BPD2RHF?tag=eloabder-20&linkCode=osi&th=1&psc=1">View Product</a></div><div class="product"><a href="https://www.amazon.com/dp/B07LF8G768?tag=eloabder-20&linkCode=osi&th=1&psc=1"><img src="https://m.media-amazon.com/images/I/21e1Tt6BFrL._SL500_.jpg" alt="Product Image"></a><p>Car Head Support Toddle Car Neck Relief Baby Child Car Seat Adjustable Head and Neck Support Band - A Comfortable Sleep Solution (Gray)</p><p> -13% 0FF </p><p>$12.99</p><a href="https://www.amazon.com/dp/B07LF8G768?tag=eloabder-20&linkCode=osi&th=1&psc=1">View Product</a></div><div class="product"><a href="https://www.amazon.com/dp/B09ZL3P26Z?tag=eloabder-20&linkCode=osi&th=1&psc=1"><img src="https://m.media-amazon.com/images/I/31zv-UP+MDL._SL500_.jpg" alt="Product Image"></a><p>Pro Goleem Car Seat Head Support Infant, Soft Infant Car Seat Insert, 2 in 1 Carseat Head Support for Newborn, Perfect for Car Seat, Stroller, Swing, Bouncer, Gray and Black</p><p> -21% 0FF </p><p>$18.99</p><a href="https://www.amazon.com/dp/B09ZL3P26Z?tag=eloabder-20&linkCode=osi&th=1&psc=1">View Product</a></div>
<div class="product"><a href="https://www.amazon.com/dp/B0CLM3ZNJ6?tag=eloabder-20&linkCode=osi&th=1&psc=1"><img src="https://m.media-amazon.com/images/I/4131cOAl1wL._SL500_.jpg" alt="Product Image"></a><p>Toddler Bath Towel Baby Bath Towels Hooded Kids Towels for Boy Girl 0-5 Year, 2-Pack Thick Absorbent Toddler Towels Hooded Baby Towels with Hood, Large 50''x32'' Baby Hooded Towel for Kids Bath Towel</p><p> -20% 0FF </p><p>$23.99</p><a href="https://www.amazon.com/dp/B0CLM3ZNJ6?tag=eloabder-20&linkCode=osi&th=1&psc=1">View Product</a></div>
<div class="product"><a href="https://www.amazon.com/dp/B094YGQNSV?tag=eloabder-20&linkCode=osi&th=1&psc=1"><img src="https://m.media-amazon.com/images/I/31BKhmVToOL._SL500_.jpg" alt="Product Image"></a><p>Westinghouse Ultrasonic Cool Mist Humidifier, 4.5L Top Filling Quiet Air Humidifier with Low Water Alarm, Adjustable Mist Humidifier for Bedrooms</p><p> -60% 0FF </p><p>$25.00</p><a href="https://www.amazon.com/dp/B094YGQNSV?tag=eloabder-20&linkCode=osi&th=1&psc=1">View Product</a></div><div class="product"><a href="https://www.amazon.com/dp/B000056HL5?tag=eloabder-20&linkCode=osi&th=1&psc=1"><img src="https://m.media-amazon.com/images/I/41ad8kyAgJL._SL500_.jpg" alt="Product Image"></a><p>Vicks Ultrasonic Humidifier Cool Mist Humidifier to Help Relieve Cold and Flu Symptoms</p><p> -27% 0FF </p><p>$44.00</p><a href="https://www.amazon.com/dp/B000056HL5?tag=eloabder-20&linkCode=osi&th=1&psc=1">View Product</a></div><div class="product"><a href="https://www.amazon.com/dp/B000GWJD0A?tag=eloabder-20&linkCode=osi&th=1&psc=1"><img src="https://m.media-amazon.com/images/I/3124anf96JL._SL500_.jpg" alt="Product Image"></a><p>Crane Adorables Ultrasonic Humidifiers for Bedroom and Baby Nursery, 1 Gallon Cool Mist Air Humidifier for Large Room or Kid's Room, Humidifier Filters Optional, Penguin</p><p> -28% 0FF </p><p>$43.20</p><a href="https://www.amazon.com/dp/B000GWJD0A?tag=eloabder-20&linkCode=osi&th=1&psc=1">View Product</a></div><div class="product"><a href="https://www.amazon.com/dp/B06XP1GMDY?tag=eloabder-20&linkCode=osi&th=1&psc=1"><img src="https://m.media-amazon.com/images/I/31g-+ypTSrL._SL500_.jpg" alt="Product Image"></a><p>Babymoov Hygro Plus Cool Mist Humidifier 3-in-1 Humidity Control, Multicolored Night Light & Essential Oil Diffuser Easy Use and Care-Blue(NO Filter Needed)</p><p> -22% 0FF </p><p>$69.99</p><a href="https://www.amazon.com/dp/B06XP1GMDY?tag=eloabder-20&linkCode=osi&th=1&psc=1">View Product</a></div><div class="product"><a href="https://www.amazon.com/dp/B009COIFAC?tag=eloabder-20&linkCode=osi&th=1&psc=1"><img src="https://m.media-amazon.com/images/I/415IUpVHxDL._SL500_.jpg" alt="Product Image"></a><p>Guardian Technologies Pure Guardian H920BL Ultrasonic Cool Mist Humidifier, 10 Hrs. Run Time, 210 Sq. Ft. Coverage, Small Rooms, Quiet, Filter Free, Treated Tank Resists</p><p> -50% 0FF </p><p>$19.99</p><a href="https://www.amazon.com/dp/B009COIFAC?tag=eloabder-20&linkCode=osi&th=1&psc=1">View Product</a></div>
<div class="product"><a href="https://www.amazon.com/dp/B08847QPWV?tag=eloabder-20&linkCode=osi&th=1&psc=1"><img src="https://m.media-amazon.com/images/I/41I9zGsqR2L._SL500_.jpg" alt="Product Image"></a><p>Graco SnugFit 35 Infant Car Seat with Simply Safe Adjust Harness System | Baby Car Seat with Anti Rebound Bar, Gotham</p><p> -30% 0FF </p><p>$118.99</p><a href="https://www.amazon.com/dp/B08847QPWV?tag=eloabder-20&linkCode=osi&th=1&psc=1">View Product</a></div>
<div class="product"><a href="https://www.amazon.com/dp/B09DLGM21Q?tag=eloabder-20&linkCode=osi&th=1&psc=1"><img src="https://m.media-amazon.com/images/I/4161UIlOUcL._SL500_.jpg" alt="Product Image"></a><p>Fisher-Price Portable Baby Chair Sit-Me-Up Floor Seat with Developmental Toys & Machine Washable Seat Pad, Rainbow Sprinkles</p><p> -6% 0FF </p><p>$40.49</p><a href="https://www.amazon.com/dp/B09DLGM21Q?tag=eloabder-20&linkCode=osi&th=1&psc=1">View Product</a></div><div class="product"><a href="https://www.amazon.com/dp/B0C2V717QN?tag=eloabder-20&linkCode=osi&th=1&psc=1"><img src="https://m.media-amazon.com/images/I/413QFmg9NwL._SL500_.jpg" alt="Product Image"></a><p>EKEPE Inflatable Baby Seat for Babies 3 Months & Up, Baby Floor Seats for Sitting Up, Baby Seats for Infants, Blow Up Baby Chair with Built in Air Pump - Bear</p><p> -20% 0FF </p><p>$21.59</p><a href="https://www.amazon.com/dp/B0C2V717QN?tag=eloabder-20&linkCode=osi&th=1&psc=1">View Product</a></div>

<div class="product"><a href="https://www.amazon.com/dp/B01M6YVW7B?tag=eloabder-20&linkCode=osi&th=1&psc=1"><img src="https://m.media-amazon.com/images/I/41HXEU0eLLL._SL500_.jpg" alt="Product Image"></a><p>Angelcare Baby Bath Support (Gray) | Ideal for Babies Less Than 6 Months Old</p><p> -33% 0FF </p><p>$19.99</p><a href="https://www.amazon.com/dp/B01M6YVW7B?tag=eloabder-20&linkCode=osi&th=1&psc=1">View Product</a></div><div class="product"><a href="https://www.amazon.com/dp/B0D9JLFDWL?tag=eloabder-20&linkCode=osi&th=1&psc=1"><img src="https://m.media-amazon.com/images/I/41t4fYIsNiL._SL500_.jpg" alt="Product Image"></a><p>GloTika Foldable Baby Bathtub Support, Ergonomic Mesh Infant Bathtub, Portable Baby Bath Tub for Newborn Babies 0-6 Months, Grey</p><p> -31% 0FF </p><p>$19.99</p><a href="https://www.amazon.com/dp/B0D9JLFDWL?tag=eloabder-20&linkCode=osi&th=1&psc=1">View Product</a></div><div class="product"><a href="https://www.amazon.com/dp/B000XW65SG?tag=eloabder-20&linkCode=osi&th=1&psc=1"><img src="https://m.media-amazon.com/images/I/41Nyw2TWaWL._SL500_.jpg" alt="Product Image"></a><p>The First Years Newborn to Toddler Baby Bath Tub - Convertible 3-in-1 Baby Tub with Removable Sling - Ages 0 to 24 Months - Sure Comfort - Pink</p><p> -37% 0FF </p><p>$22.00</p><a href="https://www.amazon.com/dp/B000XW65SG?tag=eloabder-20&linkCode=osi&th=1&psc=1">View Product</a></div><div class="product"><a href="https://www.amazon.com/dp/B0CGD46P4F?tag=eloabder-20&linkCode=osi&th=1&psc=1"><img src="https://m.media-amazon.com/images/I/41lNJLni9PL._SL500_.jpg" alt="Product Image"></a><p>AVIDOR Baby Bathtub,Collapsible Bathtub for Newborn to Toddler,Durable Essential Infant Bath Tub,Portable Travel Baby Bathtub with Soft Cushion,No-Slip Hanging and Detachable Bathtub,Green</p><p> -18% 0FF </p><p>$32.99</p><a href="https://www.amazon.com/dp/B0CGD46P4F?tag=eloabder-20&linkCode=osi&th=1&psc=1">View Product</a></div>
<div class="product"><a href="https://www.amazon.com/dp/B0CKWN7R3N?tag=eloabder-20&linkCode=osi&th=1&psc=1"><img src="https://m.media-amazon.com/images/I/31Z12rMqZ6L._SL500_.jpg" alt="Product Image"></a><p>Itzy Ritzy Insulated Bottle Bag – Keeps Bottles Warm or Cool - Holds 3 Bottles & Features Interior Pocket for Ice Pack (Not Included), Milk & Honey</p><p> -29% 0FF </p><p>$24.99</p><a href="https://www.amazon.com/dp/B0CKWN7R3N?tag=eloabder-20&linkCode=osi&th=1&psc=1">View Product</a></div>
<div class="product"><a href="https://www.amazon.com/dp/B002GKC4AG?tag=eloabder-20&linkCode=osi&th=1&psc=1"><img src="https://m.media-amazon.com/images/I/4195Qc9-38L._SL500_.jpg" alt="Product Image"></a><p>My Brest Friend Professional Nursing Pillow | Ergonomic Breastfeeding Pillows | Ideal for Lactation Consultants, NICUs & More | Breastfeeding Essentials | Handy Side Pocket & Easily Wipes Clean, Blue</p><p> -6% 0FF </p><p>$51.50</p><a href="https://www.amazon.com/dp/B002GKC4AG?tag=eloabder-20&linkCode=osi&th=1&psc=1">View Product</a></div><div class="product"><a href="https://www.amazon.com/dp/B0BT6TTHK6?tag=eloabder-20&linkCode=osi&th=1&psc=1"><img src="https://m.media-amazon.com/images/I/51GP+4wNoZL._SL500_.jpg" alt="Product Image"></a><p>Boppy Nursing Pillow Best Latch, Mocha Half Domes, Created with Lactation Consultant, Firm Contoured and Plush Sides for Two Breastfeeding Options, Padded Belt, Plus Sized to Petite, Machine Washable</p><p> -20% 0FF </p><p>$40.00</p><a href="https://www.amazon.com/dp/B0BT6TTHK6?tag=eloabder-20&linkCode=osi&th=1&psc=1">View Product</a></div>
<div class="product"><a href="https://www.amazon.com/dp/B01GGLV4V0?tag=eloabder-20&linkCode=osi&th=1&psc=1"><img src="https://m.media-amazon.com/images/I/41KKABFTw+L._SL500_.jpg" alt="Product Image"></a><p>Zote Pink Soap Pack of 3 Total 7 oz</p><p> -10% 0FF </p><p>$6.30</p><a href="https://www.amazon.com/dp/B01GGLV4V0?tag=eloabder-20&linkCode=osi&th=1&psc=1">View Product</a></div><div class="product"><a href="https://www.amazon.com/dp/B08MPWSBRR?tag=eloabder-20&linkCode=osi&th=1&psc=1"><img src="https://m.media-amazon.com/images/I/31gvg0Il4bL._SL500_.jpg" alt="Product Image"></a><p>Grangers Down Wash/Detergent for Down Insulated Clothing, Sleeping Bags and Bedding (12 Washes), 10 oz</p><p> -6% 0FF </p><p>$13.45 ($1.34 / Fl Oz)</p><a href="https://www.amazon.com/dp/B08MPWSBRR?tag=eloabder-20&linkCode=osi&th=1&psc=1">View Product</a></div><div class="product"><a href="https://www.amazon.com/dp/B08Y9691J6?tag=eloabder-20&linkCode=osi&th=1&psc=1"><img src="https://m.media-amazon.com/images/I/31wqAyGiS-L._SL500_.jpg" alt="Product Image"></a><p>WHOLENATURALS Pure Castile Soap Liquid, EWG Verified & Certified Palm Oil Free Unscented, Natural, Mild & Gentle Non-gmo & Vegan - Organic Body Wash, Laundry, and Baby Soap - 64 Fl Oz</p><p> -17% 0FF </p><p>$28.89 ($0.45 / Fl Oz)</p><a href="https://www.amazon.com/dp/B08Y9691J6?tag=eloabder-20&linkCode=osi&th=1&psc=1">View Product</a></div>
<div class="product"><a href="https://www.amazon.com/dp/B01JK164JU?tag=eloabder-20&linkCode=osi&th=1&psc=1"><img src="https://m.media-amazon.com/images/I/31tGM0o-n7L._SL500_.jpg" alt="Product Image"></a><p>The Honest Company Hydrating Face + Body Lotion | Fast Absorbing, Naturally Derived, Hypoallergenic | Lavender Calm, 8.5 fl oz</p><p> -8% 0FF </p><p>$10.99 ($1.29 / Fl Oz)</p><a href="https://www.amazon.com/dp/B01JK164JU?tag=eloabder-20&linkCode=osi&th=1&psc=1">View Product</a></div><div class="product"><a href="https://www.amazon.com/dp/B0018CK3VK?tag=eloabder-20&linkCode=osi&th=1&psc=1"><img src="https://m.media-amazon.com/images/I/41+wBu0geAL._SL500_.jpg" alt="Product Image"></a><p>Avalon Organics Hand & Body Lotion, Aloe Unscented, 32 Oz</p><p> -12% 0FF </p><p>$17.19 ($0.54 / Ounce)</p><a href="https://www.amazon.com/dp/B0018CK3VK?tag=eloabder-20&linkCode=osi&th=1&psc=1">View Product</a></div><div class="product"><a href="https://www.amazon.com/dp/B0013DIZL4?tag=eloabder-20&linkCode=osi&th=1&psc=1"><img src="https://m.media-amazon.com/images/I/31bPmcqX7+L._SL500_.jpg" alt="Product Image"></a><p>Lubriderm Intense Dry Skin Repair Lotion + Pro-Ceramide with Vitamin E & Minerals Helps to Repair Rough, Dry Skin, Fast Absorbing Lotion is Fragrance-Free and Non-Greasy, 16 fl. oz</p><p> -24% 0FF </p><p>$9.34 ($0.58 / Fl Oz)</p><a href="https://www.amazon.com/dp/B0013DIZL4?tag=eloabder-20&linkCode=osi&th=1&psc=1">View Product</a></div>
<div class="product"><a href="https://www.amazon.com/dp/B0BPHJN972?tag=eloabder-20&linkCode=osi&th=1&psc=1"><img src="https://m.media-amazon.com/images/I/41np1V18sQL._SL500_.jpg" alt="Product Image"></a><p>Pro Goleem Loveys for Babies - Soft Security Blanket Baby Snuggle Toy Newborn Stuffed Animals Baby Gifts for Boys and Girls, Lion 16 Inch</p><p> -37% 0FF </p><p>$9.48</p><a href="https://www.amazon.com/dp/B0BPHJN972?tag=eloabder-20&linkCode=osi&th=1&psc=1">View Product</a></div><div class="product"><a href="https://www.amazon.com/dp/B01MRVHKP1?tag=eloabder-20&linkCode=osi&th=1&psc=1"><img src="https://m.media-amazon.com/images/I/5183CyG7XSL._SL500_.jpg" alt="Product Image"></a><p>Mary Meyer Putty Nursery Character Blanket, Hound Dog, 1 Pack</p><p> -9% 0FF </p><p>$19.96</p><a href="https://www.amazon.com/dp/B01MRVHKP1?tag=eloabder-20&linkCode=osi&th=1&psc=1">View Product</a></div><div class="product"><a href="https://www.amazon.com/dp/B00PKP4JUM?tag=eloabder-20&linkCode=osi&th=1&psc=1"><img src="https://m.media-amazon.com/images/I/41OzmBpx8bL._SL500_.jpg" alt="Product Image"></a><p>Mary Meyer Lovey Soft Toy, 13-Inches, Oatmeal Bunny</p><p> -14% 0FF </p><p>$17.96</p><a href="https://www.amazon.com/dp/B00PKP4JUM?tag=eloabder-20&linkCode=osi&th=1&psc=1">View Product</a></div><div class="product"><a href="https://www.amazon.com/dp/B08PP8S8KZ?tag=eloabder-20&linkCode=osi&th=1&psc=1"><img src="https://m.media-amazon.com/images/I/41kmsE51naL._SL500_.jpg" alt="Product Image"></a><p>Pro Goleem Dog Security Blanket Brown Soft Puppy Lovey for Boys and Girls Unisex Lovie Baby Gifts for Toddler and Infant Snuggle Toy Stuffed Animal 16 Inch</p><p> -25% 0FF </p><p>$14.99</p><a href="https://www.amazon.com/dp/B08PP8S8KZ?tag=eloabder-20&linkCode=osi&th=1&psc=1">View Product</a></div><div class="product"><a href="https://www.amazon.com/dp/B08SZD1XXG?tag=eloabder-20&linkCode=osi&th=1&psc=1"><img src="https://m.media-amazon.com/images/I/41M7mPD9ieL._SL500_.jpg" alt="Product Image"></a><p>Itzy Ritzy - Itzy Lovey Including Teether - Baby Lovey with Teether, Textured Ribbons & Dangle Arms - Features Crinkle Sound, Sherpa Fabric and Minky Plush (Sloth)</p><p> -31% 0FF </p><p>$8.90</p><a href="https://www.amazon.com/dp/B08SZD1XXG?tag=eloabder-20&linkCode=osi&th=1&psc=1">View Product</a></div>
<div class="product"><a href="https://www.amazon.com/dp/B0B5Z89FZW?tag=eloabder-20&linkCode=osi&th=1&psc=1"><img src="https://m.media-amazon.com/images/I/31HOhMzLqbL._SL500_.jpg" alt="Product Image"></a><p>Yoofoss Waterproof Crib Mattress Protector 2 Pack, Quilted Crib Mattress Pad Cover Ultra Soft and Breathable, Machine Washable Toddler Mattress Protector for Standard Baby Crib Size 52''x28''</p><p> -17% 0FF </p><p>$19.99</p><a href="https://www.amazon.com/dp/B0B5Z89FZW?tag=eloabder-20&linkCode=osi&th=1&psc=1">View Product</a></div><div class="product"><a href="https://www.amazon.com/dp/B0CFG4G839?tag=eloabder-20&linkCode=osi&th=1&psc=1"><img src="https://m.media-amazon.com/images/I/41tYoYajqyL._SL500_.jpg" alt="Product Image"></a><p>SafeRest Sleepure 100% Waterproof Crib Size Mattress Protector - Viscose Derived from Bamboo - Fitted with Stretchable Pockets - Machine Washable Cotton Mattress Cover for Bed</p><p> -40% 0FF </p><p>$20.99</p><a href="https://www.amazon.com/dp/B0CFG4G839?tag=eloabder-20&linkCode=osi&th=1&psc=1">View Product</a></div><div class="product"><a href="https://www.amazon.com/dp/B09B1NNPP9?tag=eloabder-20&linkCode=osi&th=1&psc=1"><img src="https://m.media-amazon.com/images/I/31P+e7ESa8L._SL500_.jpg" alt="Product Image"></a><p>Bassinet Mattress Pad Cover 2 Pack Quilted Bassinet Mattress Protector Waterproof Bassinet Sheets (32"x17") for Boys & Girls, Fit for Hourglass/Oval Bassinet Mattress, White</p><p> -15% 0FF </p><p>$14.23</p><a href="https://www.amazon.com/dp/B09B1NNPP9?tag=eloabder-20&linkCode=osi&th=1&psc=1">View Product</a></div>
<div class="product"><a href="https://www.amazon.com/dp/B07WW1CT4W?tag=eloabder-20&linkCode=osi&th=1&psc=1"><img src="https://m.media-amazon.com/images/I/51jnxJGkipL._SL500_.jpg" alt="Product Image"></a><p>Luka&Lily Month Milestone Blanket- 60"x40" for Baby Boys - First Year Calendar Monthly Growth Chart, Moon - Shower Gifts</p><p> -14% 0FF </p><p>$29.99</p><a href="https://www.amazon.com/dp/B07WW1CT4W?tag=eloabder-20&linkCode=osi&th=1&psc=1">View Product</a></div><div class="product"><a href="https://www.amazon.com/dp/B07BNBTGHD?tag=eloabder-20&linkCode=osi&th=1&psc=1"><img src="https://m.media-amazon.com/images/I/4143Q79bsYL._SL500_.jpg" alt="Product Image"></a><p>Organic Baby Monthly Milestone Blanket Boy or Girl - Months Blanket with Wood Frame and Newborn Announcement Disc - Growth Chart Milestone Blanket Neutral, 1-12 Month Milestones, 47”x47”</p><p> -21% 0FF </p><p>$25.99</p><a href="https://www.amazon.com/dp/B07BNBTGHD?tag=eloabder-20&linkCode=osi&th=1&psc=1">View Product</a></div><div class="product"><a href="https://www.amazon.com/dp/B07SW75W4Q?tag=eloabder-20&linkCode=osi&th=1&psc=1"><img src="https://m.media-amazon.com/images/I/41JMlZBEbQL._SL500_.jpg" alt="Product Image"></a><p>Kate & Milo Baby Monthly Milestone Blanket, Infant Milestone Markers, Newborn Photoshoot Photo Props, Baby Girl or Baby Boy Gift, Large Blanket</p><p> -19% 0FF </p><p>$12.21</p><a href="https://www.amazon.com/dp/B07SW75W4Q?tag=eloabder-20&linkCode=osi&th=1&psc=1">View Product</a></div><div class="product"><a href="https://www.amazon.com/dp/B0986S52N1?tag=eloabder-20&linkCode=osi&th=1&psc=1"><img src="https://m.media-amazon.com/images/I/51v8Yn1ycsL._SL500_.jpg" alt="Product Image"></a><p>Popfavors, Yuzioey Safari Baby Monthly Milestone Blanket, Jungle Animals Baby Month Blanket , Baby Boy Blanket Growth Chart Nursery Decor, Includes Marker, White, 50Inx40In</p><p> -5% 0FF </p><p>$18.99</p><a href="https://www.amazon.com/dp/B0986S52N1?tag=eloabder-20&linkCode=osi&th=1&psc=1">View Product</a></div><div class="product"><a href="https://www.amazon.com/dp/B0CX9W8SND?tag=eloabder-20&linkCode=osi&th=1&psc=1"><img src="https://m.media-amazon.com/images/I/41r8vCzGa2L._SL500_.jpg" alt="Product Image"></a><p>Pearhead Hello World Milestone Blanket and Prop, Baby Monthly Milestone Updates, Growth Blanket with Photo Posing Props, Ideal Mother's Day Gift, Perfect Newborn Gift and Nursery Decor</p><p> -6% 0FF </p><p>$18.79</p><a href="https://www.amazon.com/dp/B0CX9W8SND?tag=eloabder-20&linkCode=osi&th=1&psc=1">View Product</a></div><div class="product"><a href="https://www.amazon.com/dp/B07JKN43H6?tag=eloabder-20&linkCode=osi&th=1&psc=1"><img src="https://m.media-amazon.com/images/I/511MIyg00lL._SL500_.jpg" alt="Product Image"></a><p>Bliss n' Baby Monthly Milestone Blanket for Baby Girl - 60"x40" - Wrinkle Free Baby Age Month Blanket with Growth Chart - Washable & Dryable - w/Wreath & Headband - Floral Theme</p><p> -14% 0FF </p><p>$23.99</p><a href="https://www.amazon.com/dp/B07JKN43H6?tag=eloabder-20&linkCode=osi&th=1&psc=1">View Product</a></div>
<div class="product"><a href="https://www.amazon.com/dp/B001E1JKFU?tag=eloabder-20&linkCode=osi&th=1&psc=1"><img src="https://m.media-amazon.com/images/I/41JBWVeh+QL._SL500_.jpg" alt="Product Image"></a><p>Stansport Mosquito Netting Small (705)</p><p> -39% 0FF </p><p>$16.33</p><a href="https://www.amazon.com/dp/B001E1JKFU?tag=eloabder-20&linkCode=osi&th=1&psc=1">View Product</a></div><div class="product"><a href="https://www.amazon.com/dp/B0BV2RNTR7?tag=eloabder-20&linkCode=osi&th=1&psc=1"><img src="https://m.media-amazon.com/images/I/51-iyQhcHsL._SL500_.jpg" alt="Product Image"></a><p>Mosquito Net for Bed,Large Mosquito Netting Tent Canopy for Beds,Folding Portable Design Travel POP UP Mosquito Netting for Bed,L80*W72*H60inch Queen King Size Mosquito Net</p><p> -14% 0FF </p><p>$31.99</p><a href="https://www.amazon.com/dp/B0BV2RNTR7?tag=eloabder-20&linkCode=osi&th=1&psc=1">View Product</a></div><div class="product"><a href="https://www.amazon.com/dp/B0D8HLQJ5G?tag=eloabder-20&linkCode=osi&th=1&psc=1"><img src="https://m.media-amazon.com/images/I/31hFeMp1LQL._SL500_.jpg" alt="Product Image"></a><p>77 * 30 * 23 Inch Large Pop Up Mosquito Tent, Portable Foldable Mosquito Net for Bed Camping Travel Patio</p><p> -6% 0FF </p><p>$29.99</p><a href="https://www.amazon.com/dp/B0D8HLQJ5G?tag=eloabder-20&linkCode=osi&th=1&psc=1">View Product</a></div><div class="product"><a href="https://www.amazon.com/dp/B0C2YQKF71?tag=eloabder-20&linkCode=osi&th=1&psc=1"><img src="https://m.media-amazon.com/images/I/41yDl7W2ZNL._SL500_.jpg" alt="Product Image"></a><p>Portable Mosquito Net Tent, Folding Mosquito Head Net, Pop Up Mosquito Tent Netting for Bedding Camping Traveling Patio (1 Pack, Large)</p><p> -20% 0FF </p><p>$15.99</p><a href="https://www.amazon.com/dp/B0C2YQKF71?tag=eloabder-20&linkCode=osi&th=1&psc=1">View Product</a></div>
<div class="product"><a href="https://www.amazon.com/dp/B0CL9SJ88Z?tag=eloabder-20&linkCode=osi&th=1&psc=1"><img src="https://m.media-amazon.com/images/I/41iQwRq8cBL._SL500_.jpg" alt="Product Image"></a><p>Muslin Swaddle Blankets for Newborn, 3 Pack Breathable Soft Receiving Blanket, Large 38 x 40 inches Swaddle Wrap Burping Clothes, Essentials Infant Shower Items, Toddler Gift (Bright Colors)</p><p> -5% 0FF </p><p>$18.99</p><a href="https://www.amazon.com/dp/B0CL9SJ88Z?tag=eloabder-20&linkCode=osi&th=1&psc=1">View Product</a></div><div class="product"><a href="https://www.amazon.com/dp/B0C6GP7NXF?tag=eloabder-20&linkCode=osi&th=1&psc=1"><img src="https://m.media-amazon.com/images/I/51vjlWRLQjL._SL500_.jpg" alt="Product Image"></a><p>Konssy 2 Pack Muslin Swaddle Blankets for Baby Boys Girls, Receiving Blanket Large 47 x 47 inches, Soft Breathable Muslin Baby Blanket for Unisex Newborn(Pink, Floral)</p><p> -19% 0FF </p><p>$21.99 ($11.00 / Count)</p><a href="https://www.amazon.com/dp/B0C6GP7NXF?tag=eloabder-20&linkCode=osi&th=1&psc=1">View Product</a></div>
<div class="product"><a href="https://www.amazon.com/dp/B0B8TCTXBV?tag=eloabder-20&linkCode=osi&th=1&psc=1"><img src="https://m.media-amazon.com/images/I/41j61T25VcL._SL500_.jpg" alt="Product Image"></a><p>aden + anais Essentials Swaddle Blanket, Boutique Muslin Blankets for Girls & Boys, Baby Receiving Swaddles, Ideal Newborn & Infant Swaddling Set, Perfect Shower Gifts, 4 Pack, Alphabet Animals</p><p> -29% 0FF </p><p>$28.49</p><a href="https://www.amazon.com/dp/B0B8TCTXBV?tag=eloabder-20&linkCode=osi&th=1&psc=1">View Product</a></div>
<div class="product"><a href="https://www.amazon.com/dp/B0D475YDF5?tag=eloabder-20&linkCode=osi&th=1&psc=1"><img src="https://m.media-amazon.com/images/I/31TAYPOHywL._SL500_.jpg" alt="Product Image"></a><p>Electric Nail Clipper with Nail File, 2 in 1 Rechargeable & Gentle Nail Trimmer with LED Light for Baby and Seniors</p><p> -37% 0FF </p><p>$12.00 ($1.13 / Ounce)</p><a href="https://www.amazon.com/dp/B0D475YDF5?tag=eloabder-20&linkCode=osi&th=1&psc=1">View Product</a></div><div class="product"><a href="https://www.amazon.com/dp/B0D6BCSLNQ?tag=eloabder-20&linkCode=osi&th=1&psc=1"><img src="https://m.media-amazon.com/images/I/413w5b8GCzL._SL500_.jpg" alt="Product Image"></a><p>Automatic Nail Clipper, 2 in-1 Electric Nail Clipper and Nail Polisher, Electric Baby Nail Clippers with Light,USB Rechargeable Suitable for Babies,Women Manicure,Kids, Adults and Seniors（Orange）</p><p> -23% 0FF </p><p>$16.99</p><a href="https://www.amazon.com/dp/B0D6BCSLNQ?tag=eloabder-20&linkCode=osi&th=1&psc=1">View Product</a></div>

<div class="product"><a href="https://www.amazon.com/dp/B0037SEU7Q?tag=eloabder-20&linkCode=osi&th=1&psc=1"><img src="https://m.media-amazon.com/images/I/41yN94m-XlL._SL500_.jpg" alt="Product Image"></a><p>Bepanthen Nappy Care Ointment 5 Percent, 30 g</p><p> -13% 0FF </p><p>$6.79 ($6.47 / Ounce)</p><a href="https://www.amazon.com/dp/B0037SEU7Q?tag=eloabder-20&linkCode=osi&th=1&psc=1">View Product</a></div><div class="product"><a href="https://www.amazon.com/dp/B0BTTT6VW2?tag=eloabder-20&linkCode=osi&th=1&psc=1"><img src="https://m.media-amazon.com/images/I/41cBqj0Z9tL._SL500_.jpg" alt="Product Image"></a><p>Weleda Baby Calendula Diaper Cream, 2.8 Fluid Ounce (Pack of 3), Plant Rich Protection with Calendula, Chamomile, Sweet Almond Oil, Lanolin and Zinc Oxide</p><p> -13% 0FF </p><p>$32.29 ($3.84 / Fl Oz)</p><a href="https://www.amazon.com/dp/B0BTTT6VW2?tag=eloabder-20&linkCode=osi&th=1&psc=1">View Product</a></div><div class="product"><a href="https://www.amazon.com/dp/B074YXP676?tag=eloabder-20&linkCode=osi&th=1&psc=1"><img src="https://m.media-amazon.com/images/I/41y8VvUNCLL._SL500_.jpg" alt="Product Image"></a><p>Nappy Styles Napping Creme Paste</p><p> -12% 0FF </p><p>$14.36 ($1.80 / Ounce)</p><a href="https://www.amazon.com/dp/B074YXP676?tag=eloabder-20&linkCode=osi&th=1&psc=1">View Product</a></div>
<div class="product"><a href="https://www.amazon.com/dp/B00821FLSU?tag=eloabder-20&linkCode=osi&th=1&psc=1"><img src="https://m.media-amazon.com/images/I/31MQYDa7dYL._SL500_.jpg" alt="Product Image"></a><p>Ubbi Steel Diaper Pail, Odor Locking, No Special Bag Required, Award-Winning, Registry Must-Have, Gray</p><p> -12% 0FF </p><p>$69.99</p><a href="https://www.amazon.com/dp/B00821FLSU?tag=eloabder-20&linkCode=osi&th=1&psc=1">View Product</a></div><div class="product"><a href="https://www.amazon.com/dp/B0CNS2FRMZ?tag=eloabder-20&linkCode=osi&th=1&psc=1"><img src="https://m.media-amazon.com/images/I/31O+tXnLaXL._SL500_.jpg" alt="Product Image"></a><p>Diaper Genie Select Pail is Made of Durable Stainless Steel and Includes 1 Starter Square Refill That can Hold up to 165 Newborn-Sized Diapers.</p><p> -20% 0FF </p><p>$35.99</p><a href="https://www.amazon.com/dp/B0CNS2FRMZ?tag=eloabder-20&linkCode=osi&th=1&psc=1">View Product</a></div><div class="product"><a href="https://www.amazon.com/dp/B08XNVW9TW?tag=eloabder-20&linkCode=osi&th=1&psc=1"><img src="https://m.media-amazon.com/images/I/41U7mL6nXRL._SL500_.jpg" alt="Product Image"></a><p>Sassy 250 Count Disposable Diaper Sacks, Lavender Scented, Easy-To-Tie, Diaper Disposal or Pet Waste Bags</p><p> -11% 0FF </p><p>$9.80</p><a href="https://www.amazon.com/dp/B08XNVW9TW?tag=eloabder-20&linkCode=osi&th=1&psc=1">View Product</a></div>


<div class="product"><a href="https://www.amazon.com/dp/B0CTKK5YY5?tag=eloabder-20&linkCode=osi&th=1&psc=1"><img src="https://m.media-amazon.com/images/I/31OhvT5rWmL._SL500_.jpg" alt="Product Image"></a><p>Koalababy Large Flow Electric Nasal Aspirator, Newest Baby Nose Sucker, Nose Cleaner for Toddlers with 3 Suction Levels, Soothing Music and Light, Space Gray</p><p> -33% 0FF </p><p>$29.99</p><a href="https://www.amazon.com/dp/B0CTKK5YY5?tag=eloabder-20&linkCode=osi&th=1&psc=1">View Product</a></div>
<div class="product"><a href="https://www.amazon.com/dp/B07GG1R9WC?tag=eloabder-20&linkCode=osi&th=1&psc=1"><img src="https://m.media-amazon.com/images/I/31T-p4V5gsL._SL500_.jpg" alt="Product Image"></a><p>Gerber Unisex Baby Multi-Pack Long-Sleeve Onesies Bodysuit Mitten Cuff Sizes 6-Pack Mitten Cuff Newborn</p><p> -12% 0FF </p><p>$15.81</p><a href="https://www.amazon.com/dp/B07GG1R9WC?tag=eloabder-20&linkCode=osi&th=1&psc=1">View Product</a></div><div class="product"><a href="https://www.amazon.com/dp/B0BVMXF1DJ?tag=eloabder-20&linkCode=osi&th=1&psc=1"><img src="https://m.media-amazon.com/images/I/31aJYRwZ+-L._SL500_.jpg" alt="Product Image"></a><p>HonestBaby Baby Boys 3-pack Organic Cotton Long Sleeve Side-snap Kimono Bodysuits And Toddler T-Shirt Set, Honestly Pure White, Newborn US</p><p> -63% 0FF </p><p>$11.19</p><a href="https://www.amazon.com/dp/B0BVMXF1DJ?tag=eloabder-20&linkCode=osi&th=1&psc=1">View Product</a></div>
<div class="product"><a href="https://www.amazon.com/dp/B01N47M3V0?tag=eloabder-20&linkCode=osi&th=1&psc=1"><img src="https://m.media-amazon.com/images/I/31WVThyEEcL._SL500_.jpg" alt="Product Image"></a><p>Uigos LED Night Light Lamp with Smart Sensor Dusk to Dawn Sensor, Daylight White, 0.5W Plug-in, 6-Pack</p><p> -23% 0FF </p><p>$9.99</p><a href="https://www.amazon.com/dp/B01N47M3V0?tag=eloabder-20&linkCode=osi&th=1&psc=1">View Product</a></div><div class="product"><a href="https://www.amazon.com/dp/B09B1B6J9S?tag=eloabder-20&linkCode=osi&th=1&psc=1"><img src="https://m.media-amazon.com/images/I/11rEGPdWq7L._SL500_.jpg" alt="Product Image"></a><p>Anico EASZZZ Baby Night Light, Nursery Night Lamp for Breastfeeding, Soft BPA Free Silicone Touch Night Lamp, Eye Caring, Easy Flip Design, Stepless Dimming, 1-Pack</p><p> -25% 0FF </p><p>$29.99</p><a href="https://www.amazon.com/dp/B09B1B6J9S?tag=eloabder-20&linkCode=osi&th=1&psc=1">View Product</a></div><div class="product"><a href="https://www.amazon.com/dp/B097YP171M?tag=eloabder-20&linkCode=osi&th=1&psc=1"><img src="https://m.media-amazon.com/images/I/21jYMKqhB3L._SL500_.jpg" alt="Product Image"></a><p>JolyWell Night Light for Kids, Egg Light for Nursery with 7 RGB Colors Changeable & Stepless Dimming, Rechargeable Tap Light with 1h Timer & Touch Control, Portable Night Light for Babies BPA Free</p><p> -14% 0FF </p><p>$25.99</p><a href="https://www.amazon.com/dp/B097YP171M?tag=eloabder-20&linkCode=osi&th=1&psc=1">View Product</a></div><div class="product"><a href="https://www.amazon.com/dp/B077X48B8Q?tag=eloabder-20&linkCode=osi&th=1&psc=1"><img src="https://m.media-amazon.com/images/I/31TiV9umK-L._SL500_.jpg" alt="Product Image"></a><p>REMINDA 4 Pack Night Light Lamp with Dusk to Dawn Sensor, Plug in, Blue Led Night Light</p><p> -19% 0FF </p><p>$12.99</p><a href="https://www.amazon.com/dp/B077X48B8Q?tag=eloabder-20&linkCode=osi&th=1&psc=1">View Product</a></div>
<div class="product"><a href="https://www.amazon.com/dp/B005MI648C?tag=eloabder-20&linkCode=osi&th=1&psc=1"><img src="https://m.media-amazon.com/images/I/41IsNMYojbL._SL500_.jpg" alt="Product Image"></a><p>Lansinoh Lanolin Nipple Cream Safe for Breastfeeding Baby, 100% Natural Nipple Butter for Mom, Breastfeeding Essentials, 1.41 Ounces</p><p> -17% 0FF </p><p>$8.99 ($6.38 / Ounce)</p><a href="https://www.amazon.com/dp/B005MI648C?tag=eloabder-20&linkCode=osi&th=1&psc=1">View Product</a></div><div class="product"><a href="https://www.amazon.com/dp/B000JVCBBG?tag=eloabder-20&linkCode=osi&th=1&psc=1"><img src="https://m.media-amazon.com/images/I/41TljzHSgHL._SL500_.jpg" alt="Product Image"></a><p>Earth Mama Organic Nipple Butter™ | Nipple Cream Safe for Breastfeeding | Postpartum Essentials for Nursing | Non Lanolin Nipple Cream, 2-Fluid Ounce</p><p> -7% 0FF </p><p>$13.99 ($7.00 / Fl Oz)</p><a href="https://www.amazon.com/dp/B000JVCBBG?tag=eloabder-20&linkCode=osi&th=1&psc=1">View Product</a></div><div class="product"><a href="https://www.amazon.com/dp/B08L68WR4B?tag=eloabder-20&linkCode=osi&th=1&psc=1"><img src="https://m.media-amazon.com/images/I/41qRTIl9vqL._SL500_.jpg" alt="Product Image"></a><p>Medela Purelan Lanolin Nipple Cream for Breastfeeding, 100% All Natural Single Ingredient, Hypoallergenic, Soothing Protection, Safe for Nursing Mom and Baby, 1.3 Ounce Tube</p><p> -29% 0FF </p><p>$7.37</p><a href="https://www.amazon.com/dp/B08L68WR4B?tag=eloabder-20&linkCode=osi&th=1&psc=1">View Product</a></div><div class="product"><a href="https://www.amazon.com/dp/B07X53WM1H?tag=eloabder-20&linkCode=osi&th=1&psc=1"><img src="https://m.media-amazon.com/images/I/41sh4NHSA1L._SL500_.jpg" alt="Product Image"></a><p>Lansinoh Organic Nipple Butter, Nipple Cream Safe for Breastfeeding Baby, Postpartum Essentials for Mom, 2 Ounces</p><p> -37% 0FF </p><p>$9.37</p><a href="https://www.amazon.com/dp/B07X53WM1H?tag=eloabder-20&linkCode=osi&th=1&psc=1">View Product</a></div><div class="product"><a href="https://www.amazon.com/dp/B08PXP59L6?tag=eloabder-20&linkCode=osi&th=1&psc=1"><img src="https://m.media-amazon.com/images/I/31ABi-XhpOL._SL500_.jpg" alt="Product Image"></a><p>The Honest Company Honest Mama Calm Your Nip Balm | USDA Certified Organic Nipple Cream | 1.75 fl oz</p><p> -10% 0FF </p><p>$13.49 ($7.71 / Fl Oz)</p><a href="https://www.amazon.com/dp/B08PXP59L6?tag=eloabder-20&linkCode=osi&th=1&psc=1">View Product</a></div><div class="product"><a href="https://www.amazon.com/dp/B001EPQ1US?tag=eloabder-20&linkCode=osi&th=1&psc=1"><img src="https://m.media-amazon.com/images/I/412ol1D5gFL._SL500_.jpg" alt="Product Image"></a><p>Lansinoh Breast Cream, 1.41 Ounce Tube (Pack of 3)</p><p> -20% 0FF </p><p>$23.99 ($5.67 / Ounce)</p><a href="https://www.amazon.com/dp/B001EPQ1US?tag=eloabder-20&linkCode=osi&th=1&psc=1">View Product</a></div>
<div class="product"><a href="https://www.amazon.com/dp/B0116SFIXS?tag=eloabder-20&linkCode=osi&th=1&psc=1"><img src="https://m.media-amazon.com/images/I/41IXnMjSMRL._SL500_.jpg" alt="Product Image"></a><p>Lansinoh Contact Nipple Shields for Breastfeeding, 2 Nipple Shields (24mm) and Case</p><p> -9% 0FF </p><p>$8.22</p><a href="https://www.amazon.com/dp/B0116SFIXS?tag=eloabder-20&linkCode=osi&th=1&psc=1">View Product</a></div><div class="product"><a href="https://www.amazon.com/dp/B000067PQ0?tag=eloabder-20&linkCode=osi&th=1&psc=1"><img src="https://m.media-amazon.com/images/I/31Bc7JjDLBL._SL500_.jpg" alt="Product Image"></a><p>Medela Contact Nipple Shield, 24mm Medium, Nippleshield for Breastfeeding with Latch Difficulties or Flat or Inverted Nipples, Made Without BPA</p><p> -32% 0FF </p><p>$7.35</p><a href="https://www.amazon.com/dp/B000067PQ0?tag=eloabder-20&linkCode=osi&th=1&psc=1">View Product</a></div><div class="product"><a href="https://www.amazon.com/dp/B08VKRMXGZ?tag=eloabder-20&linkCode=osi&th=1&psc=1"><img src="https://m.media-amazon.com/images/I/41jploOEeaL._SL500_.jpg" alt="Product Image"></a><p>Moogco The Original Silver Nursing Cups - Nipple Shields for Nursing Newborn - Breastfeeding Essentials - Newborn Essentials Must Haves - Nipple Covers Breastfeeding - 925 Silver</p><p> -28% 0FF </p><p>$35.90</p><a href="https://www.amazon.com/dp/B08VKRMXGZ?tag=eloabder-20&linkCode=osi&th=1&psc=1">View Product</a></div><div class="product"><a href="https://www.amazon.com/dp/B07ND58735?tag=eloabder-20&linkCode=osi&th=1&psc=1"><img src="https://m.media-amazon.com/images/I/41EpWEiqvyL._SL500_.jpg" alt="Product Image"></a><p>Koala Babycare The Original Silver Nursing Cups - Nipple Shields for Nursing Newborn -Breastfeeding Essentials - Protect and Soothe - Tri-Laminate Silver - Standard Size</p><p> -13% 0FF </p><p>$34.75</p><a href="https://www.amazon.com/dp/B07ND58735?tag=eloabder-20&linkCode=osi&th=1&psc=1">View Product</a></div>
<div class="product"><a href="https://www.amazon.com/dp/B091FL1QFK?tag=eloabder-20&linkCode=osi&th=1&psc=1"><img src="https://m.media-amazon.com/images/I/41TUb4BsK-L._SL500_.jpg" alt="Product Image"></a><p>Syringe Nasal Irrigator, Professional Baby Nasal Irrigator Portable Infant Nose Cleaner Rinsing Device Fast All Natural Relief-Nasal Irrigation/Nasal Spray/Nasal Hygiene (2 pièces)</p><p> -67% 0FF </p><p>$3.25</p><a href="https://www.amazon.com/dp/B091FL1QFK?tag=eloabder-20&linkCode=osi&th=1&psc=1">View Product</a></div><div class="product"><a href="https://www.amazon.com/dp/B09137WF8K?tag=eloabder-20&linkCode=osi&th=1&psc=1"><img src="https://m.media-amazon.com/images/I/41v2GMmUbZL._SL500_.jpg" alt="Product Image"></a><p>Two Pack 3 in 1 Baby Nose and Ear Gadget, Safe Baby Booger Remover, Nose Cleaning Tweezers, Nose Cleaner for Baby Infants and Toddlers, Dual Earwax and Snot Removal Baby Must Have Items</p><p> -50% 0FF </p><p>$9.95</p><a href="https://www.amazon.com/dp/B09137WF8K?tag=eloabder-20&linkCode=osi&th=1&psc=1">View Product</a></div><div class="product"><a href="https://www.amazon.com/dp/B09Q61B4MM?tag=eloabder-20&linkCode=osi&th=1&psc=1"><img src="https://m.media-amazon.com/images/I/310TWo+qPRL._SL500_.jpg" alt="Product Image"></a><p>Haakaa Silicone Baby Nasal Aspirator | Nose Bulb Syringe | Easy-Squeezy Baby Nose Cleaner, Newborn Infant &Toddler - BPA Free Silicone</p><p> -5% 0FF </p><p>$9.39</p><a href="https://www.amazon.com/dp/B09Q61B4MM?tag=eloabder-20&linkCode=osi&th=1&psc=1">View Product</a></div>
<div class="product"><a href="https://www.amazon.com/dp/B002K6F7AK?tag=eloabder-20&linkCode=osi&th=1&psc=1"><img src="https://m.media-amazon.com/images/I/411elwPHIqL._SL500_.jpg" alt="Product Image"></a><p>Lamaze womens Cotton Spandex Sleep for Nursing and Maternity Full Coverage Bra, Heather Grey, Large US</p><p> -32% 0FF </p><p>$12.28</p><a href="https://www.amazon.com/dp/B002K6F7AK?tag=eloabder-20&linkCode=osi&th=1&psc=1">View Product</a></div>

<div class="product"><a href="https://www.amazon.com/dp/B06XPHR7DF?tag=eloabder-20&linkCode=osi&th=1&psc=1"><img src="https://m.media-amazon.com/images/I/31sNH-POFUL._SL500_.jpg" alt="Product Image"></a><p>Lansinoh Stay Dry Disposable Nursing Pads, Soft and Super Absorbent Breast Pads, Breastfeeding Essentials for Moms, 200 Count</p><p> -21% 0FF </p><p>$18.51</p><a href="https://www.amazon.com/dp/B06XPHR7DF?tag=eloabder-20&linkCode=osi&th=1&psc=1">View Product</a></div><div class="product"><a href="https://www.amazon.com/dp/B0DB3G8G37?tag=eloabder-20&linkCode=osi&th=1&psc=1"><img src="https://m.media-amazon.com/images/I/31Z7+iKhAKL._SL500_.jpg" alt="Product Image"></a><p>Lansinoh Washable Nursing Pads, Made with Organic Bamboo Viscose, Reusable Breast Pads for Breastfeeding with Wash Bag, Breastfeeding Essentials, 10 Count</p><p> -11% 0FF </p><p>$14.28</p><a href="https://www.amazon.com/dp/B0DB3G8G37?tag=eloabder-20&linkCode=osi&th=1&psc=1">View Product</a></div>
<div class="product"><a href="https://www.amazon.com/dp/B09T6V8YH2?tag=eloabder-20&linkCode=osi&th=1&psc=1"><img src="https://m.media-amazon.com/images/I/21knizL1Y1L._SL500_.jpg" alt="Product Image"></a><p>Nursing Pillow and Positioner with Cover for Breastfeeding and Bottle Feeding, Propping Baby, Tummy Time, Baby Sitting Support, Awake-Time Support (Pillow Only, 22" x 17.7" x 5.9")</p><p> -32% 0FF </p><p>$20.49</p><a href="https://www.amazon.com/dp/B09T6V8YH2?tag=eloabder-20&linkCode=osi&th=1&psc=1">View Product</a></div>
<div class="product"><a href="https://www.amazon.com/dp/B00B7TCX0I?tag=eloabder-20&linkCode=osi&th=1&psc=1"><img src="https://m.media-amazon.com/images/I/51n0rXJe9iL._SL500_.jpg" alt="Product Image"></a><p>Leading Lady Women's Nursing Tank Stylish Cami with Inner Shelf Bra, Black Stripe, Large</p><p> -59% 0FF </p><p>$13.98</p><a href="https://www.amazon.com/dp/B00B7TCX0I?tag=eloabder-20&linkCode=osi&th=1&psc=1">View Product</a></div><div class="product"><a href="https://www.amazon.com/dp/B07K72T7Q3?tag=eloabder-20&linkCode=osi&th=1&psc=1"><img src="https://m.media-amazon.com/images/I/31J5oWrxf6L._SL500_.jpg" alt="Product Image"></a><p>Lansinoh Reusable Nursing Pads, Nursing Essentials for Breastfeeding Mothers, 4 Absorbent Nursing Pads With Mesh Wash Bag, White Pads</p><p> -25% 0FF </p><p>$11.99</p><a href="https://www.amazon.com/dp/B07K72T7Q3?tag=eloabder-20&linkCode=osi&th=1&psc=1">View Product</a></div>

<div class="product"><a href="https://www.amazon.com/dp/B086134T3T?tag=eloabder-20&linkCode=osi&th=1&psc=1"><img src="https://m.media-amazon.com/images/I/41KhXKDGe-L._SL500_.jpg" alt="Product Image"></a><p>4our Kiddies Baby-Proof Outlet Covers (60 Pack) - Child Safety Electric Plug Protectors to Prevent Power Shock</p><p> -23% 0FF </p><p>$9.99</p><a href="https://www.amazon.com/dp/B086134T3T?tag=eloabder-20&linkCode=osi&th=1&psc=1">View Product</a></div><div class="product"><a href="https://www.amazon.com/dp/B08FBNKDKB?tag=eloabder-20&linkCode=osi&th=1&psc=1"><img src="https://m.media-amazon.com/images/I/318PTNFomwL._SL500_.jpg" alt="Product Image"></a><p>Outlet Cover Box for Child Safety (2 Pack) Duplex & Decorator Electrical Outlet Plates, Concealed Access Buttons, and Spacious Compartment - Jool Baby</p><p> -35% 0FF </p><p>$14.99</p><a href="https://www.amazon.com/dp/B08FBNKDKB?tag=eloabder-20&linkCode=osi&th=1&psc=1">View Product</a></div>
<div class="product"><a href="https://www.amazon.com/dp/B07TDN9MKC?tag=eloabder-20&linkCode=osi&th=1&psc=1"><img src="https://m.media-amazon.com/images/I/41K55mCBTsL._SL500_.jpg" alt="Product Image"></a><p>Philips Avent Soothie Orthodontic Baby Pacifiers, 100% Silicone Pacifiers, One Piece, BPA-Free, for Babies 0-3 Months, Green, 4 Pack, Model SCF190/41</p><p> -25% 0FF </p><p>$8.94</p><a href="https://www.amazon.com/dp/B07TDN9MKC?tag=eloabder-20&linkCode=osi&th=1&psc=1">View Product</a></div><div class="product"><a href="https://www.amazon.com/dp/B08177ZPKM?tag=eloabder-20&linkCode=osi&th=1&psc=1"><img src="https://m.media-amazon.com/images/I/41+0ETqpizL._SL500_.jpg" alt="Product Image"></a><p>Tommee Tippee Ultra-Light Silicone Pacifier, 0-6 Months, Symmetrical One-Piece Design, BPA-Free Silicone Binkies, Clear/Blue/Green, Pack of 4</p><p> -38% 0FF </p><p>$10.39</p><a href="https://www.amazon.com/dp/B08177ZPKM?tag=eloabder-20&linkCode=osi&th=1&psc=1">View Product</a></div><div class="product"><a href="https://www.amazon.com/dp/B09XJJB478?tag=eloabder-20&linkCode=osi&th=1&psc=1"><img src="https://m.media-amazon.com/images/I/31vbtPyMOGL._SL500_.jpg" alt="Product Image"></a><p>Dr. Brown's HappyPaci 100% Silicone Baby Pacifier, Contoured One-Piece Design, White, Blue, Light Blue, 0-6m, BPA-Free, 3 Pack</p><p> -17% 0FF </p><p>$4.97</p><a href="https://www.amazon.com/dp/B09XJJB478?tag=eloabder-20&linkCode=osi&th=1&psc=1">View Product</a></div><div class="product"><a href="https://www.amazon.com/dp/B09F6YC4MS?tag=eloabder-20&linkCode=osi&th=1&psc=1"><img src="https://m.media-amazon.com/images/I/31j7FmFh-9L._SL500_.jpg" alt="Product Image"></a><p>Itzy Ritzy Natural Rubber Pacifiers, Set of 2 – Natural Rubber Newborn Pacifiers with Cherry-Shaped Nipple & Large Air Holes for Added Safety; Set of 2 in Coconut & Toast, Ages 0 – 6 Months</p><p> -10% 0FF </p><p>$8.97</p><a href="https://www.amazon.com/dp/B09F6YC4MS?tag=eloabder-20&linkCode=osi&th=1&psc=1">View Product</a></div><div class="product"><a href="https://www.amazon.com/dp/B0835TX9TH?tag=eloabder-20&linkCode=osi&th=1&psc=1"><img src="https://m.media-amazon.com/images/I/413oViQleDL._SL500_.jpg" alt="Product Image"></a><p>NUK Orthodontic Pacifier Value Pack</p><p> -48% 0FF </p><p>$6.29</p><a href="https://www.amazon.com/dp/B0835TX9TH?tag=eloabder-20&linkCode=osi&th=1&psc=1">View Product</a></div><div class="product"><a href="https://www.amazon.com/dp/B0BJ4Q64L9?tag=eloabder-20&linkCode=osi&th=1&psc=1"><img src="https://m.media-amazon.com/images/I/31T4DaO7KeL._SL500_.jpg" alt="Product Image"></a><p>Tommee Tippee Ultra-light Silicone Pacifier, Symmetrical One-Piece Design, BPA-Free Silicone Binkies, 6-18 months, Pack of 4 Pacifiers</p><p> -32% 0FF </p><p>$11.51</p><a href="https://www.amazon.com/dp/B0BJ4Q64L9?tag=eloabder-20&linkCode=osi&th=1&psc=1">View Product</a></div><div class="product"><a href="https://www.amazon.com/dp/B0C5B1SLFL?tag=eloabder-20&linkCode=osi&th=1&psc=1"><img src="https://m.media-amazon.com/images/I/41XLQFTsedL._SL500_.jpg" alt="Product Image"></a><p>Philips Avent Ultra Soft Pacifier - 4 x Soft and Flexible Baby Pacifiers for Babies Aged 0-6 Months, BPA Free with Sterilizer Carry Case, SCF091/23</p><p> -7% 0FF </p><p>$12.94</p><a href="https://www.amazon.com/dp/B0C5B1SLFL?tag=eloabder-20&linkCode=osi&th=1&psc=1">View Product</a></div><div class="product"><a href="https://www.amazon.com/dp/B09H7LR2K2?tag=eloabder-20&linkCode=osi&th=1&psc=1"><img src="https://m.media-amazon.com/images/I/31J6KoAN3IL._SL500_.jpg" alt="Product Image"></a><p>MAM Original Start Matte Newborn Baby Pacifier, Best Pacifier for Breastfed Babies, Sterilizer Case, Girl, 0-3 Months (Pack of 2)</p><p> -38% 0FF </p><p>$4.99</p><a href="https://www.amazon.com/dp/B09H7LR2K2?tag=eloabder-20&linkCode=osi&th=1&psc=1">View Product</a></div>
<div class="product"><a href="https://www.amazon.com/dp/B0C98MM24R?tag=eloabder-20&linkCode=osi&th=1&psc=1"><img src="https://m.media-amazon.com/images/I/411zeOj8dIL._SL500_.jpg" alt="Product Image"></a><p>Silicone Pacifier Clip, Seposeve Pack of 3 Baby Pacifier Teether Clip with 4 Texture, Soft Flexible Silicone Pacifier Leashes & Cases for Boy and Girl, Keeps Pacifier Clean, Purple Pink White</p><p> -29% 0FF </p><p>$4.99</p><a href="https://www.amazon.com/dp/B0C98MM24R?tag=eloabder-20&linkCode=osi&th=1&psc=1">View Product</a></div><div class="product"><a href="https://www.amazon.com/dp/B0828BFK15?tag=eloabder-20&linkCode=osi&th=1&psc=1"><img src="https://m.media-amazon.com/images/I/41OXr2mKwYL._SL500_.jpg" alt="Product Image"></a><p>PandaEar Baby Pacifier Clips Solid Color, 4 Pack Universal Holder Leash for Boys and Girls, Teething Toys Teethers (Neutral)</p><p> -17% 0FF </p><p>$4.98</p><a href="https://www.amazon.com/dp/B0828BFK15?tag=eloabder-20&linkCode=osi&th=1&psc=1">View Product</a></div>
<div class="product"><a href="https://www.amazon.com/dp/B09JCJKMF2?tag=eloabder-20&linkCode=osi&th=1&psc=1"><img src="https://m.media-amazon.com/images/I/21hMAxonL8L._SL500_.jpg" alt="Product Image"></a><p>Ubbi On-The-Go Dual Pacifier Holder, Keep's Baby's Binkies Clean and Accessible, Portable for Travel, Diaper Bag Accessory Must Have for Newborns, Sage Green</p><p> -17% 0FF </p><p>$4.99</p><a href="https://www.amazon.com/dp/B09JCJKMF2?tag=eloabder-20&linkCode=osi&th=1&psc=1">View Product</a></div><div class="product"><a href="https://www.amazon.com/dp/B0BG8J1JJR?tag=eloabder-20&linkCode=osi&th=1&psc=1"><img src="https://m.media-amazon.com/images/I/31fDalcDyyL._SL500_.jpg" alt="Product Image"></a><p>PandaEar Pacifier Nipple Holder Case Container Boxes (4 Pack)| Universal Accessories Holders| Travel Cases| BPA Free</p><p> -17% 0FF </p><p>$4.95</p><a href="https://www.amazon.com/dp/B0BG8J1JJR?tag=eloabder-20&linkCode=osi&th=1&psc=1">View Product</a></div>
<div class="product"><a href="https://www.amazon.com/dp/B08625PRQL?tag=eloabder-20&linkCode=osi&th=1&psc=1"><img src="https://m.media-amazon.com/images/I/31PUIalU9CL._SL500_.jpg" alt="Product Image"></a><p>GROWNSY Pacifier Sanitizer Portable, UV Light Sanitizer on The Go, USB Charging Sanitizer Case, Mini Pacifier Sanitizer 99.99% Cleaned in 59 Seconds (White)</p><p> -10% 0FF </p><p>$26.95</p><a href="https://www.amazon.com/dp/B08625PRQL?tag=eloabder-20&linkCode=osi&th=1&psc=1">View Product</a></div><div class="product"><a href="https://www.amazon.com/dp/B0035LQNNE?tag=eloabder-20&linkCode=osi&th=1&psc=1"><img src="https://m.media-amazon.com/images/I/41DJ3x+h47L._SL500_.jpg" alt="Product Image"></a><p>Dr. Brown's Microwave Steam Sterilizer Bags for Baby Bottles, Pacifiers, Pump Parts and Accessories, Travel Baby Bottle Sterilizer, 30 Uses per Bag, 5 Count (Pack of 1)</p><p> -40% 0FF </p><p>$5.99</p><a href="https://www.amazon.com/dp/B0035LQNNE?tag=eloabder-20&linkCode=osi&th=1&psc=1">View Product</a></div>
<div class="product"><a href="https://www.amazon.com/dp/B0CRF9L25B?tag=eloabder-20&linkCode=osi&th=1&psc=1"><img src="https://m.media-amazon.com/images/I/41WW0AQ61YL._SL500_.jpg" alt="Product Image"></a><p>Comfy Cubs Baby Play Gym Set, Wooden Baby Playgym, Interactive Activity Center Hanging Bar with Gym Toys, Foldable for Infants, Newborn Gift for Baby Girl and Boy</p><p> -33% 0FF </p><p>$39.99</p><a href="https://www.amazon.com/dp/B0CRF9L25B?tag=eloabder-20&linkCode=osi&th=1&psc=1">View Product</a></div>
<div class="product"><a href="https://www.amazon.com/dp/B0BCVRHFX8?tag=eloabder-20&linkCode=osi&th=1&psc=1"><img src="https://m.media-amazon.com/images/I/41EoxD6Jb4L._SL500_.jpg" alt="Product Image"></a><p>Baby Playpen,Playpen, Playpen for Babies and Toddlers, Play Pen for Kids, Play Pens for Babies and Toddlers for Apartment (47 * 47 inch Grey with mat)</p><p> -23% 0FF </p><p>$46.21</p><a href="https://www.amazon.com/dp/B0BCVRHFX8?tag=eloabder-20&linkCode=osi&th=1&psc=1">View Product</a></div><div class="product"><a href="https://www.amazon.com/dp/B0BR7NFYTV?tag=eloabder-20&linkCode=osi&th=1&psc=1"><img src="https://m.media-amazon.com/images/I/41fdC8D+84L._SL500_.jpg" alt="Product Image"></a><p>COMOMY Playpens for Babies and Toddlers, Small Baby Play Pens, Activity Center for Baby Safe and Non-Slip Baby Fence, Full Mesh Design, Indoor & Outdoor Kids Activity Center (Dark Grey, 36"x36")</p><p> -20% 0FF </p><p>$39.99</p><a href="https://www.amazon.com/dp/B0BR7NFYTV?tag=eloabder-20&linkCode=osi&th=1&psc=1">View Product</a></div><div class="product"><a href="https://www.amazon.com/dp/B09ZDQ3C2Y?tag=eloabder-20&linkCode=osi&th=1&psc=1"><img src="https://m.media-amazon.com/images/I/41cGSa5tbrL._SL500_.jpg" alt="Product Image"></a><p>Pamo Babe Portable Crib Baby Playpen with Mattress and Carry Bag (Grey)</p><p> -29% 0FF </p><p>$48.99</p><a href="https://www.amazon.com/dp/B09ZDQ3C2Y?tag=eloabder-20&linkCode=osi&th=1&psc=1">View Product</a></div><div class="product"><a href="https://www.amazon.com/dp/B08BT16TH5?tag=eloabder-20&linkCode=osi&th=1&psc=1"><img src="https://m.media-amazon.com/images/I/41T3gWQReTL._SL500_.jpg" alt="Product Image"></a><p>Dream On Me Nest Portable Playard in Black with Carrybag an Shoulder Strap, Lightweight, Packable and Easy Setup Baby Playard, Breathable Mesh Sides and Soft Fabric - Comes with a Removable Padded Mat</p><p> -29% 0FF </p><p>$49.99</p><a href="https://www.amazon.com/dp/B08BT16TH5?tag=eloabder-20&linkCode=osi&th=1&psc=1">View Product</a></div>
<div class="product"><a href="https://www.amazon.com/dp/B07964SFW4?tag=eloabder-20&linkCode=osi&th=1&psc=1"><img src="https://m.media-amazon.com/images/I/415S7evTplL._SL500_.jpg" alt="Product Image"></a><p>Baby Trend Lil' Snooze Deluxe II Nursery Center, Twinkle Twinkle Little Moon</p><p> -10% 0FF </p><p>$89.99</p><a href="https://www.amazon.com/dp/B07964SFW4?tag=eloabder-20&linkCode=osi&th=1&psc=1">View Product</a></div><div class="product"><a href="https://www.amazon.com/dp/B0BMFQFZSH?tag=eloabder-20&linkCode=osi&th=1&psc=1"><img src="https://m.media-amazon.com/images/I/41tYFE0RalL._SL500_.jpg" alt="Product Image"></a><p>Pamo Babe Deluxe Nursery Center, Foldable Playard for Baby & Toddler, Bassinet, Mattress, Changing Table for Newborn(Black)</p><p> -22% 0FF </p><p>$155.99</p><a href="https://www.amazon.com/dp/B0BMFQFZSH?tag=eloabder-20&linkCode=osi&th=1&psc=1">View Product</a></div><div class="product"><a href="https://www.amazon.com/dp/B07HYV86RH?tag=eloabder-20&linkCode=osi&th=1&psc=1"><img src="https://m.media-amazon.com/images/I/41GWwVT9TQL._SL500_.jpg" alt="Product Image"></a><p>Baby Trend Trend-E Nursery Center® Playard, April</p><p> -20% 0FF </p><p>$79.99</p><a href="https://www.amazon.com/dp/B07HYV86RH?tag=eloabder-20&linkCode=osi&th=1&psc=1">View Product</a></div>
<div class="product"><a href="https://www.amazon.com/dp/B0BZQGQVD1?tag=eloabder-20&linkCode=osi&th=1&psc=1"><img src="https://m.media-amazon.com/images/I/41DuYrM0FML._SL500_.jpg" alt="Product Image"></a><p>Kopi Baby Portable Diaper Changing Pad - Baby Changing Pad & Diaper Changer Travel Bag, Smart Design Baby Changing Mat, Portable Changing Pad for Baby - Baby Changing Station, Infant Gift - Grey</p><p> -31% 0FF </p><p>$26.99</p><a href="https://www.amazon.com/dp/B0BZQGQVD1?tag=eloabder-20&linkCode=osi&th=1&psc=1">View Product</a></div><div class="product"><a href="https://www.amazon.com/dp/B085PXT49C?tag=eloabder-20&linkCode=osi&th=1&psc=1"><img src="https://m.media-amazon.com/images/I/51vXCxx-lHL._SL500_.jpg" alt="Product Image"></a><p>Portable Changing Pad for Baby|Travel Baby Changing Pads for Moms, Dads|Waterproof Portable Changing Mat with Built-in Pillow|Excellent Baby Shower/Registry Gifts</p><p> -19% 0FF </p><p>$12.99</p><a href="https://www.amazon.com/dp/B085PXT49C?tag=eloabder-20&linkCode=osi&th=1&psc=1">View Product</a></div><div class="product"><a href="https://www.amazon.com/dp/B082FZ4232?tag=eloabder-20&linkCode=osi&th=1&psc=1"><img src="https://m.media-amazon.com/images/I/51beBs2MbBL._SL500_.jpg" alt="Product Image"></a><p>First Landings Portable Diaper Changing Pad - Convenient Travel Changing Pad and Wipe Holder - Portable Changing Pad - Navy</p><p> -58% 0FF </p><p>$9.99</p><a href="https://www.amazon.com/dp/B082FZ4232?tag=eloabder-20&linkCode=osi&th=1&psc=1">View Product</a></div><div class="product"><a href="https://www.amazon.com/dp/B08N4W4CFC?tag=eloabder-20&linkCode=osi&th=1&psc=1"><img src="https://m.media-amazon.com/images/I/51vHXXugc9L._SL500_.jpg" alt="Product Image"></a><p>Portable Diaper Changing Pad for Baby, Detachable Travel Changing Pad with Baby Wipes Pocket, Gifts for Baby Shower, Newborn Girls and Boys (Grey)</p><p> -29% 0FF </p><p>$19.79</p><a href="https://www.amazon.com/dp/B08N4W4CFC?tag=eloabder-20&linkCode=osi&th=1&psc=1">View Product</a></div><div class="product"><a href="https://www.amazon.com/dp/B0CM9ZDFT7?tag=eloabder-20&linkCode=osi&th=1&psc=1"><img src="https://m.media-amazon.com/images/I/511OkyACRAL._SL500_.jpg" alt="Product Image"></a><p>Portable Changing Pad for Baby, Travel Diaper Changing Pad for Newborn, Large Waterproof Baby Changing Mat, Foldable & Detachable Diaper Changing Station with Baby Wipes Pockets, Baby Stuff by Pillani</p><p> -37% 0FF </p><p>$18.99</p><a href="https://www.amazon.com/dp/B0CM9ZDFT7?tag=eloabder-20&linkCode=osi&th=1&psc=1">View Product</a></div>
<div class="product"><a href="https://www.amazon.com/dp/B00AKKDSNG?tag=eloabder-20&linkCode=osi&th=1&psc=1"><img src="https://m.media-amazon.com/images/I/51nqUmC7OaL._SL500_.jpg" alt="Product Image"></a><p>Guava Lotus Travel Crib with Lightweight Backpack Design | Certified Baby Safe Portable Crib | Folding Play Yard with Comfy Mattress for Babies & Toddlers | Compact Baby Travel Bed</p><p> -18% 0FF </p><p>$229.95</p><a href="https://www.amazon.com/dp/B00AKKDSNG?tag=eloabder-20&linkCode=osi&th=1&psc=1">View Product</a></div><div class="product"><a href="https://www.amazon.com/dp/B07RZQC1T1?tag=eloabder-20&linkCode=osi&th=1&psc=1"><img src="https://m.media-amazon.com/images/I/41EMWNVnnYL._SL500_.jpg" alt="Product Image"></a><p>Pamo Babe Portable Crib for Baby, Portable Baby Playpen with Bassinet and Changing Table</p><p> -15% 0FF </p><p>$109.99</p><a href="https://www.amazon.com/dp/B07RZQC1T1?tag=eloabder-20&linkCode=osi&th=1&psc=1">View Product</a></div><div class="product"><a href="https://www.amazon.com/dp/B01F9FLEL4?tag=eloabder-20&linkCode=osi&th=1&psc=1"><img src="https://m.media-amazon.com/images/I/51HNrjQ09pL._SL500_.jpg" alt="Product Image"></a><p>Baby Trend Nursery Center® Playard, Tanzania</p><p> -20% 0FF </p><p>$79.99</p><a href="https://www.amazon.com/dp/B01F9FLEL4?tag=eloabder-20&linkCode=osi&th=1&psc=1">View Product</a></div>
<div class="product"><a href="https://www.amazon.com/dp/B0CXY9DDW9?tag=eloabder-20&linkCode=osi&th=1&psc=1"><img src="https://m.media-amazon.com/images/I/31MFNOwDz8L._SL500_.jpg" alt="Product Image"></a><p>Bluey Playtime Floor Potty Trainer w/Sound</p><p> -20% 0FF </p><p>$31.99</p><a href="https://www.amazon.com/dp/B0CXY9DDW9?tag=eloabder-20&linkCode=osi&th=1&psc=1">View Product</a></div>


<div class="product"><a href="https://www.amazon.com/dp/B0CD42KQ3K?tag=eloabder-20&linkCode=osi&th=1&psc=1"><img src="https://m.media-amazon.com/images/I/41c9zvmFrLL._SL500_.jpg" alt="Product Image"></a><p>TOHIBEE Baby Montessori Sensory Toys for 0-6 6-12 Months, Food Grade Teething Toys for Babies 0 3 6 9 12 18 Months, Newborn Infant Learning Developmental Toys Gifts for 1 2 Year Old Boys Girls</p><p> -50% 0FF </p><p>$9.99</p><a href="https://www.amazon.com/dp/B0CD42KQ3K?tag=eloabder-20&linkCode=osi&th=1&psc=1">View Product</a></div><div class="product"><a href="https://www.amazon.com/dp/B0CNNZKL6Z?tag=eloabder-20&linkCode=osi&th=1&psc=1"><img src="https://m.media-amazon.com/images/I/419qSwSFEIL._SL500_.jpg" alt="Product Image"></a><p>MIUXUESO 3 Pcs Baby Flower Headbands Baby Girls Nylon Headbands Soft Hairbands Hair Accessories for Newborn Infant Toddler Kids (Beige Pink Khaki)</p><p> -11% 0FF </p><p>$8.89 ($2.96 / Count)</p><a href="https://www.amazon.com/dp/B0CNNZKL6Z?tag=eloabder-20&linkCode=osi&th=1&psc=1">View Product</a></div><div class="product"><a href="https://www.amazon.com/dp/B0CRLDXBYN?tag=eloabder-20&linkCode=osi&th=1&psc=1"><img src="https://m.media-amazon.com/images/I/51U5mzLT4CL._SL500_.jpg" alt="Product Image"></a><p>Cute Castle Baby Sleep Sack 0-6 Months - Lightweight 100% Cotton 2-Way Zipper TOG 0.5 Infant Wearable Blanket, Newborn Essentials Toddler Sleep Clothes (3 Pack Green)</p><p> -41% 0FF </p><p>$26.98</p><a href="https://www.amazon.com/dp/B0CRLDXBYN?tag=eloabder-20&linkCode=osi&th=1&psc=1">View Product</a></div><div class="product"><a href="https://www.amazon.com/dp/B0CNSPHBBG?tag=eloabder-20&linkCode=osi&th=1&psc=1"><img src="https://m.media-amazon.com/images/I/41KtLZ6dp3L._SL500_.jpg" alt="Product Image"></a><p>Arnzion Baby Hooded Towels for Babies and Toddlers, Muslin Baby Bath Towel Soft and Absorbent for Boys and Girls (Dark Grey 1 Pack)</p><p> -10% 0FF </p><p>$8.99</p><a href="https://www.amazon.com/dp/B0CNSPHBBG?tag=eloabder-20&linkCode=osi&th=1&psc=1">View Product</a></div><div class="product"><a href="https://www.amazon.com/dp/B0C6Y89H47?tag=eloabder-20&linkCode=osi&th=1&psc=1"><img src="https://m.media-amazon.com/images/I/41SIANIdhkL._SL500_.jpg" alt="Product Image"></a><p>HelloBaby Upgrade 5’’ Baby Monitor with 26-Hour Battery, 2 Cameras Pan-Tilt-Zoom, 1000ft Range Video Audio Baby Monitor No WiFi, VOX, Night Vision, 2-Way Talk, 8 Lullabies and Temperature</p><p> -22% 0FF </p><p>$139.99</p><a href="https://www.amazon.com/dp/B0C6Y89H47?tag=eloabder-20&linkCode=osi&th=1&psc=1">View Product</a></div><div class="product"><a href="https://www.amazon.com/dp/B0CLGCN5ZS?tag=eloabder-20&linkCode=osi&th=1&psc=1"><img src="https://m.media-amazon.com/images/I/41PuaWmW8rL._SL500_.jpg" alt="Product Image"></a><p>Momcozy Baby Carrier Newborn to Toddler - Ergonomic, Cozy and Lightweight Infant Carrier for 7-44lbs, Effortless to Put On, Ideal for Hands-Free Parenting, Enhanced Lumbar Support, Khaki</p><p> -7% 0FF </p><p>$64.99</p><a href="https://www.amazon.com/dp/B0CLGCN5ZS?tag=eloabder-20&linkCode=osi&th=1&psc=1">View Product</a></div>
<div class="product"><a href="https://www.amazon.com/dp/B09B94C44F?tag=eloabder-20&linkCode=osi&th=1&psc=1"><img src="https://m.media-amazon.com/images/I/41mrmM0elVL._SL500_.jpg" alt="Product Image"></a><p>Fisher-Price Baby to Toddler Learning Toy 2-in-1 Like a Boss Activity Center and Play Table with Lights Music and Sounds</p><p> -33% 0FF </p><p>$73.99</p><a href="https://www.amazon.com/dp/B09B94C44F?tag=eloabder-20&linkCode=osi&th=1&psc=1">View Product</a></div><div class="product"><a href="https://www.amazon.com/dp/B08D8RSLXW?tag=eloabder-20&linkCode=osi&th=1&psc=1"><img src="https://m.media-amazon.com/images/I/41CTM7vmqIL._SL500_.jpg" alt="Product Image"></a><p>Smart Steps® Bounce N’ Play 3-in-1 Activity Center, Woodland Walk</p><p> -14% 0FF </p><p>$59.99</p><a href="https://www.amazon.com/dp/B08D8RSLXW?tag=eloabder-20&linkCode=osi&th=1&psc=1">View Product</a></div><div class="product"><a href="https://www.amazon.com/dp/B08WQB3JQW?tag=eloabder-20&linkCode=osi&th=1&psc=1"><img src="https://m.media-amazon.com/images/I/413UkTCXRJL._SL500_.jpg" alt="Product Image"></a><p>Smart Steps® 3-in-1 Bounce N' Play Activity Center Plus with STEM Learning Toys, Tike Hike</p><p> -33% 0FF </p><p>$59.99</p><a href="https://www.amazon.com/dp/B08WQB3JQW?tag=eloabder-20&linkCode=osi&th=1&psc=1">View Product</a></div><div class="product"><a href="https://www.amazon.com/dp/B0B5JJGGTC?tag=eloabder-20&linkCode=osi&th=1&psc=1"><img src="https://m.media-amazon.com/images/I/41hewN3eW6L._SL500_.jpg" alt="Product Image"></a><p>Fisher-Price Baby to Toddler Toy 3-in-1 SnugaPuppy Activity Center and Play Table with Lights Sounds and Developmental Activities</p><p> -23% 0FF </p><p>$99.99</p><a href="https://www.amazon.com/dp/B0B5JJGGTC?tag=eloabder-20&linkCode=osi&th=1&psc=1">View Product</a></div><div class="product"><a href="https://www.amazon.com/dp/B07BF1V8K8?tag=eloabder-20&linkCode=osi&th=1&psc=1"><img src="https://m.media-amazon.com/images/I/51kWbX5t3FL._SL500_.jpg" alt="Product Image"></a><p>Battat - Activity Cube With Farm Theme - Educational Wooden Toys For Toddlers And Kids - 1 Year +</p><p> -42% 0FF </p><p>$59.95</p><a href="https://www.amazon.com/dp/B07BF1V8K8?tag=eloabder-20&linkCode=osi&th=1&psc=1">View Product</a></div>
<div class="product"><a href="https://www.amazon.com/dp/B07MPCCDM7?tag=eloabder-20&linkCode=osi&th=1&psc=1"><img src="https://m.media-amazon.com/images/I/414WzjZL6XL._SL500_.jpg" alt="Product Image"></a><p>Baby Einstein 4-in-1 Kickin' Tunes Music and Language Play Gym and Piano Tummy Time Activity Mat</p><p> -20% 0FF </p><p>$39.98</p><a href="https://www.amazon.com/dp/B07MPCCDM7?tag=eloabder-20&linkCode=osi&th=1&psc=1">View Product</a></div><div class="product"><a href="https://www.amazon.com/dp/B0793D9WBY?tag=eloabder-20&linkCode=osi&th=1&psc=1"><img src="https://m.media-amazon.com/images/I/51SJobuKTzL._SL500_.jpg" alt="Product Image"></a><p>Fisher-Price Baby Playmat Deluxe Kick & Play Piano Gym, Green Musical Learning Toy with 2 Rattle Maracas for Developmental Play Newborns 0+ Months</p><p> -18% 0FF </p><p>$49.49</p><a href="https://www.amazon.com/dp/B0793D9WBY?tag=eloabder-20&linkCode=osi&th=1&psc=1">View Product</a></div><div class="product"><a href="https://www.amazon.com/dp/B0B5JXBMZJ?tag=eloabder-20&linkCode=osi&th=1&psc=1"><img src="https://m.media-amazon.com/images/I/51zfjAIFbcL._SL500_.jpg" alt="Product Image"></a><p>Fisher-Price Baby Playmat Kick & Play Piano Gym with Musical and Sensory Toys for Newborn to Toddler, Navy Fawn</p><p> -27% 0FF </p><p>$39.88</p><a href="https://www.amazon.com/dp/B0B5JXBMZJ?tag=eloabder-20&linkCode=osi&th=1&psc=1">View Product</a></div><div class="product"><a href="https://www.amazon.com/dp/B0036RKGHQ?tag=eloabder-20&linkCode=osi&th=1&psc=1"><img src="https://m.media-amazon.com/images/I/51ciJPgVi-L._SL500_.jpg" alt="Product Image"></a><p>Bright Starts Disney Baby Finding Nemo Mr. Ray Ocean Lights & Music Gym, Ages Newborn +</p><p> -18% 0FF </p><p>$69.98</p><a href="https://www.amazon.com/dp/B0036RKGHQ?tag=eloabder-20&linkCode=osi&th=1&psc=1">View Product</a></div>
<div class="product"><a href="https://www.amazon.com/dp/B0C8HGTL8Y?tag=eloabder-20&linkCode=osi&th=1&psc=1"><img src="https://m.media-amazon.com/images/I/41JRClg8WzL._SL500_.jpg" alt="Product Image"></a><p>Baby Trend Everlast 7-in-1 High Chair, Charcoal Stone</p><p> -50% 0FF </p><p>$49.99</p><a href="https://www.amazon.com/dp/B0C8HGTL8Y?tag=eloabder-20&linkCode=osi&th=1&psc=1">View Product</a></div><div class="product"><a href="https://www.amazon.com/dp/B08DY55SQZ?tag=eloabder-20&linkCode=osi&th=1&psc=1"><img src="https://m.media-amazon.com/images/I/31Gi5M2n0TL._SL500_.jpg" alt="Product Image"></a><p>Evenflo 4-in-1 Eat & Grow Convertible High Chair,Polyester</p><p> -9% 0FF </p><p>$62.99</p><a href="https://www.amazon.com/dp/B08DY55SQZ?tag=eloabder-20&linkCode=osi&th=1&psc=1">View Product</a></div><div class="product"><a href="https://www.amazon.com/dp/B0BDSWVGJN?tag=eloabder-20&linkCode=osi&th=1&psc=1"><img src="https://m.media-amazon.com/images/I/31RKzujFVpL._SL500_.jpg" alt="Product Image"></a><p>Graco EveryStep 6 in 1 High Chair, Babies and Toddlers Portable Slim High Chair with 6 Growing Stages from Infant to Toddler Seating, Convenient for Dining Time, Featured Design in Misty</p><p> -12% 0FF </p><p>$176.99</p><a href="https://www.amazon.com/dp/B0BDSWVGJN?tag=eloabder-20&linkCode=osi&th=1&psc=1">View Product</a></div><div class="product"><a href="https://www.amazon.com/dp/B0DFGSY7D2?tag=eloabder-20&linkCode=osi&th=1&psc=1"><img src="https://m.media-amazon.com/images/I/41LuMCYsLxL._SL500_.jpg" alt="Product Image"></a><p>High Chair,IJHIJH Baby High Chair,Foldable High Chair,High Chair for Babies and Toddlers,Double-Layer Large Tray,Backrest and Height Adjustable,5-Point Safety Belt,Non-Slip Mat,Space Saving</p><p> -23% 0FF </p><p>$99.99</p><a href="https://www.amazon.com/dp/B0DFGSY7D2?tag=eloabder-20&linkCode=osi&th=1&psc=1">View Product</a></div><div class="product"><a href="https://www.amazon.com/dp/B01MRVWGJH?tag=eloabder-20&linkCode=osi&th=1&psc=1"><img src="https://m.media-amazon.com/images/I/41HxUVOWn-L._SL500_.jpg" alt="Product Image"></a><p>Cosco Simple Fold Full Size High Chair With Adjustable Tray, 28.5x23.5x38.7 Inch (Pack of 1)</p><p> -23% 0FF </p><p>$49.99</p><a href="https://www.amazon.com/dp/B01MRVWGJH?tag=eloabder-20&linkCode=osi&th=1&psc=1">View Product</a></div><div class="product"><a href="https://www.amazon.com/dp/B0B1QRSXW9?tag=eloabder-20&linkCode=osi&th=1&psc=1"><img src="https://m.media-amazon.com/images/I/41k+dOKhnqL._SL500_.jpg" alt="Product Image"></a><p>Baby Trend Sit Right 2.0 3-in-1 High Chair - Cozy Grey</p><p> -25% 0FF </p><p>$59.99</p><a href="https://www.amazon.com/dp/B0B1QRSXW9?tag=eloabder-20&linkCode=osi&th=1&psc=1">View Product</a></div><div class="product"><a href="https://www.amazon.com/dp/B08HKPPJPV?tag=eloabder-20&linkCode=osi&th=1&psc=1"><img src="https://m.media-amazon.com/images/I/31cMtIzV9lL._SL500_.jpg" alt="Product Image"></a><p>Graco® Table2Table LX 6-in-1 Highchair, Arrows with Infant Head Support & One-Hand Removable Tray</p><p> -16% 0FF </p><p>$100.99</p><a href="https://www.amazon.com/dp/B08HKPPJPV?tag=eloabder-20&linkCode=osi&th=1&psc=1">View Product</a></div><div class="product"><a href="https://www.amazon.com/dp/B07Y5RY7QT?tag=eloabder-20&linkCode=osi&th=1&psc=1"><img src="https://m.media-amazon.com/images/I/31IiUCIU1JL._SL500_.jpg" alt="Product Image"></a><p>Graco DuoDiner DLX 6-in-1 Highchair, Mathis</p><p> -7% 0FF </p><p>$139.99</p><a href="https://www.amazon.com/dp/B07Y5RY7QT?tag=eloabder-20&linkCode=osi&th=1&psc=1">View Product</a></div><div class="product"><a href="https://www.amazon.com/dp/B091M5MT2L?tag=eloabder-20&linkCode=osi&th=1&psc=1"><img src="https://m.media-amazon.com/images/I/31ukjyiALGL._SL500_.jpg" alt="Product Image"></a><p>Century Dine On 4-in-1 High Chair, Grows with Child with 4 Modes, Metro</p><p> -11% 0FF </p><p>$79.99</p><a href="https://www.amazon.com/dp/B091M5MT2L?tag=eloabder-20&linkCode=osi&th=1&psc=1">View Product</a></div>
<div class="product"><a href="https://www.amazon.com/dp/B000MR4IX6?tag=eloabder-20&linkCode=osi&th=1&psc=1"><img src="https://m.media-amazon.com/images/I/31QxBnnFyKL._SL500_.jpg" alt="Product Image"></a><p>Crane Adorables Ultrasonic Humidifiers for Bedroom and Baby Nursery, 1 Gallon Cool Mist Air Humidifier for Large Room or Kid's Room, Humidifier Filters Optional, Hello Kitty</p><p> -10% 0FF </p><p>$53.99</p><a href="https://www.amazon.com/dp/B000MR4IX6?tag=eloabder-20&linkCode=osi&th=1&psc=1">View Product</a></div><div class="product"><a href="https://www.amazon.com/dp/B001ADL1SG?tag=eloabder-20&linkCode=osi&th=1&psc=1"><img src="https://m.media-amazon.com/images/I/31jxnLUt3iL._SL500_.jpg" alt="Product Image"></a><p>Crane Ultrasonic Cool Mist Humidifier for Bedroom, Baby Nursery, Kids Room, Plants, or Office, Large 1 Gallon Tank, Filter Optional, Blue and White</p><p> -25% 0FF </p><p>$44.99</p><a href="https://www.amazon.com/dp/B001ADL1SG?tag=eloabder-20&linkCode=osi&th=1&psc=1">View Product</a></div><div class="product"><a href="https://www.amazon.com/dp/B089QWNQXC?tag=eloabder-20&linkCode=osi&th=1&psc=1"><img src="https://m.media-amazon.com/images/I/31SHRor76xL._SL500_.jpg" alt="Product Image"></a><p>Dr. Brown's All-in-One Sterilizer and Dryer for Baby Bottles, Parts & Other Newborn Essentials</p><p> -28% 0FF </p><p>$57.99</p><a href="https://www.amazon.com/dp/B089QWNQXC?tag=eloabder-20&linkCode=osi&th=1&psc=1">View Product</a></div><div class="product"><a href="https://www.amazon.com/dp/B008KJEYLO?tag=eloabder-20&linkCode=osi&th=1&psc=1"><img src="https://m.media-amazon.com/images/I/516vqHBFtxL._SL500_.jpg" alt="Product Image"></a><p>WaterWipes Plastic-Free Original Baby Wipes, 99.9% Water Based Wipes, Unscented & Hypoallergenic for Sensitive Skin, 60 Count (Pack of 12), Packaging May Vary</p><p> -13% 0FF </p><p>$39.97 ($5.55 / 100 Count)</p><a href="https://www.amazon.com/dp/B008KJEYLO?tag=eloabder-20&linkCode=osi&th=1&psc=1">View Product</a></div><div class="product"><a href="https://www.amazon.com/dp/B094YK9MB1?tag=eloabder-20&linkCode=osi&th=1&psc=1"><img src="https://m.media-amazon.com/images/I/31h+m99qpwL._SL500_.jpg" alt="Product Image"></a><p>Westinghouse 28-inch Cool Mist Ultrasonic Tower Humidifier, 6L Top Fill Air Humidifier with Essential Oil Diffuser, Adjustable Mist Volume for Large Bedrooms</p><p> -50% 0FF </p><p>$59.99</p><a href="https://www.amazon.com/dp/B094YK9MB1?tag=eloabder-20&linkCode=osi&th=1&psc=1">View Product</a></div>
<div class="product"><a href="https://www.amazon.com/dp/B0961KZ9X2?tag=eloabder-20&linkCode=osi&th=1&psc=1"><img src="https://m.media-amazon.com/images/I/41AUjJ8u93S._SL500_.jpg" alt="Product Image"></a><p>Philips Avent Anti-Colic Baby Bottle with AirFree Vent, 9oz, 4pk, Clear, SCY703/04</p><p> -20% 0FF </p><p>$23.99</p><a href="https://www.amazon.com/dp/B0961KZ9X2?tag=eloabder-20&linkCode=osi&th=1&psc=1">View Product</a></div><div class="product"><a href="https://www.amazon.com/dp/B00K5KVC52?tag=eloabder-20&linkCode=osi&th=1&psc=1"><img src="https://m.media-amazon.com/images/I/411dDDTfnQL._SL500_.jpg" alt="Product Image"></a><p>Tommee Tippee Natural Start Anti-Colic BPA Free Baby Bottles, 9oz, Slow-Flow Breast-Like Nipple for a Natural Latch, Designed for Seamless Transitions Between Bottle and Breast, Fiesta, Pack of 6</p><p> -44% 0FF </p><p>$23.97</p><a href="https://www.amazon.com/dp/B00K5KVC52?tag=eloabder-20&linkCode=osi&th=1&psc=1">View Product</a></div><div class="product"><a href="https://www.amazon.com/dp/B00H0DH2NS?tag=eloabder-20&linkCode=osi&th=1&psc=1"><img src="https://m.media-amazon.com/images/I/41-a1Bfp4SL._SL500_.jpg" alt="Product Image"></a><p>Lansinoh Anti-Colic Baby Bottles for Breastfeeding Babies, 5 Ounces, 3 Count, Includes 3 Slow Flow Nipples, Size S</p><p> -25% 0FF </p><p>$14.99</p><a href="https://www.amazon.com/dp/B00H0DH2NS?tag=eloabder-20&linkCode=osi&th=1&psc=1">View Product</a></div><div class="product"><a href="https://www.amazon.com/dp/B07M6QQP9Z?tag=eloabder-20&linkCode=osi&th=1&psc=1"><img src="https://m.media-amazon.com/images/I/41DGyuAuyJL._SL500_.jpg" alt="Product Image"></a><p>Dr. Brown's Natural Flow Anti-Colic Options+ Wide-Neck Glass Baby Bottles 5 oz/150 mL, with Level 1 Slow Flow Nipple, 3 Pack, 0m+</p><p> -17% 0FF </p><p>$23.99</p><a href="https://www.amazon.com/dp/B07M6QQP9Z?tag=eloabder-20&linkCode=osi&th=1&psc=1">View Product</a></div>
<div class="product"><a href="https://www.amazon.com/dp/B00MN6IGPK?tag=eloabder-20&linkCode=osi&th=1&psc=1"><img src="https://m.media-amazon.com/images/I/41QKUlWUujL._SL500_.jpg" alt="Product Image"></a><p>Pioneer Photo Albums DA-200COLB/B 200-Pocket Embossed Baby Leatherette Frame Cover Album for 4 by 6-Inch Prints, Blue</p><p> -20% 0FF </p><p>$13.58</p><a href="https://www.amazon.com/dp/B00MN6IGPK?tag=eloabder-20&linkCode=osi&th=1&psc=1">View Product</a></div><div class="product"><a href="https://www.amazon.com/dp/B09G9LD7MR?tag=eloabder-20&linkCode=osi&th=1&psc=1"><img src="https://m.media-amazon.com/images/I/41G9dvP0dRL._SL500_.jpg" alt="Product Image"></a><p>Holoary Baby Photo Album 4” x 6” 160 Photos, Newborn Baby Keepsake Gifts for Baby Boy/Girl and New Parents, Woodland Animals Design</p><p> -15% 0FF </p><p>$16.99</p><a href="https://www.amazon.com/dp/B09G9LD7MR?tag=eloabder-20&linkCode=osi&th=1&psc=1">View Product</a></div>
<div class="product"><a href="https://www.amazon.com/dp/B099FM4W4H?tag=eloabder-20&linkCode=osi&th=1&psc=1"><img src="https://m.media-amazon.com/images/I/41oW5RAdkOL._SL500_.jpg" alt="Product Image"></a><p>Frida Baby 4-in-1 Grow-with-Me Baby Bathtub, Baby Tub for Newborns to Toddler with Removable Bath Seat & Backrest for Bath Support in Tub</p><p> -9% 0FF </p><p>$49.97</p><a href="https://www.amazon.com/dp/B099FM4W4H?tag=eloabder-20&linkCode=osi&th=1&psc=1">View Product</a></div><div class="product"><a href="https://www.amazon.com/dp/B008VWVS14?tag=eloabder-20&linkCode=osi&th=1&psc=1"><img src="https://m.media-amazon.com/images/I/41SmMRWIinL._SL500_.jpg" alt="Product Image"></a><p>Angelcare Baby Bath Support (Aqua) | Ideal for Babies Less than 6 Months Old</p><p> -33% 0FF </p><p>$19.99</p><a href="https://www.amazon.com/dp/B008VWVS14?tag=eloabder-20&linkCode=osi&th=1&psc=1">View Product</a></div><div class="product"><a href="https://www.amazon.com/dp/B0856SSQ1X?tag=eloabder-20&linkCode=osi&th=1&psc=1"><img src="https://m.media-amazon.com/images/I/31uBL4LsJbL._SL500_.jpg" alt="Product Image"></a><p>Fisher-Price Baby to Toddler Bath 4-in-1 Sling ‘n Seat Tub with Removable Infant Support and 2 Toys, Pacific Pebble</p><p> -11% 0FF </p><p>$39.99</p><a href="https://www.amazon.com/dp/B0856SSQ1X?tag=eloabder-20&linkCode=osi&th=1&psc=1">View Product</a></div><div class="product"><a href="https://www.amazon.com/dp/B0BFVBMM2Y?tag=eloabder-20&linkCode=osi&th=1&psc=1"><img src="https://m.media-amazon.com/images/I/31HpHQ7IjxL._SL500_.jpg" alt="Product Image"></a><p>The First Years Renewed Baby Bath Tub - Newborn to Toddler 3-in-1 Baby Tub with Removable Sling - Made with 50% Recycled Material - 0 to 25 LBs</p><p> -10% 0FF </p><p>$26.99</p><a href="https://www.amazon.com/dp/B0BFVBMM2Y?tag=eloabder-20&linkCode=osi&th=1&psc=1">View Product</a></div><div class="product"><a href="https://www.amazon.com/dp/B08XYFMK8K?tag=eloabder-20&linkCode=osi&th=1&psc=1"><img src="https://m.media-amazon.com/images/I/41pzMRjTbyS._SL500_.jpg" alt="Product Image"></a><p>The First Years Rain Shower Baby Bathtub — Baby Spa for Newborn to Toddler — includes Convertible Bathtub and Sling with Soothing Spray — Baby Bath Essentials</p><p> -20% 0FF </p><p>$69.99</p><a href="https://www.amazon.com/dp/B08XYFMK8K?tag=eloabder-20&linkCode=osi&th=1&psc=1">View Product</a></div>
<div class="product"><a href="https://www.amazon.com/dp/B08GFCX964?tag=eloabder-20&linkCode=osi&th=1&psc=1"><img src="https://m.media-amazon.com/images/I/41WRO-OeUjL._SL500_.jpg" alt="Product Image"></a><p>PandaEar Set of 3 Silicone Baby Bibs Waterproof, Soft, Unisex, 10-72 Months (Brown/Blue/Green)</p><p> -27% 0FF </p><p>$8.45</p><a href="https://www.amazon.com/dp/B08GFCX964?tag=eloabder-20&linkCode=osi&th=1&psc=1">View Product</a></div><div class="product"><a href="https://www.amazon.com/dp/B0B152XRC4?tag=eloabder-20&linkCode=osi&th=1&psc=1"><img src="https://m.media-amazon.com/images/I/51OYlHgekxL._SL500_.jpg" alt="Product Image"></a><p>8-Pack Organic Baby Bibs for Boys, Girls - Soft Cotton Drooling and Teething Baby Bibs, Baby Girl Bibs, Baby Boy Bibs, Baby Drool Bibs for Baby Girl, Boy, Newborn Infant Bibs (Sweet Charm)</p><p> -39% 0FF </p><p>$16.96</p><a href="https://www.amazon.com/dp/B0B152XRC4?tag=eloabder-20&linkCode=osi&th=1&psc=1">View Product</a></div>
<div class="product"><a href="https://www.amazon.com/dp/B01CJABFKM?tag=eloabder-20&linkCode=osi&th=1&psc=1"><img src="https://m.media-amazon.com/images/I/41Cy6DIfuuL._SL500_.jpg" alt="Product Image"></a><p>Custom Catch Personalized Baby Blanket for Boys - Blue</p><p> -27% 0FF </p><p>$21.94</p><a href="https://www.amazon.com/dp/B01CJABFKM?tag=eloabder-20&linkCode=osi&th=1&psc=1">View Product</a></div><div class="product"><a href="https://www.amazon.com/dp/B098NY9KW8?tag=eloabder-20&linkCode=osi&th=1&psc=1"><img src="https://m.media-amazon.com/images/I/41k5gWkxQgL._SL500_.jpg" alt="Product Image"></a><p>Momcozy Muslin Swaddle Blankets, Swaddle Blanket for Baby Boys and Girls, 4-Pack Breathable and Skin-Friendly Baby Receiving Blankets Swaddle Wrap, Baby Essentials, Registry & Gift, 47 x 47 inches</p><p> -40% 0FF </p><p>$29.99</p><a href="https://www.amazon.com/dp/B098NY9KW8?tag=eloabder-20&linkCode=osi&th=1&psc=1">View Product</a></div><div class="product"><a href="https://www.amazon.com/dp/B0CNPDMD1R?tag=eloabder-20&linkCode=osi&th=1&psc=1"><img src="https://m.media-amazon.com/images/I/41P19H8j35L._SL500_.jpg" alt="Product Image"></a><p>Yurhap Fleece Baby Blanket Heart Checkered Blanket, Ultra Soft Cozy Baby Blankets for Girls Boys, Fluffy Infant Toddler Newborn Receiving Blankets for Crib Stroller 30”×40” (Light Pink)</p><p> -33% 0FF </p><p>$9.99</p><a href="https://www.amazon.com/dp/B0CNPDMD1R?tag=eloabder-20&linkCode=osi&th=1&psc=1">View Product</a></div><div class="product"><a href="https://www.amazon.com/dp/B0B3J7RYTF?tag=eloabder-20&linkCode=osi&th=1&psc=1"><img src="https://m.media-amazon.com/images/I/41xEsOQY4yL._SL500_.jpg" alt="Product Image"></a><p>Konssy Waffle Baby Blankets, Nursery Blankets for Boys Girls, Swaddle Blankets Neutral Soft Lightweight Toddler and Kids Throw Blankets(Oat)</p><p> -23% 0FF </p><p>$22.99</p><a href="https://www.amazon.com/dp/B0B3J7RYTF?tag=eloabder-20&linkCode=osi&th=1&psc=1">View Product</a></div><div class="product"><a href="https://www.amazon.com/dp/B0BD6TPYXR?tag=eloabder-20&linkCode=osi&th=1&psc=1"><img src="https://m.media-amazon.com/images/I/51SPJrzTpKL._SL500_.jpg" alt="Product Image"></a><p>Konssy Baby Blankets for Unisex Boys Girls, Super Soft Nursery Minky Blankets with Muslin Cotton Front and Dotted Fleece Backing, Printed Bed Throws Newborn</p><p> -10% 0FF </p><p>$18.99</p><a href="https://www.amazon.com/dp/B0BD6TPYXR?tag=eloabder-20&linkCode=osi&th=1&psc=1">View Product</a></div>
<div class="product"><a href="https://www.amazon.com/dp/B081FTXL88?tag=eloabder-20&linkCode=osi&th=1&psc=1"><img src="https://m.media-amazon.com/images/I/31S6fvevhIL._SL500_.jpg" alt="Product Image"></a><p>Munchkin® Bristle™ Bottle Brush, Grey</p><p> -23% 0FF </p><p>$4.47</p><a href="https://www.amazon.com/dp/B081FTXL88?tag=eloabder-20&linkCode=osi&th=1&psc=1">View Product</a></div><div class="product"><a href="https://www.amazon.com/dp/B082PZ44M9?tag=eloabder-20&linkCode=osi&th=1&psc=1"><img src="https://m.media-amazon.com/images/I/21NI5khXnaL._SL500_.jpg" alt="Product Image"></a><p>Boon Cacti Bottle Cleaning Brush Set - Includes Bottle Brush, Nipple Brush, Detail Brush, and Straw Brush - Baby Bottle Brush Set for Bottle Drying Rack - Baby Essentials - 4 Count</p><p> -12% 0FF </p><p>$13.49</p><a href="https://www.amazon.com/dp/B082PZ44M9?tag=eloabder-20&linkCode=osi&th=1&psc=1">View Product</a></div><div class="product"><a href="https://www.amazon.com/dp/B0CQKF5CWS?tag=eloabder-20&linkCode=osi&th=1&psc=1"><img src="https://m.media-amazon.com/images/I/31RoBDDbg3L._SL500_.jpg" alt="Product Image"></a><p>Munchkin® Bristle™ Bottle Brush, Modern Design, Grey</p><p> -23% 0FF </p><p>$4.47</p><a href="https://www.amazon.com/dp/B0CQKF5CWS?tag=eloabder-20&linkCode=osi&th=1&psc=1">View Product</a></div><div class="product"><a href="https://www.amazon.com/dp/B01968GERY?tag=eloabder-20&linkCode=osi&th=1&psc=1"><img src="https://m.media-amazon.com/images/I/21rubIV8FNL._SL500_.jpg" alt="Product Image"></a><p>NUK Triple Action Baby Bottle & Nipple Brush, 3 Powerful Cleaning Materials - Bristles, Sponge, & Scruber, Non-Slip Handle, Odor Resistant, Top Rack Dishwasher Safe</p><p> -54% 0FF </p><p>$4.49</p><a href="https://www.amazon.com/dp/B01968GERY?tag=eloabder-20&linkCode=osi&th=1&psc=1">View Product</a></div>
<div class="product"><a href="https://www.amazon.com/dp/B09CGTPJSL?tag=eloabder-20&linkCode=osi&th=1&psc=1"><img src="https://m.media-amazon.com/images/I/31O1L+MYMxL._SL500_.jpg" alt="Product Image"></a><p>Baby Bottle Sterilizer | Esterilizador de Biberones, 6-in-1 HAUTURE Bottle Sterilizer and Dryer, Electric Steam Bottle Sanitizer for Baby Stuffs, Baby Bottles & Breast Pump Accessories</p><p> -10% 0FF </p><p>$69.98</p><a href="https://www.amazon.com/dp/B09CGTPJSL?tag=eloabder-20&linkCode=osi&th=1&psc=1">View Product</a></div><div class="product"><a href="https://www.amazon.com/dp/B007VBXKG2?tag=eloabder-20&linkCode=osi&th=1&psc=1"><img src="https://m.media-amazon.com/images/I/315F64OEQHL._SL500_.jpg" alt="Product Image"></a><p>Philips AVENT Microwave Steam Sterilizer for Baby Bottles, Pacifiers, Cups and More, SCF281/05</p><p> -29% 0FF </p><p>$22.79</p><a href="https://www.amazon.com/dp/B007VBXKG2?tag=eloabder-20&linkCode=osi&th=1&psc=1">View Product</a></div><div class="product"><a href="https://www.amazon.com/dp/B09HJDX5S6?tag=eloabder-20&linkCode=osi&th=1&psc=1"><img src="https://m.media-amazon.com/images/I/41rjM6KCAmL._SL500_.jpg" alt="Product Image"></a><p>Baby Brezza Bottle Sterilizer and Dryer Advanced – Electric Steam Sterilization Machine Universal Sterilizing for All Bottles: Plastic + Glass Pacifiers Breast Pump Parts - HEPA Filtration</p><p> -15% 0FF </p><p>$118.99</p><a href="https://www.amazon.com/dp/B09HJDX5S6?tag=eloabder-20&linkCode=osi&th=1&psc=1">View Product</a></div><div class="product"><a href="https://www.amazon.com/dp/B0D474DSB6?tag=eloabder-20&linkCode=osi&th=1&psc=1"><img src="https://m.media-amazon.com/images/I/41p78Of58KL._SL500_.jpg" alt="Product Image"></a><p>Bottle Sterilizer and Dryer, HIYAKOI Electric Steam Baby Bottle Sterilizer and Dryer, All-in-One Sterilizer 2 Layers Large for Baby Bottles, Parts & Other Newborn Essentials - HEPA Filtration</p><p> -38% 0FF </p><p>$49.99</p><a href="https://www.amazon.com/dp/B0D474DSB6?tag=eloabder-20&linkCode=osi&th=1&psc=1">View Product</a></div><div class="product"><a href="https://www.amazon.com/dp/B0CQQFFQKJ?tag=eloabder-20&linkCode=osi&th=1&psc=1"><img src="https://m.media-amazon.com/images/I/41tQNekOelL._SL500_.jpg" alt="Product Image"></a><p>Momcozy Bottle Sterilizer and Dryer, 8-in-1 Electric Steam Baby Bottle Sterilizer for Baby Bottles, Baby stuffs & Breast Pump Accessories</p><p> -36% 0FF </p><p>$63.99</p><a href="https://www.amazon.com/dp/B0CQQFFQKJ?tag=eloabder-20&linkCode=osi&th=1&psc=1">View Product</a></div><div class="product"><a href="https://www.amazon.com/dp/B09HH7HSGV?tag=eloabder-20&linkCode=osi&th=1&psc=1"><img src="https://m.media-amazon.com/images/I/31tOSRxwFYL._SL500_.jpg" alt="Product Image"></a><p>GROWNSY Bottle Sterilizer and Dryer, 2024 Compact Electric Steam Baby Bottle Sterilizer (Esterilizador de Biberones), Bottle Sanitizer for Baby Bottles, Pacifiers, Pump Parts</p><p> -33% 0FF </p><p>$59.99</p><a href="https://www.amazon.com/dp/B09HH7HSGV?tag=eloabder-20&linkCode=osi&th=1&psc=1">View Product</a></div>
<div class="product"><a href="https://www.amazon.com/dp/B07G4KBQJ7?tag=eloabder-20&linkCode=osi&th=1&psc=1"><img src="https://m.media-amazon.com/images/I/41WM4mOjQiL._SL500_.jpg" alt="Product Image"></a><p>Evenflo Feeding Classic Tinted Plastic Standard Neck Bottles for Baby, Infant and Newborn, Pink/Lavender/Teal, 8 Ounce (Pack of 12)</p><p> -27% 0FF </p><p>$10.19</p><a href="https://www.amazon.com/dp/B07G4KBQJ7?tag=eloabder-20&linkCode=osi&th=1&psc=1">View Product</a></div><div class="product"><a href="https://www.amazon.com/dp/B00N9X4YZW?tag=eloabder-20&linkCode=osi&th=1&psc=1"><img src="https://m.media-amazon.com/images/I/51kDCJ8oQmL._SL500_.jpg" alt="Product Image"></a><p>Evenflo Feeding Classic Tinted Plastic Standard Neck Bottles for Baby, Infant and Newborn - Teal/Green/Blue, 8 Ounce (Pack of 12)</p><p> -31% 0FF </p><p>$9.68</p><a href="https://www.amazon.com/dp/B00N9X4YZW?tag=eloabder-20&linkCode=osi&th=1&psc=1">View Product</a></div><div class="product"><a href="https://www.amazon.com/dp/B07DCQKC33?tag=eloabder-20&linkCode=osi&th=1&psc=1"><img src="https://m.media-amazon.com/images/I/41jfe6zVMgL._SL500_.jpg" alt="Product Image"></a><p>Dr. Brown's Anti-Colic Baby Feeding Set with Slow Flow Nipples, Travel Caps, Silicone Pacifier - Pink</p><p> -20% 0FF </p><p>$18.41</p><a href="https://www.amazon.com/dp/B07DCQKC33?tag=eloabder-20&linkCode=osi&th=1&psc=1">View Product</a></div>
<div class="product"><a href="https://www.amazon.com/dp/B095F28Q6J?tag=eloabder-20&linkCode=osi&th=1&psc=1"><img src="https://m.media-amazon.com/images/I/311FVQReZOL._SL500_.jpg" alt="Product Image"></a><p>Baby Delight Alpine Deluxe Portable Bouncer, Infant, 0-6 Months, 100% GOTS Certified Cotton Fabrics, Organic Oat</p><p> -22% 0FF </p><p>$69.99</p><a href="https://www.amazon.com/dp/B095F28Q6J?tag=eloabder-20&linkCode=osi&th=1&psc=1">View Product</a></div><div class="product"><a href="https://www.amazon.com/dp/B0BLP5G5FJ?tag=eloabder-20&linkCode=osi&th=1&psc=1"><img src="https://m.media-amazon.com/images/I/41F7YHDOEGL._SL500_.jpg" alt="Product Image"></a><p>Bright Starts Playful Paradise Comfy Baby Bouncer Seat with Soothing Vibration and Toys, Unisex, 0-6 Months</p><p> -26% 0FF </p><p>$22.11</p><a href="https://www.amazon.com/dp/B0BLP5G5FJ?tag=eloabder-20&linkCode=osi&th=1&psc=1">View Product</a></div><div class="product"><a href="https://www.amazon.com/dp/B016DAWD3W?tag=eloabder-20&linkCode=osi&th=1&psc=1"><img src="https://m.media-amazon.com/images/I/31SssXA+BHL._SL500_.jpg" alt="Product Image"></a><p>BabyBjörn Bouncer Balance Soft, Cotton/Jersey, Dark Gray/Gray (005084US)</p><p> -14% 0FF </p><p>$179.99</p><a href="https://www.amazon.com/dp/B016DAWD3W?tag=eloabder-20&linkCode=osi&th=1&psc=1">View Product</a></div><div class="product"><a href="https://www.amazon.com/dp/B07C9ZR2VC?tag=eloabder-20&linkCode=osi&th=1&psc=1"><img src="https://m.media-amazon.com/images/I/41wSBC1+j4L._SL500_.jpg" alt="Product Image"></a><p>Smart Steps Trend EZ Bouncer, Bluebell</p><p> -45% 0FF </p><p>$29.99</p><a href="https://www.amazon.com/dp/B07C9ZR2VC?tag=eloabder-20&linkCode=osi&th=1&psc=1">View Product</a></div>
<div class="product"><a href="https://www.amazon.com/dp/B07XMN3SK6?tag=eloabder-20&linkCode=osi&th=1&psc=1"><img src="https://m.media-amazon.com/images/I/41bHS4nTJ2L._SL500_.jpg" alt="Product Image"></a><p>Infantino Flip 4-in-1 Carrier - Ergonomic for Newborns and Older Babies 8-32 lbs</p><p> -21% 0FF </p><p>$29.99</p><a href="https://www.amazon.com/dp/B07XMN3SK6?tag=eloabder-20&linkCode=osi&th=1&psc=1">View Product</a></div><div class="product"><a href="https://www.amazon.com/dp/B0743L6R1T?tag=eloabder-20&linkCode=osi&th=1&psc=1"><img src="https://m.media-amazon.com/images/I/31ZGsR+w+1L._SL500_.jpg" alt="Product Image"></a><p>Ergobaby Omni 360 All-Position Baby Carrier for Newborn to Toddler with Lumbar Support (7-45 Pounds), Pearl Grey, One Size (Pack of 1)</p><p> -39% 0FF </p><p>$110.00</p><a href="https://www.amazon.com/dp/B0743L6R1T?tag=eloabder-20&linkCode=osi&th=1&psc=1">View Product</a></div><div class="product"><a href="https://www.amazon.com/dp/B0CDQ1XH6W?tag=eloabder-20&linkCode=osi&th=1&psc=1"><img src="https://m.media-amazon.com/images/I/41kAV5NXZBL._SL500_.jpg" alt="Product Image"></a><p>Momcozy Baby Carrier Newborn to Toddler - Ergonomic, Cozy and Lightweight Infant Carrier for 7-44lbs, Effortless to Put On, Ideal for Hands-Free Parenting, Enhanced Lumbar Support, Leopard</p><p> -8% 0FF </p><p>$59.99</p><a href="https://www.amazon.com/dp/B0CDQ1XH6W?tag=eloabder-20&linkCode=osi&th=1&psc=1">View Product</a></div><div class="product"><a href="https://www.amazon.com/dp/B005SP2LWW?tag=eloabder-20&linkCode=osi&th=1&psc=1"><img src="https://m.media-amazon.com/images/I/31fYPOjdFrL._SL500_.jpg" alt="Product Image"></a><p>Boba Baby Wrap Carrier - Original Baby Carrier Wrap Sling for Newborns - Baby Wearing Essentials - Newborn Wrap Swaddle Holder, Newborn to Toddler Infant Sling (Grey)</p><p> -19% 0FF </p><p>$32.49</p><a href="https://www.amazon.com/dp/B005SP2LWW?tag=eloabder-20&linkCode=osi&th=1&psc=1">View Product</a></div><div class="product"><a href="https://www.amazon.com/dp/B098X8WS7Y?tag=eloabder-20&linkCode=osi&th=1&psc=1"><img src="https://m.media-amazon.com/images/I/41az3xS82UL._SL500_.jpg" alt="Product Image"></a><p>Momcozy Baby Wrap Carrier, Easy to Wear Infant Carrier Slings, Lightweight Hands Free Baby Sling, Adjustable Baby Carriers for Newborn to Toddler 8-35 lbs, Black</p><p> -28% 0FF </p><p>$32.99</p><a href="https://www.amazon.com/dp/B098X8WS7Y?tag=eloabder-20&linkCode=osi&th=1&psc=1">View Product</a></div>
<div class="product"><a href="https://www.amazon.com/dp/B01N3MYVZM?tag=eloabder-20&linkCode=osi&th=1&psc=1"><img src="https://m.media-amazon.com/images/I/41CLrlYJDnL._SL500_.jpg" alt="Product Image"></a><p>Graco SlimFit 3-in-1 Convertible Car Seat, Ultra-Space-Saving Design, Darcie, Suitable for Rear and Forward-Facing, Highback Booster Seat with 10-Position Headrest</p><p> -21% 0FF </p><p>$157.99</p><a href="https://www.amazon.com/dp/B01N3MYVZM?tag=eloabder-20&linkCode=osi&th=1&psc=1">View Product</a></div><div class="product"><a href="https://www.amazon.com/dp/B07J37RTPG?tag=eloabder-20&linkCode=osi&th=1&psc=1"><img src="https://m.media-amazon.com/images/I/41fGAx7LcGL._SL500_.jpg" alt="Product Image"></a><p>Graco 4Ever DLX 4-in-1 Car Seat, Grey, Infant to Toddler Car Seat, with 10 Years of Use, Rear-facing, Forward-facing and Booster Modes, Safe, Comfortable and Convenient</p><p> -7% 0FF </p><p>$279.00</p><a href="https://www.amazon.com/dp/B07J37RTPG?tag=eloabder-20&linkCode=osi&th=1&psc=1">View Product</a></div><div class="product"><a href="https://www.amazon.com/dp/B07R9H1JC9?tag=eloabder-20&linkCode=osi&th=1&psc=1"><img src="https://m.media-amazon.com/images/I/41NwO9xrBGL._SL500_.jpg" alt="Product Image"></a><p>Graco Grows4Me 4-in-1 Car Seat, Convertible Infant to Toddler Car Seat and Booster, West Point Design, for 10 Years of Safe, Comfortable Journeys</p><p> -29% 0FF </p><p>$199.99</p><a href="https://www.amazon.com/dp/B07R9H1JC9?tag=eloabder-20&linkCode=osi&th=1&psc=1">View Product</a></div>
<div class="product"><a href="https://www.amazon.com/dp/B08RN8G58P?tag=eloabder-20&linkCode=osi&th=1&psc=1"><img src="https://m.media-amazon.com/images/I/41Qid-FWhYL._SL500_.jpg" alt="Product Image"></a><p>Baby Portable Changing Pad Travel - Waterproof Compact Diaper Changing Mat with Built-in Pillow - Lightweight & Foldable Changing Station, Newborn Shower Gifts</p><p> -29% 0FF </p><p>$9.99</p><a href="https://www.amazon.com/dp/B08RN8G58P?tag=eloabder-20&linkCode=osi&th=1&psc=1">View Product</a></div><div class="product"><a href="https://www.amazon.com/dp/B089XVKJSL?tag=eloabder-20&linkCode=osi&th=1&psc=1"><img src="https://m.media-amazon.com/images/I/51qlzLJHUWL._SL500_.jpg" alt="Product Image"></a><p>Portable Diaper Changing Pad - Waterproof Foldable Baby Changing Mat - Travel Diaper Change Mat - Lightweight Changing Pads for Baby - Baby Changer - Machine Washable (Black Geo)</p><p> -7% 0FF </p><p>$12.96</p><a href="https://www.amazon.com/dp/B089XVKJSL?tag=eloabder-20&linkCode=osi&th=1&psc=1">View Product</a></div><div class="product"><a href="https://www.amazon.com/dp/B08PH9Y6QS?tag=eloabder-20&linkCode=osi&th=1&psc=1"><img src="https://m.media-amazon.com/images/I/21cBsus1AHL._SL500_.jpg" alt="Product Image"></a><p>Regalo Baby Basics Infant Changing Pad, White , 31x16x4 Inch (Pack of 1)</p><p> -33% 0FF </p><p>$19.99</p><a href="https://www.amazon.com/dp/B08PH9Y6QS?tag=eloabder-20&linkCode=osi&th=1&psc=1">View Product</a></div>
<div class="product"><a href="https://www.amazon.com/dp/B07GFNVLS2?tag=eloabder-20&linkCode=osi&th=1&psc=1"><img src="https://m.media-amazon.com/images/I/31T-p4V5gsL._SL500_.jpg" alt="Product Image"></a><p>Gerber Unisex Baby Multi-Pack Long-Sleeve Onesies Bodysuit Mitten Cuff Sizes 6-Pack Mitten Cuff 0-3 Months</p><p> -12% 0FF </p><p>$15.81</p><a href="https://www.amazon.com/dp/B07GFNVLS2?tag=eloabder-20&linkCode=osi&th=1&psc=1">View Product</a></div><div class="product"><a href="https://www.amazon.com/dp/B0CP3NQCN3?tag=eloabder-20&linkCode=osi&th=1&psc=1"><img src="https://m.media-amazon.com/images/I/41MpsB3rYcL._SL500_.jpg" alt="Product Image"></a><p>Kaipiclos Newborn Infant Girl Clothes Rib Knit Romper Daisy Print Pants Headband Baby Clothes for Girls 0 3 6 12 18 24 Months</p><p> -10% 0FF </p><p>$14.99</p><a href="https://www.amazon.com/dp/B0CP3NQCN3?tag=eloabder-20&linkCode=osi&th=1&psc=1">View Product</a></div><div class="product"><a href="https://www.amazon.com/dp/B0D88Z7VLZ?tag=eloabder-20&linkCode=osi&th=1&psc=1"><img src="https://m.media-amazon.com/images/I/41Au0yzblbL._SL500_.jpg" alt="Product Image"></a><p>Burt's Bees Baby Baby Boys Pajamas, Sleep and Play Loose Fit, 100% Organic Cotton, Soft One-piece PJs, Diagonal Zip Up Jumpsuit Newborn Essentials with Interior Zipper Guard in sizes NB to 6-9 Months</p><p> -49% 0FF </p><p>$7.60</p><a href="https://www.amazon.com/dp/B0D88Z7VLZ?tag=eloabder-20&linkCode=osi&th=1&psc=1">View Product</a></div>
<div class="product"><a href="https://www.amazon.com/dp/B002FQK8IQ?tag=eloabder-20&linkCode=osi&th=1&psc=1"><img src="https://m.media-amazon.com/images/I/41WTSrhkJ4L._SL500_.jpg" alt="Product Image"></a><p>Safety 1st Easy Grip Brush and Comb, Colors May Vary</p><p> -23% 0FF </p><p>$4.59</p><a href="https://www.amazon.com/dp/B002FQK8IQ?tag=eloabder-20&linkCode=osi&th=1&psc=1">View Product</a></div><div class="product"><a href="https://www.amazon.com/dp/B07T16DQ31?tag=eloabder-20&linkCode=osi&th=1&psc=1"><img src="https://m.media-amazon.com/images/I/41Grt+V3Q7L._SL500_.jpg" alt="Product Image"></a><p>Frida Baby The 3-Step Cradle Cap System, DermaFrida The FlakeFixer, Sponge, Brush, Comb and Storage Stand for Babies with Cradle Cap, White-Blue</p><p> -15% 0FF </p><p>$14.44</p><a href="https://www.amazon.com/dp/B07T16DQ31?tag=eloabder-20&linkCode=osi&th=1&psc=1">View Product</a></div>
<div class="product"><a href="https://www.amazon.com/dp/B071K5T5Q2?tag=eloabder-20&linkCode=osi&th=1&psc=1"><img src="https://m.media-amazon.com/images/I/21rvQFmQBLL._SL500_.jpg" alt="Product Image"></a><p>The Honest Company Silicone-Free Conditioner | Gentle for Baby | Naturally Derived, Tear-free, Hypoallergenic | Fragrance Free Sensitive, 10 fl oz</p><p> -16% 0FF </p><p>$10.10 ($1.01 / Fl Oz)</p><a href="https://www.amazon.com/dp/B071K5T5Q2?tag=eloabder-20&linkCode=osi&th=1&psc=1">View Product</a></div><div class="product"><a href="https://www.amazon.com/dp/B07DGJ57P7?tag=eloabder-20&linkCode=osi&th=1&psc=1"><img src="https://m.media-amazon.com/images/I/31AEfjD6FyL._SL500_.jpg" alt="Product Image"></a><p>Johnson's Baby No More Tangles 2-in-1 Detangling Hair Shampoo & Conditioner for Kids & Toddlers, Gentle & Tear-Free, Hypoallergenic & Free of Parabens, Phthalates, Sulfates & Dyes, 20.3 fl. oz</p><p> -7% 0FF </p><p>$6.29 ($0.31 / Fl Oz)</p><a href="https://www.amazon.com/dp/B07DGJ57P7?tag=eloabder-20&linkCode=osi&th=1&psc=1">View Product</a></div><div class="product"><a href="https://www.amazon.com/dp/B07S89SL7D?tag=eloabder-20&linkCode=osi&th=1&psc=1"><img src="https://m.media-amazon.com/images/I/313C69-mF6L._SL500_.jpg" alt="Product Image"></a><p>Johnson's Baby Curl Defining Tear-Free Kids' Leave-in Conditioner with Shea Butter, Paraben-, Sulfate- & Dye-Free Formula, Hypoallergenic & Gentle for Toddlers' Hair, 6.8 fl. Oz</p><p> -28% 0FF </p><p>$6.11 ($0.90 / Fl Oz)</p><a href="https://www.amazon.com/dp/B07S89SL7D?tag=eloabder-20&linkCode=osi&th=1&psc=1">View Product</a></div><div class="product"><a href="https://www.amazon.com/dp/B07S7BPB2Q?tag=eloabder-20&linkCode=osi&th=1&psc=1"><img src="https://m.media-amazon.com/images/I/31DemfdZoNL._SL500_.jpg" alt="Product Image"></a><p>Johnson's Baby Shiny & Soft Tear-Free Kids' Hair Conditioning Spray with Argan Oil & Silk Proteins, Paraben, Sulfate & Dye-Free Formula, Hypoallergenic & Gentle for Toddlers, 10 Fl Oz</p><p> -33% 0FF </p><p>$5.66 ($0.57 / Fl Oz)</p><a href="https://www.amazon.com/dp/B07S7BPB2Q?tag=eloabder-20&linkCode=osi&th=1&psc=1">View Product</a></div><div class="product"><a href="https://www.amazon.com/dp/B0CJP91HN7?tag=eloabder-20&linkCode=osi&th=1&psc=1"><img src="https://m.media-amazon.com/images/I/41Z4G7wsFWL._SL500_.jpg" alt="Product Image"></a><p>ECOLATIÈR Kids Hair Balm Easy Detangling 3+ - Toddler Hair Conditioner, Tear-Free, 96.8% Natural, Vegan, Strengthens & Softens Kids' Hair, No Irritation - 8.5 Fl Oz</p><p> -14% 0FF </p><p>$9.49 ($1.12 / Ounce)</p><a href="https://www.amazon.com/dp/B0CJP91HN7?tag=eloabder-20&linkCode=osi&th=1&psc=1">View Product</a></div>
<div class="product"><a href="https://www.amazon.com/dp/B07Y3WQHZ6?tag=eloabder-20&linkCode=osi&th=1&psc=1"><img src="https://m.media-amazon.com/images/I/41Ai-kbx6LL._SL500_.jpg" alt="Product Image"></a><p>Delta Children Essex 4-in-1 Convertible Baby Crib, Bianca White with Natural Legs</p><p> -34% 0FF </p><p>$145.96</p><a href="https://www.amazon.com/dp/B07Y3WQHZ6?tag=eloabder-20&linkCode=osi&th=1&psc=1">View Product</a></div><div class="product"><a href="https://www.amazon.com/dp/B00LFP61PW?tag=eloabder-20&linkCode=osi&th=1&psc=1"><img src="https://m.media-amazon.com/images/I/41jj-ehw-vL._SL500_.jpg" alt="Product Image"></a><p>Graco Benton 5-in-1 Convertible Crib (White) – GREENGUARD Gold Certified, Converts from Baby Crib to Toddler Bed, Daybed and Full-Size Bed, Fits Standard Full-Size Crib Mattress</p><p> -20% 0FF </p><p>$159.99</p><a href="https://www.amazon.com/dp/B00LFP61PW?tag=eloabder-20&linkCode=osi&th=1&psc=1">View Product</a></div><div class="product"><a href="https://www.amazon.com/dp/B00EANJX5Q?tag=eloabder-20&linkCode=osi&th=1&psc=1"><img src="https://m.media-amazon.com/images/I/41+kxqP4icL._SL500_.jpg" alt="Product Image"></a><p>Dream On Me Synergy 5-In-1 Convertible Crib In White, Greenguard Gold Certified</p><p> -31% 0FF </p><p>$137.20</p><a href="https://www.amazon.com/dp/B00EANJX5Q?tag=eloabder-20&linkCode=osi&th=1&psc=1">View Product</a></div><div class="product"><a href="https://www.amazon.com/dp/B08D4N5RKW?tag=eloabder-20&linkCode=osi&th=1&psc=1"><img src="https://m.media-amazon.com/images/I/41sUNWg3sBL._SL500_.jpg" alt="Product Image"></a><p>Graco Hadley 5-in-1 Convertible Crib and Changer with Drawer (White) – GREENGUARD Gold Certified, Crib and Changing -Table Combo with Drawer, Includes Baby Changing Pad, Converts to Full-Size Bed</p><p> -18% 0FF </p><p>$359.99</p><a href="https://www.amazon.com/dp/B08D4N5RKW?tag=eloabder-20&linkCode=osi&th=1&psc=1">View Product</a></div><div class="product"><a href="https://www.amazon.com/dp/B08PMJBN33?tag=eloabder-20&linkCode=osi&th=1&psc=1"><img src="https://m.media-amazon.com/images/I/416ZYsREZOL._SL500_.jpg" alt="Product Image"></a><p>Oxford Baby North Bay 4-in-1 Convertible Baby Crib, Dove Gray, GreenGuard Gold Certified</p><p> -18% 0FF </p><p>$188.09</p><a href="https://www.amazon.com/dp/B08PMJBN33?tag=eloabder-20&linkCode=osi&th=1&psc=1">View Product</a></div><div class="product"><a href="https://www.amazon.com/dp/B078WTVBVW?tag=eloabder-20&linkCode=osi&th=1&psc=1"><img src="https://m.media-amazon.com/images/I/41NpHX4YnfL._SL500_.jpg" alt="Product Image"></a><p>Dream On Me Jayden 4-in-1 Mini Convertible Crib And Changer in Storm Grey, Greenguard Gold Certified, Non-Toxic Finish, New Zealand Pinewood, 1" Mattress Pad</p><p> -35% 0FF </p><p>$259.99</p><a href="https://www.amazon.com/dp/B078WTVBVW?tag=eloabder-20&linkCode=osi&th=1&psc=1">View Product</a></div>
<div class="product"><a href="https://www.amazon.com/dp/B01M4QMQ4B?tag=eloabder-20&linkCode=osi&th=1&psc=1"><img src="https://m.media-amazon.com/images/I/317ardc5Y-L._SL500_.jpg" alt="Product Image"></a><p>The Honest Company 2-in-1 Cleansing Shampoo + Body Wash | Gentle for Baby | Naturally Derived, Tear-free, Hypoallergenic | Lavender Calm, 10 fl oz</p><p> -8% 0FF </p><p>$10.99 ($1.10 / Fl Oz)</p><a href="https://www.amazon.com/dp/B01M4QMQ4B?tag=eloabder-20&linkCode=osi&th=1&psc=1">View Product</a></div><div class="product"><a href="https://www.amazon.com/dp/B09MVMNW5M?tag=eloabder-20&linkCode=osi&th=1&psc=1"><img src="https://m.media-amazon.com/images/I/41GDxpQsmOL._SL500_.jpg" alt="Product Image"></a><p>Cetaphil Baby Wash & Shampoo, 13.5oz Pack of 2, Hypoallergenic, Gentle Enough for Everyday Use, Soap Free</p><p> -10% 0FF </p><p>$16.99</p><a href="https://www.amazon.com/dp/B09MVMNW5M?tag=eloabder-20&linkCode=osi&th=1&psc=1">View Product</a></div><div class="product"><a href="https://www.amazon.com/dp/B0CZY44GD2?tag=eloabder-20&linkCode=osi&th=1&psc=1"><img src="https://m.media-amazon.com/images/I/31Gh3bZjFXL._SL500_.jpg" alt="Product Image"></a><p>Aveeno Baby Healthy Start Nourishing Newborn Wash, Hypoallergenic Baby Body Wash with Prebiotic Oat Gently Cleanses Delicate Newborn Skin, Fragrance-Free, Tear-Free, Paraben-Free, 8 fl. oz</p><p> -21% 0FF </p><p>$7.01 ($0.88 / Fl Oz)</p><a href="https://www.amazon.com/dp/B0CZY44GD2?tag=eloabder-20&linkCode=osi&th=1&psc=1">View Product</a></div>
<div class="product"><a href="https://www.amazon.com/dp/B07M6FL57T?tag=eloabder-20&linkCode=osi&th=1&psc=1"><img src="https://m.media-amazon.com/images/I/51iE4BjVpYL._SL500_.jpg" alt="Product Image"></a><p>Huggies Newborn Diapers, Little Snugglers Baby Diapers, Size Newborn (up to 10 lbs), 31 Count</p><p> -19% 0FF </p><p>$9.94 ($0.32 / Count)</p><a href="https://www.amazon.com/dp/B07M6FL57T?tag=eloabder-20&linkCode=osi&th=1&psc=1">View Product</a></div><div class="product"><a href="https://www.amazon.com/dp/B0CHGCDYJJ?tag=eloabder-20&linkCode=osi&th=1&psc=1"><img src="https://m.media-amazon.com/images/I/41csgXalIEL._SL500_.jpg" alt="Product Image"></a><p>Huggies Size Newborn Diapers, Skin Essentials Baby Diapers, Size Newborn (6-9 lbs), 31 Count</p><p> -19% 0FF </p><p>$9.94 ($0.32 / Count)</p><a href="https://www.amazon.com/dp/B0CHGCDYJJ?tag=eloabder-20&linkCode=osi&th=1&psc=1">View Product</a></div><div class="product"><a href="https://www.amazon.com/dp/B082QBHW74?tag=eloabder-20&linkCode=osi&th=1&psc=1"><img src="https://m.media-amazon.com/images/I/41z+Jw1td2L._SL500_.jpg" alt="Product Image"></a><p>Pampers Pure Protection Diapers Newborn - Size 0, 76 Count, Hypoallergenic Premium Disposable Baby Diapers</p><p> -19% 0FF </p><p>$22.79 ($0.30 / Count)</p><a href="https://www.amazon.com/dp/B082QBHW74?tag=eloabder-20&linkCode=osi&th=1&psc=1">View Product</a></div><div class="product"><a href="https://www.amazon.com/dp/B07M6FL9V2?tag=eloabder-20&linkCode=osi&th=1&psc=1"><img src="https://m.media-amazon.com/images/I/51JPrk+N-RL._SL500_.jpg" alt="Product Image"></a><p>Huggies Size 4 Diapers, Little Movers Baby Diapers, Size 4 (22-37 lbs), 22 Count (Packaging May Vary)</p><p> -19% 0FF </p><p>$9.94 ($0.45 / Count)</p><a href="https://www.amazon.com/dp/B07M6FL9V2?tag=eloabder-20&linkCode=osi&th=1&psc=1">View Product</a></div><div class="product"><a href="https://www.amazon.com/dp/B07T2QM32L?tag=eloabder-20&linkCode=osi&th=1&psc=1"><img src="https://m.media-amazon.com/images/I/41w5IxTMsnL._SL500_.jpg" alt="Product Image"></a><p>Amazon Brand - Mama Bear Gentle Touch Diapers, Hypoallergenic, Size 6, 27 Count, White</p><p> -10% 0FF </p><p>$11.32</p><a href="https://www.amazon.com/dp/B07T2QM32L?tag=eloabder-20&linkCode=osi&th=1&psc=1">View Product</a></div>
<div class="product"><a href="https://www.amazon.com/dp/B001OC5UMQ?tag=eloabder-20&linkCode=osi&th=1&psc=1"><img src="https://m.media-amazon.com/images/I/413nT5TZ9sL._SL500_.jpg" alt="Product Image"></a><p>Regalo Easy Step 38.5-Inch Wide Walk Thru Baby Gate, Includes 6-Inch Extension Kit, Pressure Mount Kit, Wall Cups</p><p> -22% 0FF </p><p>$34.99</p><a href="https://www.amazon.com/dp/B001OC5UMQ?tag=eloabder-20&linkCode=osi&th=1&psc=1">View Product</a></div><div class="product"><a href="https://www.amazon.com/dp/B075XQ2XYV?tag=eloabder-20&linkCode=osi&th=1&psc=1"><img src="https://m.media-amazon.com/images/I/51+9Fa+FH3L._SL500_.jpg" alt="Product Image"></a><p>Evenflo Position & Lock Baby Gate, Pressure-Mounted, Farmhouse Collection</p><p> -9% 0FF </p><p>$19.98</p><a href="https://www.amazon.com/dp/B075XQ2XYV?tag=eloabder-20&linkCode=osi&th=1&psc=1">View Product</a></div><div class="product"><a href="https://www.amazon.com/dp/B01BTUNHSQ?tag=eloabder-20&linkCode=osi&th=1&psc=1"><img src="https://m.media-amazon.com/images/I/31nuC-O3n9L._SL500_.jpg" alt="Product Image"></a><p>Safety 1st Easy Install 28" High Walk Thru Gate, Fits Between 29" and 38"</p><p> -10% 0FF </p><p>$44.99</p><a href="https://www.amazon.com/dp/B01BTUNHSQ?tag=eloabder-20&linkCode=osi&th=1&psc=1">View Product</a></div><div class="product"><a href="https://www.amazon.com/dp/B07WFZSW72?tag=eloabder-20&linkCode=osi&th=1&psc=1"><img src="https://m.media-amazon.com/images/I/41nc627IqxL._SL500_.jpg" alt="Product Image"></a><p>Cumbor 29.7-46" Baby Gate for Stairs, Mom's Choice Awards Winner-Auto Close Dog Gate for the House, Easy Install Pressure Mounted Pet Gates for Doorways, Easy Walk Thru Wide Safety Gate for Dog, Black</p><p> -10% 0FF </p><p>$89.99</p><a href="https://www.amazon.com/dp/B07WFZSW72?tag=eloabder-20&linkCode=osi&th=1&psc=1">View Product</a></div><div class="product"><a href="https://www.amazon.com/dp/B09F36M2T5?tag=eloabder-20&linkCode=osi&th=1&psc=1"><img src="https://m.media-amazon.com/images/I/416tulkEC2L._SL500_.jpg" alt="Product Image"></a><p>COMOMY 36" Extra Tall Baby Gate for Stairs Doorways, Fits Openings 29.5" to 48.8" Wide, Auto Close Extra Wide Dog Gate for House, Pressure Mounted Easy Walk Through Pet Gate with Door, Black</p><p> -13% 0FF </p><p>$69.99</p><a href="https://www.amazon.com/dp/B09F36M2T5?tag=eloabder-20&linkCode=osi&th=1&psc=1">View Product</a></div><div class="product"><a href="https://www.amazon.com/dp/B01EMK5JQI?tag=eloabder-20&linkCode=osi&th=1&psc=1"><img src="https://m.media-amazon.com/images/I/417uxACGTTL._SL500_.jpg" alt="Product Image"></a><p>Regalo Easy Step 49-Inch Extra Wide Baby Gate, Includes 4-Inch and 12-Inch Extension Kit, 4 Pack of Pressure Mount Kit and 4 Pack of Wall Mount Kit, Black</p><p> -20% 0FF </p><p>$39.99</p><a href="https://www.amazon.com/dp/B01EMK5JQI?tag=eloabder-20&linkCode=osi&th=1&psc=1">View Product</a></div><div class="product"><a href="https://www.amazon.com/dp/B07JGDGG23?tag=eloabder-20&linkCode=osi&th=1&psc=1"><img src="https://m.media-amazon.com/images/I/51eFFFBIYUL._SL500_.jpg" alt="Product Image"></a><p>Toddleroo by North States Superyard 6 Panel Baby Play Yard. Playpen or Extra Wide Baby Gate, Wall Mount Kit Included. Made in USA. 38.5" - 201" wide, 5.5 ft corner to corner play yard (26" tall, Gray)</p><p> -29% 0FF </p><p>$61.46</p><a href="https://www.amazon.com/dp/B07JGDGG23?tag=eloabder-20&linkCode=osi&th=1&psc=1">View Product</a></div>
<div class="product"><a href="https://www.amazon.com/dp/B0D8J8RGMN?tag=eloabder-20&linkCode=osi&th=1&psc=1"><img src="https://m.media-amazon.com/images/I/51IQYrOgXVL._SL500_.jpg" alt="Product Image"></a><p>3 Pack Baby Beanie Hats with Earflaps, 2 Size Baby Winter Hat for Newborn Infant Toddler Kids Children with Cute Smiley Face, Soft Warm Fleece Lined Knit Hat for Girls Boys-01</p><p> -47% 0FF </p><p>$15.99</p><a href="https://www.amazon.com/dp/B0D8J8RGMN?tag=eloabder-20&linkCode=osi&th=1&psc=1">View Product</a></div><div class="product"><a href="https://www.amazon.com/dp/B08V4HJF5T?tag=eloabder-20&linkCode=osi&th=1&psc=1"><img src="https://m.media-amazon.com/images/I/41JnGlILpnL._SL500_.jpg" alt="Product Image"></a><p>6 Pieces Newborn Baby Hat Bear Ears Infant Caps Baby Boy Girl Toddler Hats Infant Beanie Caps for 0-3 Months (Black White, Black, Navy Blue, Black Gray, Gray, White,Classic)</p><p> -8% 0FF </p><p>$11.99</p><a href="https://www.amazon.com/dp/B08V4HJF5T?tag=eloabder-20&linkCode=osi&th=1&psc=1">View Product</a></div><div class="product"><a href="https://www.amazon.com/dp/B091D4KRJS?tag=eloabder-20&linkCode=osi&th=1&psc=1"><img src="https://m.media-amazon.com/images/I/41IspZQwuhL._SL500_.jpg" alt="Product Image"></a><p>Baby Boy Sun Hat Bucket Hats for Toddler 6-12,12-24 months</p><p> -20% 0FF </p><p>$14.39</p><a href="https://www.amazon.com/dp/B091D4KRJS?tag=eloabder-20&linkCode=osi&th=1&psc=1">View Product</a></div>
<div class="product"><a href="https://www.amazon.com/dp/B07BVN1YMN?tag=eloabder-20&linkCode=osi&th=1&psc=1"><img src="https://m.media-amazon.com/images/I/41+i0x5p4TL._SL500_.jpg" alt="Product Image"></a><p>Baby Trend Tot Spot 3-in-1 High Chair, Bluebell</p><p> -40% 0FF </p><p>$59.99</p><a href="https://www.amazon.com/dp/B07BVN1YMN?tag=eloabder-20&linkCode=osi&th=1&psc=1">View Product</a></div><div class="product"><a href="https://www.amazon.com/dp/B01JRY07BQ?tag=eloabder-20&linkCode=osi&th=1&psc=1"><img src="https://m.media-amazon.com/images/I/41zyGMxJY0L._SL500_.jpg" alt="Product Image"></a><p>Cosco Simple Fold High Chair, Comet</p><p> -23% 0FF </p><p>$49.99</p><a href="https://www.amazon.com/dp/B01JRY07BQ?tag=eloabder-20&linkCode=osi&th=1&psc=1">View Product</a></div><div class="product"><a href="https://www.amazon.com/dp/B017VNNWXA?tag=eloabder-20&linkCode=osi&th=1&psc=1"><img src="https://m.media-amazon.com/images/I/41VGIO1sPhL._SL500_.jpg" alt="Product Image"></a><p>Cosco Simple Fold Deluxe High Chair with 3-Position Tray, Monster Syd</p><p> -17% 0FF </p><p>$49.99</p><a href="https://www.amazon.com/dp/B017VNNWXA?tag=eloabder-20&linkCode=osi&th=1&psc=1">View Product</a></div><div class="product"><a href="https://www.amazon.com/dp/B089PKYWJ8?tag=eloabder-20&linkCode=osi&th=1&psc=1"><img src="https://m.media-amazon.com/images/I/31MgSLR6W8L._SL500_.jpg" alt="Product Image"></a><p>Dream On Me Portable 2-in-1 Tabletalk High Chair, Convertible Compact High Chair, Light Weight Portable Highchair, Aqua</p><p> -45% 0FF </p><p>$55.13</p><a href="https://www.amazon.com/dp/B089PKYWJ8?tag=eloabder-20&linkCode=osi&th=1&psc=1">View Product</a></div><div class="product"><a href="https://www.amazon.com/dp/B0CPXDDPDY?tag=eloabder-20&linkCode=osi&th=1&psc=1"><img src="https://m.media-amazon.com/images/I/41qNrW3wklL._SL500_.jpg" alt="Product Image"></a><p>Fodoss 3-in-1 Wooden High Chair for Babies and Toddlers,Convertible Easy Clean Infant Highchair,Silla Modern Design para Comer De Bebe</p><p> -10% 0FF </p><p>$80.98</p><a href="https://www.amazon.com/dp/B0CPXDDPDY?tag=eloabder-20&linkCode=osi&th=1&psc=1">View Product</a></div>
<div class="product"><a href="https://www.amazon.com/dp/B0BG7B1GHP?tag=eloabder-20&linkCode=osi&th=1&psc=1"><img src="https://m.media-amazon.com/images/I/51MRfMlZsSL._SL500_.jpg" alt="Product Image"></a><p>Yoofoss Hooded Baby Towels for Newborn 2 Pack 100% Muslin Cotton Baby Bath Towel with Hood for Babies, Infant, Toddler and Kids, Large 32x32Inch, Soft and Absorbent Newborn Essential</p><p> -20% 0FF </p><p>$15.99</p><a href="https://www.amazon.com/dp/B0BG7B1GHP?tag=eloabder-20&linkCode=osi&th=1&psc=1">View Product</a></div><div class="product"><a href="https://www.amazon.com/dp/B0C6RKZLXW?tag=eloabder-20&linkCode=osi&th=1&psc=1"><img src="https://m.media-amazon.com/images/I/51HX88nmMOL._SL500_.jpg" alt="Product Image"></a><p>Gerber Baby 4 Piece Animal Character Hooded Towel and Washcloth Set, Brown Lion, One Size</p><p> -49% 0FF </p><p>$9.24</p><a href="https://www.amazon.com/dp/B0C6RKZLXW?tag=eloabder-20&linkCode=osi&th=1&psc=1">View Product</a></div><div class="product"><a href="https://www.amazon.com/dp/B0CKXKR1RV?tag=eloabder-20&linkCode=osi&th=1&psc=1"><img src="https://m.media-amazon.com/images/I/41PjOK7YCBL._SL500_.jpg" alt="Product Image"></a><p>Momcozy Baby Hooded Towel, 2 Pack Baby Towel Set, Super Soft Bath Towel with Original Design, Shower Gifts for Infant, Toddler (28 X 28 Inch, Lemon Leaves)</p><p> -19% 0FF </p><p>$21.99</p><a href="https://www.amazon.com/dp/B0CKXKR1RV?tag=eloabder-20&linkCode=osi&th=1&psc=1">View Product</a></div><div class="product"><a href="https://www.amazon.com/dp/B00X21O4L0?tag=eloabder-20&linkCode=osi&th=1&psc=1"><img src="https://m.media-amazon.com/images/I/51fEvVAVyfL._SL500_.jpg" alt="Product Image"></a><p>Luvable Friends Unisex Baby Hooded Towel with Five Washcloths, Boy Fox, One Size</p><p> -17% 0FF </p><p>$9.99</p><a href="https://www.amazon.com/dp/B00X21O4L0?tag=eloabder-20&linkCode=osi&th=1&psc=1">View Product</a></div>
<div class="product"><a href="https://www.amazon.com/dp/B07DGKXBD7?tag=eloabder-20&linkCode=osi&th=1&psc=1"><img src="https://m.media-amazon.com/images/I/31FyDL3570L._SL500_.jpg" alt="Product Image"></a><p>Johnson's Moisturizing Mild Pink Baby Lotion with Coconut Oil for Delicate Baby Skin, Paraben-, Phthalate- & Dye-Free, Hypoallergenic & Dermatologist-Tested, Baby Skin Care, 27.1 Fl. Oz</p><p> -33% 0FF </p><p>$7.19 ($0.27 / Fl Oz)</p><a href="https://www.amazon.com/dp/B07DGKXBD7?tag=eloabder-20&linkCode=osi&th=1&psc=1">View Product</a></div><div class="product"><a href="https://www.amazon.com/dp/B00JF3RYPM?tag=eloabder-20&linkCode=osi&th=1&psc=1"><img src="https://m.media-amazon.com/images/I/31n9VJQSijL._SL500_.jpg" alt="Product Image"></a><p>CeraVe Baby Lotion | Gentle Baby Skin Care with Ceramides, Niacinamide & Vitamin E | Fragrance, Paraben, Dye & Phthalates Free | Lightweight Baby Moisturizer | 8 Ounce | Packaging May Vary</p><p> -10% 0FF </p><p>$8.97 ($1.12 / Fl Oz)</p><a href="https://www.amazon.com/dp/B00JF3RYPM?tag=eloabder-20&linkCode=osi&th=1&psc=1">View Product</a></div><div class="product"><a href="https://www.amazon.com/dp/B094RH4GHC?tag=eloabder-20&linkCode=osi&th=1&psc=1"><img src="https://m.media-amazon.com/images/I/31xi7tuBJAL._SL500_.jpg" alt="Product Image"></a><p>Johnson's Baby Moisturizing Mild Pink Baby Lotion with Coconut Oil for Delicate Baby Skin, Paraben-, Phthalate- & Dye-Free, Hypoallergenic & Dermatologist-Tested, Baby Skin Care, 13.6 Fl. Oz</p><p> -34% 0FF </p><p>$4.49 ($0.33 / Fl Oz)</p><a href="https://www.amazon.com/dp/B094RH4GHC?tag=eloabder-20&linkCode=osi&th=1&psc=1">View Product</a></div><div class="product"><a href="https://www.amazon.com/dp/B0030UF6EW?tag=eloabder-20&linkCode=osi&th=1&psc=1"><img src="https://m.media-amazon.com/images/I/31RKFp5lxLL._SL500_.jpg" alt="Product Image"></a><p>Aveeno Baby Daily Moisture Body Lotion for Sensitive Skin, Hypoallergenic Moisturizing Baby Lotion with Nourishing Oatmeal to Deeply Moisturize Baby's Skin, Fragrance-Free, 18 fl. oz</p><p> -32% 0FF </p><p>$11.06</p><a href="https://www.amazon.com/dp/B0030UF6EW?tag=eloabder-20&linkCode=osi&th=1&psc=1">View Product</a></div><div class="product"><a href="https://www.amazon.com/dp/B00U2VQW72?tag=eloabder-20&linkCode=osi&th=1&psc=1"><img src="https://m.media-amazon.com/images/I/31nMuDcXtPL._SL500_.jpg" alt="Product Image"></a><p>Aveeno Baby Calming Comfort Moisturizing Body Lotion with Relaxing Lavender & Vanilla Scents, Non-Greasy Baby Lotion, Nourishing Prebiotic Oatmeal, Paraben- & Phthalate-Free, 18 fl. oz</p><p> -29% 0FF </p><p>$11.69 ($0.65 / Fl Oz)</p><a href="https://www.amazon.com/dp/B00U2VQW72?tag=eloabder-20&linkCode=osi&th=1&psc=1">View Product</a></div><div class="product"><a href="https://www.amazon.com/dp/B07DGL23H4?tag=eloabder-20&linkCode=osi&th=1&psc=1"><img src="https://m.media-amazon.com/images/I/31YO49z1TsL._SL500_.jpg" alt="Product Image"></a><p>Johnson's Moisturizing Bedtime Baby Lotion with Coconut Oil & NaturalCalm Aromas to Help Relax Baby, Hypoallergenic & Free of Parabens, Phthalates & Dyes, Mild Baby Skin Care, 27.1 fl. oz</p><p> -36% 0FF </p><p>$9.50 ($0.35 / Fl Oz)</p><a href="https://www.amazon.com/dp/B07DGL23H4?tag=eloabder-20&linkCode=osi&th=1&psc=1">View Product</a></div><div class="product"><a href="https://www.amazon.com/dp/B01A59VMSO?tag=eloabder-20&linkCode=osi&th=1&psc=1"><img src="https://m.media-amazon.com/images/I/31P-2Bf0eYL._SL500_.jpg" alt="Product Image"></a><p>Eucerin Baby Body Lotion, Hypoallergenic and Fragrance Free Baby Lotion, Baby Moisturizer with Pro-Vitamin B5 and Shea Butter, 13.5 Fl Oz Bottle</p><p> -17% 0FF </p><p>$9.78 ($0.72 / Fl Oz)</p><a href="https://www.amazon.com/dp/B01A59VMSO?tag=eloabder-20&linkCode=osi&th=1&psc=1">View Product</a></div><div class="product"><a href="https://www.amazon.com/dp/B07DGKXBDD?tag=eloabder-20&linkCode=osi&th=1&psc=1"><img src="https://m.media-amazon.com/images/I/31IvagYz0ML._SL500_.jpg" alt="Product Image"></a><p>Johnson's Baby CottonTouch Newborn Baby Face and Body Lotion, Hypoallergenic and Paraben-Free Moisturization for Baby's Sensitive Skin, Made with Real Cotton, 27.1 fl. oz</p><p> -37% 0FF </p><p>$9.35 ($0.35 / Fl Oz)</p><a href="https://www.amazon.com/dp/B07DGKXBDD?tag=eloabder-20&linkCode=osi&th=1&psc=1">View Product</a></div>
<div class="product"><a href="https://www.amazon.com/dp/B08HSNXSM6?tag=eloabder-20&linkCode=osi&th=1&psc=1"><img src="https://m.media-amazon.com/images/I/4193Km1SQcL._SL500_.jpg" alt="Product Image"></a><p>The Peanutshell Crib Mobile for Boys or Girls - White Musical Baby Crib Mobile with 12 Lullabies, Jungle Animal, Baby Mobile Crib Safari Animals Nursery Decor</p><p> -11% 0FF </p><p>$39.99</p><a href="https://www.amazon.com/dp/B08HSNXSM6?tag=eloabder-20&linkCode=osi&th=1&psc=1">View Product</a></div><div class="product"><a href="https://www.amazon.com/dp/B088TCNZ52?tag=eloabder-20&linkCode=osi&th=1&psc=1"><img src="https://m.media-amazon.com/images/I/41Nuh1UJwkL._SL500_.jpg" alt="Product Image"></a><p>EVERLOVE Montessori Mobile Baby for Crib (TINITIGIES) - Black and White Mobile Give Visual Stimulation to Engage Your Newborn - Baby Crib Mobile for Boys & Girls - Baby Mobile for Crib</p><p> -12% 0FF </p><p>$37.99</p><a href="https://www.amazon.com/dp/B088TCNZ52?tag=eloabder-20&linkCode=osi&th=1&psc=1">View Product</a></div><div class="product"><a href="https://www.amazon.com/dp/B07DM86Z43?tag=eloabder-20&linkCode=osi&th=1&psc=1"><img src="https://m.media-amazon.com/images/I/41wBVQgCTUL._SL500_.jpg" alt="Product Image"></a><p>Baby Einstein Sea Dreams Soother Musical Crib Toy and Sound Machine, Newborn and up</p><p> -15% 0FF </p><p>$33.90</p><a href="https://www.amazon.com/dp/B07DM86Z43?tag=eloabder-20&linkCode=osi&th=1&psc=1">View Product</a></div><div class="product"><a href="https://www.amazon.com/dp/B0B38G1MBD?tag=eloabder-20&linkCode=osi&th=1&psc=1"><img src="https://m.media-amazon.com/images/I/51ES4bHBHqL._SL500_.jpg" alt="Product Image"></a><p>Eners Baby Crib Mobile with Music and Lights, Mobile for Crib with Remote Control, Rotation, Moon and Star Projection, Baby Crib Toys for Boys Girls (Blue)</p><p> -6% 0FF </p><p>$33.99</p><a href="https://www.amazon.com/dp/B0B38G1MBD?tag=eloabder-20&linkCode=osi&th=1&psc=1">View Product</a></div>
<div class="product"><a href="https://www.amazon.com/dp/B09GM8JZM9?tag=eloabder-20&linkCode=osi&th=1&psc=1"><img src="https://m.media-amazon.com/images/I/41XmH3g0-aL._SL500_.jpg" alt="Product Image"></a><p>HelloBaby Upgrade Baby Monitor, 5'' Screen with 30-Hour Battery, Pan-Tilt-Zoom Video Baby Monitor with Camera and Audio, Night Vision, VOX, 2-Way Talk, 8 Lullabies and 1000ft Range No WiFi</p><p> -20% 0FF </p><p>$79.99</p><a href="https://www.amazon.com/dp/B09GM8JZM9?tag=eloabder-20&linkCode=osi&th=1&psc=1">View Product</a></div><div class="product"><a href="https://www.amazon.com/dp/B00JEV5UI8?tag=eloabder-20&linkCode=osi&th=1&psc=1"><img src="https://m.media-amazon.com/images/I/41va56lWJ6L._SL500_.jpg" alt="Product Image"></a><p>VTech Upgraded Audio Baby Monitor with Rechargeable Battery, Long Range, and Crystal-Clear Sound</p><p> -9% 0FF </p><p>$19.99</p><a href="https://www.amazon.com/dp/B00JEV5UI8?tag=eloabder-20&linkCode=osi&th=1&psc=1">View Product</a></div><div class="product"><a href="https://www.amazon.com/dp/B0BZ8BN87L?tag=eloabder-20&linkCode=osi&th=1&psc=1"><img src="https://m.media-amazon.com/images/I/41Bi8mMjlBL._SL500_.jpg" alt="Product Image"></a><p>OKAIDI Video Baby Monitor with Camera and Audio, 5" Display Baby Monitor No WiFi, 30H Battery and 1000ft Range Baby Monitor, Remote Pan-Tilt-Zoom Baby Camera, Night Vision, 2-Way Talk, VOX,Temperature</p><p> -25% 0FF </p><p>$44.99</p><a href="https://www.amazon.com/dp/B0BZ8BN87L?tag=eloabder-20&linkCode=osi&th=1&psc=1">View Product</a></div><div class="product"><a href="https://www.amazon.com/dp/B0B316NPZ6?tag=eloabder-20&linkCode=osi&th=1&psc=1"><img src="https://m.media-amazon.com/images/I/41IWDeVuDfL._SL500_.jpg" alt="Product Image"></a><p>HelloBaby Monitor with Camera and Audio, 1000ft Long Range Video Baby Monitor-No WiFi, Night Vision, VOX Mode-Power Saving, 2.4'' Portable Travel Screen, Baby Safety Camera, for Baby/Pet, Plug & Play</p><p> -10% 0FF </p><p>$29.98</p><a href="https://www.amazon.com/dp/B0B316NPZ6?tag=eloabder-20&linkCode=osi&th=1&psc=1">View Product</a></div><div class="product"><a href="https://www.amazon.com/dp/B0CYCDTZ6G?tag=eloabder-20&linkCode=osi&th=1&psc=1"><img src="https://m.media-amazon.com/images/I/41PTcAHdqoL._SL500_.jpg" alt="Product Image"></a><p>HelloBaby Baby Monitor with Camera and Audio, 6'' World First IPS Screen Baby Camera Monitor No WiFi, 30-Hrs Battery, ECO, VOX, 2-Way Talk, Night Vision, 1000ft, Video Baby Monitor Portable</p><p> -25% 0FF </p><p>$89.99</p><a href="https://www.amazon.com/dp/B0CYCDTZ6G?tag=eloabder-20&linkCode=osi&th=1&psc=1">View Product</a></div><div class="product"><a href="https://www.amazon.com/dp/B007NG5UF4?tag=eloabder-20&linkCode=osi&th=1&psc=1"><img src="https://m.media-amazon.com/images/I/41SdqvzVNuL._SL500_.jpg" alt="Product Image"></a><p>VTech DM221 Audio Baby Monitor with up to 1,000 ft of Range, Vibrating Sound-Alert, Talk Back Intercom & Night Light Loop, White/Silver</p><p> -13% 0FF </p><p>$33.95</p><a href="https://www.amazon.com/dp/B007NG5UF4?tag=eloabder-20&linkCode=osi&th=1&psc=1">View Product</a></div><div class="product"><a href="https://www.amazon.com/dp/B0CZDYF95R?tag=eloabder-20&linkCode=osi&th=1&psc=1"><img src="https://m.media-amazon.com/images/I/41hYOyPQ9dL._SL500_.jpg" alt="Product Image"></a><p>VTimes Baby Monitor with Camera and Audio, Video Baby Monitor No WiFi Night Vision, 2.4" LCD Screen Portable Baby Camera VOX Mode Pan-Tilt-Zoom Alarm and 1000ft Range, Ideal for Baby/Elderly/Pet</p><p> -40% 0FF </p><p>$29.99</p><a href="https://www.amazon.com/dp/B0CZDYF95R?tag=eloabder-20&linkCode=osi&th=1&psc=1">View Product</a></div>
<div class="product"><a href="https://www.amazon.com/dp/B0119493OY?tag=eloabder-20&linkCode=osi&th=1&psc=1"><img src="https://m.media-amazon.com/images/I/31o0TllpwAL._SL500_.jpg" alt="Product Image"></a><p>Safety 1st Fold-Up Nail Clippers - 2pk</p><p> -25% 0FF </p><p>$2.99</p><a href="https://www.amazon.com/dp/B0119493OY?tag=eloabder-20&linkCode=osi&th=1&psc=1">View Product</a></div><div class="product"><a href="https://www.amazon.com/dp/B01644OCVS?tag=eloabder-20&linkCode=osi&th=1&psc=1"><img src="https://m.media-amazon.com/images/I/41oX5dLMB1L._SL500_.jpg" alt="Product Image"></a><p>Frida Baby NailFrida The SnipperClipper Set, Baby Nail Clippers & Nail Filer, Baby Essential Nail Kit for Newborns and Up</p><p> -36% 0FF </p><p>$8.31</p><a href="https://www.amazon.com/dp/B01644OCVS?tag=eloabder-20&linkCode=osi&th=1&psc=1">View Product</a></div><div class="product"><a href="https://www.amazon.com/dp/B084JZ27SM?tag=eloabder-20&linkCode=osi&th=1&psc=1"><img src="https://m.media-amazon.com/images/I/31JsNl8WpML._SL500_.jpg" alt="Product Image"></a><p>Safety 1st Light Zoom Nail Clippers, One Size</p><p> -27% 0FF </p><p>$7.29</p><a href="https://www.amazon.com/dp/B084JZ27SM?tag=eloabder-20&linkCode=osi&th=1&psc=1">View Product</a></div><div class="product"><a href="https://www.amazon.com/dp/B0D9BCJWC7?tag=eloabder-20&linkCode=osi&th=1&psc=1"><img src="https://m.media-amazon.com/images/I/41vknqnodfL._SL500_.jpg" alt="Product Image"></a><p>Yeeeasy Baby Nail Clippers Kit Baby Grooming Set with Nail Clippers, Scissors, Nail File & Tweezers Baby Care Kit Fingernail Cutter for Baby,Newborn,Infant,Toddler,Kid(Purple)</p><p> -55% 0FF </p><p>$4.49</p><a href="https://www.amazon.com/dp/B0D9BCJWC7?tag=eloabder-20&linkCode=osi&th=1&psc=1">View Product</a></div>
<div class="product"><a href="https://www.amazon.com/dp/B08CMWHD3B?tag=eloabder-20&linkCode=osi&th=1&psc=1"><img src="https://m.media-amazon.com/images/I/41+F2Dv0iiL._SL500_.jpg" alt="Product Image"></a><p>GROWNSY Nasal Aspirator for Baby, Baby Nose Sucker Pro with 3 Soft Silicone Tips, Adjustable Suction, Electric Nose Suction for Baby, Built-in Music & Light Soothing</p><p> -20% 0FF </p><p>$39.99 ($39.99 / Count)</p><a href="https://www.amazon.com/dp/B08CMWHD3B?tag=eloabder-20&linkCode=osi&th=1&psc=1">View Product</a></div><div class="product"><a href="https://www.amazon.com/dp/B00RP0GHBO?tag=eloabder-20&linkCode=osi&th=1&psc=1"><img src="https://m.media-amazon.com/images/I/41pIJoWu-UL._SL500_.jpg" alt="Product Image"></a><p>Frida Baby NoseFrida SnotSucker Nasal Aspirator for Baby, Baby Nose Sucker with 24 Extra Hygiene Filters, Baby Congestion Relief, FSA/HSA Eligible</p><p> -25% 0FF </p><p>$14.99</p><a href="https://www.amazon.com/dp/B00RP0GHBO?tag=eloabder-20&linkCode=osi&th=1&psc=1">View Product</a></div><div class="product"><a href="https://www.amazon.com/dp/B0C3CHQHJP?tag=eloabder-20&linkCode=osi&th=1&psc=1"><img src="https://m.media-amazon.com/images/I/51IO9JHchbL._SL500_.jpg" alt="Product Image"></a><p>X-Bosak Baby Nasal Aspirator, Electric Nose Sucker with 5 Levels Suction, Soothing Light & Nursery Rhymes</p><p> -18% 0FF </p><p>$30.99</p><a href="https://www.amazon.com/dp/B0C3CHQHJP?tag=eloabder-20&linkCode=osi&th=1&psc=1">View Product</a></div><div class="product"><a href="https://www.amazon.com/dp/B094Z43BQF?tag=eloabder-20&linkCode=osi&th=1&psc=1"><img src="https://m.media-amazon.com/images/I/41elOKysySL._SL500_.jpg" alt="Product Image"></a><p>Frida Baby Electric NoseFrida Nasal Aspirator for Baby, Nose Sucker for Baby & Toddler, Nasal Aspirator for Congestion Relief with 3 Suction Levels, 2 Silicone Tips, USB Rechargeable</p><p> -13% 0FF </p><p>$34.99</p><a href="https://www.amazon.com/dp/B094Z43BQF?tag=eloabder-20&linkCode=osi&th=1&psc=1">View Product</a></div><div class="product"><a href="https://www.amazon.com/dp/B01N093BYV?tag=eloabder-20&linkCode=osi&th=1&psc=1"><img src="https://m.media-amazon.com/images/I/316hpVBAmNL._SL500_.jpg" alt="Product Image"></a><p>Frida Baby Nasal Aspirator for Baby, NoseFrida Baby Nose Sucker with 10 Extra Filters + All-Natural Saline Nasal Spray for Babies, Nasal Spray Decongestant, 0.68 fl oz</p><p> -15% 0FF </p><p>$16.97</p><a href="https://www.amazon.com/dp/B01N093BYV?tag=eloabder-20&linkCode=osi&th=1&psc=1">View Product</a></div><div class="product"><a href="https://www.amazon.com/dp/B0BSVG8S59?tag=eloabder-20&linkCode=osi&th=1&psc=1"><img src="https://m.media-amazon.com/images/I/31Rju6jEphL._SL500_.jpg" alt="Product Image"></a><p>Dr. Talbot's Nasal Aspirator for Babies - Silicone - Includes Storage Case - Clear</p><p> -20% 0FF </p><p>$6.39</p><a href="https://www.amazon.com/dp/B0BSVG8S59?tag=eloabder-20&linkCode=osi&th=1&psc=1">View Product</a></div>
<div class="product"><a href="https://www.amazon.com/dp/B00WEBVM5U?tag=eloabder-20&linkCode=osi&th=1&psc=1"><img src="https://m.media-amazon.com/images/I/31oMSFi3dGL._SL500_.jpg" alt="Product Image"></a><p>Johnson's Baby Oil, Mineral Oil Enriched with Shea & Cocoa Butter to Prevent Moisture Loss, Hypoallergenic, 20 fl. oz</p><p> -35% 0FF </p><p>$5.90 ($0.30 / Fl Oz)</p><a href="https://www.amazon.com/dp/B00WEBVM5U?tag=eloabder-20&linkCode=osi&th=1&psc=1">View Product</a></div><div class="product"><a href="https://www.amazon.com/dp/B00J51Q1IA?tag=eloabder-20&linkCode=osi&th=1&psc=1"><img src="https://m.media-amazon.com/images/I/31WSLNGqaEL._SL500_.jpg" alt="Product Image"></a><p>Johnson & Johnson SLC (Cosmetics) Baby Oil, 20 Fl Oz</p><p> -33% 0FF </p><p>$6.02 ($0.30 / Fl Oz)</p><a href="https://www.amazon.com/dp/B00J51Q1IA?tag=eloabder-20&linkCode=osi&th=1&psc=1">View Product</a></div><div class="product"><a href="https://www.amazon.com/dp/B00LPC15FQ?tag=eloabder-20&linkCode=osi&th=1&psc=1"><img src="https://m.media-amazon.com/images/I/315PcqnZ4qL._SL500_.jpg" alt="Product Image"></a><p>Johnson's Baby Johnson & Johnson Baby Oil, Aloe Vera & Vitamin E, Multicolor, 14 Fl Oz</p><p> -23% 0FF </p><p>$5.49 ($0.39 / Fl Oz)</p><a href="https://www.amazon.com/dp/B00LPC15FQ?tag=eloabder-20&linkCode=osi&th=1&psc=1">View Product</a></div><div class="product"><a href="https://www.amazon.com/dp/B001UAA2UC?tag=eloabder-20&linkCode=osi&th=1&psc=1"><img src="https://m.media-amazon.com/images/I/31-74Q7XbxL._SL500_.jpg" alt="Product Image"></a><p>Johnson's Baby Oil Gel, Moisturizing Baby Massage Mineral Oil Enriched with Shea & Cocoa Butter, Dry Skin Relief for Babies, Kids & Adults, Nourishing & Gentle on Delicate Skin, 6.5 fl. oz</p><p> -16% 0FF </p><p>$5.98 ($0.92 / Fl Oz)</p><a href="https://www.amazon.com/dp/B001UAA2UC?tag=eloabder-20&linkCode=osi&th=1&psc=1">View Product</a></div>
<div class="product"><a href="https://www.amazon.com/dp/B0D88Y4955?tag=eloabder-20&linkCode=osi&th=1&psc=1"><img src="https://m.media-amazon.com/images/I/41Au0yzblbL._SL500_.jpg" alt="Product Image"></a><p>Burt's Bees Baby Baby Boys Pajamas, Sleep and Play Loose Fit, 100% Organic Cotton, Soft One-piece PJs, Diagonal Zip Up Jumpsuit Newborn Essentials with Interior Zipper Guard in sizes NB to 6-9 Months</p><p> -49% 0FF </p><p>$7.60</p><a href="https://www.amazon.com/dp/B0D88Y4955?tag=eloabder-20&linkCode=osi&th=1&psc=1">View Product</a></div><div class="product"><a href="https://www.amazon.com/dp/B08GHLBW8P?tag=eloabder-20&linkCode=osi&th=1&psc=1"><img src="https://m.media-amazon.com/images/I/512q+TZZ2UL._SL500_.jpg" alt="Product Image"></a><p>Gerber Baby Boys' 4-Pack Footed Pajamas, Dinosaurs Space Grey, 18 Months</p><p> -9% 0FF </p><p>$29.98</p><a href="https://www.amazon.com/dp/B08GHLBW8P?tag=eloabder-20&linkCode=osi&th=1&psc=1">View Product</a></div>
<div class="product"><a href="https://www.amazon.com/dp/B09XHGG4B8?tag=eloabder-20&linkCode=osi&th=1&psc=1"><img src="https://m.media-amazon.com/images/I/51drx-WonLL._SL500_.jpg" alt="Product Image"></a><p>Yeeeasy Tummy Time Water Mat丨Inflatable Tummy Time Water Play Mat for Babies, Infants and Toddlers 3 to 12 Months Promote Development Toys Baby Gifts</p><p> -33% 0FF </p><p>$9.99</p><a href="https://www.amazon.com/dp/B09XHGG4B8?tag=eloabder-20&linkCode=osi&th=1&psc=1">View Product</a></div>
<div class="product"><a href="https://www.amazon.com/dp/B0009STDJW?tag=eloabder-20&linkCode=osi&th=1&psc=1"><img src="https://m.media-amazon.com/images/I/31XlMHyMw4L._SL500_.jpg" alt="Product Image"></a><p>Johnson's Baby Powder, Naturally Derived Cornstarch with Aloe & Vitamin E for Delicate Skin, Hypoallergenic and Free of Parabens, Phthalates, and Dyes for Gentle Baby Skin Care, 15 oz</p><p> -31% 0FF </p><p>$4.98 ($0.33 / Ounce)</p><a href="https://www.amazon.com/dp/B0009STDJW?tag=eloabder-20&linkCode=osi&th=1&psc=1">View Product</a></div><div class="product"><a href="https://www.amazon.com/dp/B005IHT880?tag=eloabder-20&linkCode=osi&th=1&psc=1"><img src="https://m.media-amazon.com/images/I/31Yy8plMS3L._SL500_.jpg" alt="Product Image"></a><p>Johnson's Baby Naturally Derived Cornstarch Baby Powder with Aloe and Vitamin E for Delicate Skin, Hypoallergenic and Free of Parabens, Phthalates, and Dyes for Gentle Baby Skin Care, 1.5 oz</p><p> -31% 0FF </p><p>$1.97 ($1.31 / Ounce)</p><a href="https://www.amazon.com/dp/B005IHT880?tag=eloabder-20&linkCode=osi&th=1&psc=1">View Product</a></div><div class="product"><a href="https://www.amazon.com/dp/B00I5MVFB8?tag=eloabder-20&linkCode=osi&th=1&psc=1"><img src="https://m.media-amazon.com/images/I/41kU-erHU1L._SL500_.jpg" alt="Product Image"></a><p>Johnson's Baby Powder, Pure Cornstarch, Aloe & Vitamin E, 22 Ounce (Pack of 3) - Packaging May Vary</p><p> -31% 0FF </p><p>$18.87 ($0.29 / Ounce)</p><a href="https://www.amazon.com/dp/B00I5MVFB8?tag=eloabder-20&linkCode=osi&th=1&psc=1">View Product</a></div><div class="product"><a href="https://www.amazon.com/dp/B004Z4MNGQ?tag=eloabder-20&linkCode=osi&th=1&psc=1"><img src="https://m.media-amazon.com/images/I/31szXN97ucL._SL500_.jpg" alt="Product Image"></a><p>Johnson's Baby Powder with Naturally Derived Cornstarch Aloe & Vitamin E, Hypoallergenic, 9 oz</p><p> -26% 0FF </p><p>$3.95 ($0.44 / Ounce)</p><a href="https://www.amazon.com/dp/B004Z4MNGQ?tag=eloabder-20&linkCode=osi&th=1&psc=1">View Product</a></div><div class="product"><a href="https://www.amazon.com/dp/B0CCPK861Q?tag=eloabder-20&linkCode=osi&th=1&psc=1"><img src="https://m.media-amazon.com/images/I/51jIdMql0FL._SL500_.jpg" alt="Product Image"></a><p>Burt's Bees Christmas Gifts, Baby Dusting Powder, 100% Natural Origin, Talc-Free, Pediatrician Tested Stocking Stuffers, 7.5 Ounces, Pack of 3, Pack May Vary</p><p> -29% 0FF </p><p>$19.17 ($0.85 / Ounce)</p><a href="https://www.amazon.com/dp/B0CCPK861Q?tag=eloabder-20&linkCode=osi&th=1&psc=1">View Product</a></div><div class="product"><a href="https://www.amazon.com/dp/B012FUZ8NG?tag=eloabder-20&linkCode=osi&th=1&psc=1"><img src="https://m.media-amazon.com/images/I/41t4DM92+aL._SL500_.jpg" alt="Product Image"></a><p>Gold Bond Comfort Body Powder, 10 oz., Talc-Free, Fresh Clean Scent With Aloe & Chamomile</p><p> -7% 0FF </p><p>$6.79 ($0.68 / Ounce)</p><a href="https://www.amazon.com/dp/B012FUZ8NG?tag=eloabder-20&linkCode=osi&th=1&psc=1">View Product</a></div>
<div class="product"><a href="https://www.amazon.com/dp/B00JHKTDQG?tag=eloabder-20&linkCode=osi&th=1&psc=1"><img src="https://m.media-amazon.com/images/I/41u2OOs0uOL._SL500_.jpg" alt="Product Image"></a><p>Safety 1st Plug Protectors, 36 Count</p><p> -22% 0FF </p><p>$3.49</p><a href="https://www.amazon.com/dp/B00JHKTDQG?tag=eloabder-20&linkCode=osi&th=1&psc=1">View Product</a></div><div class="product"><a href="https://www.amazon.com/dp/B0CZRKFS5Z?tag=eloabder-20&linkCode=osi&th=1&psc=1"><img src="https://m.media-amazon.com/images/I/413bGIIY4WL._SL500_.jpg" alt="Product Image"></a><p>Baby Proofing Kit, Oven Door Lock Child proof Safety Product for Kitchen, Double Button, Heat-Resistant, Easy to Install (1 Pack,Grey)</p><p> -20% 0FF </p><p>$7.99</p><a href="https://www.amazon.com/dp/B0CZRKFS5Z?tag=eloabder-20&linkCode=osi&th=1&psc=1">View Product</a></div><div class="product"><a href="https://www.amazon.com/dp/B00YKG2YS6?tag=eloabder-20&linkCode=osi&th=1&psc=1"><img src="https://m.media-amazon.com/images/I/41+wB4D0smL._SL500_.jpg" alt="Product Image"></a><p>Safety 1st Safety Essentials Kit , White , 1 Count</p><p> -38% 0FF </p><p>$7.48</p><a href="https://www.amazon.com/dp/B00YKG2YS6?tag=eloabder-20&linkCode=osi&th=1&psc=1">View Product</a></div>
<div class="product"><a href="https://www.amazon.com/dp/B000BNCA4K?tag=eloabder-20&linkCode=osi&th=1&psc=1"><img src="https://m.media-amazon.com/images/I/51+hwco0h6L._SL500_.jpg" alt="Product Image"></a><p>Manhattan Toy Winkel Rattle & Sensory Teether Toy, Blue/Green/Orange, 5 Inch x 4 Inch x 3.5 Inch</p><p> -29% 0FF </p><p>$9.99</p><a href="https://www.amazon.com/dp/B000BNCA4K?tag=eloabder-20&linkCode=osi&th=1&psc=1">View Product</a></div><div class="product"><a href="https://www.amazon.com/dp/B000FMQWS2?tag=eloabder-20&linkCode=osi&th=1&psc=1"><img src="https://m.media-amazon.com/images/I/4108+CwoQfL._SL500_.jpg" alt="Product Image"></a><p>Bright Starts Grab & Spin Baby Rattle & BPA-Free Teether Toy, Ages 3 Months+</p><p> -15% 0FF </p><p>$2.97</p><a href="https://www.amazon.com/dp/B000FMQWS2?tag=eloabder-20&linkCode=osi&th=1&psc=1">View Product</a></div><div class="product"><a href="https://www.amazon.com/dp/B071YCHDX1?tag=eloabder-20&linkCode=osi&th=1&psc=1"><img src="https://m.media-amazon.com/images/I/512uBUjyccL._SL500_.jpg" alt="Product Image"></a><p>iPlay, iLearn 10pcs Baby Rattles Toys Set, Infant Grab Shake Rattle, Sensory Teether, Babies Development Learning Music Toy, Newborn First Christmas Gifts 0 1 2 3 4 5 6 7 8 9 10 12 Month Boy Girl</p><p> -15% 0FF </p><p>$22.99</p><a href="https://www.amazon.com/dp/B071YCHDX1?tag=eloabder-20&linkCode=osi&th=1&psc=1">View Product</a></div><div class="product"><a href="https://www.amazon.com/dp/B019ICFYNI?tag=eloabder-20&linkCode=osi&th=1&psc=1"><img src="https://m.media-amazon.com/images/I/51oYX33BlzL._SL500_.jpg" alt="Product Image"></a><p>VTech Baby Rattle and Sing Puppy</p><p> -18% 0FF </p><p>$8.99</p><a href="https://www.amazon.com/dp/B019ICFYNI?tag=eloabder-20&linkCode=osi&th=1&psc=1">View Product</a></div><div class="product"><a href="https://www.amazon.com/dp/B000V2Y5BW?tag=eloabder-20&linkCode=osi&th=1&psc=1"><img src="https://m.media-amazon.com/images/I/41Bz5Kz2OzL._SL500_.jpg" alt="Product Image"></a><p>The First Years First Keys Infant and Baby Toy</p><p> -67% 0FF </p><p>$2.44</p><a href="https://www.amazon.com/dp/B000V2Y5BW?tag=eloabder-20&linkCode=osi&th=1&psc=1">View Product</a></div>
<div class="product"><a href="https://www.amazon.com/dp/B005SPESKK?tag=eloabder-20&linkCode=osi&th=1&psc=1"><img src="https://m.media-amazon.com/images/I/410ZKnRS3aL._SL500_.jpg" alt="Product Image"></a><p>Aveeno Baby Bathtime Solutions Baby & Me Gift Set with Baby Wash & Shampoo, Calming Baby Bath, Baby Daily Moisturizing Lotion & Stress Relief Body Wash for Mom, Oatmeal, 4 Items</p><p> -35% 0FF </p><p>$20.69</p><a href="https://www.amazon.com/dp/B005SPESKK?tag=eloabder-20&linkCode=osi&th=1&psc=1">View Product</a></div><div class="product"><a href="https://www.amazon.com/dp/B005UEB96K?tag=eloabder-20&linkCode=osi&th=1&psc=1"><img src="https://m.media-amazon.com/images/I/41irWX472ZL._SL500_.jpg" alt="Product Image"></a><p>Aquaphor Baby Healing Ointment Advanced Therapy Skin Protectant, Dry Skin and Diaper Rash Ointment, 14 Oz Jar</p><p> -8% 0FF </p><p>$18.37</p><a href="https://www.amazon.com/dp/B005UEB96K?tag=eloabder-20&linkCode=osi&th=1&psc=1">View Product</a></div><div class="product"><a href="https://www.amazon.com/dp/B0CNXKT6S7?tag=eloabder-20&linkCode=osi&th=1&psc=1"><img src="https://m.media-amazon.com/images/I/41UPubKIJYL._SL500_.jpg" alt="Product Image"></a><p>Blissful Diary Baby Diaper Caddy Organizer, Stylish Nursery Storage Basket - Gift for Baby Shower, Baby Registry Must Have, Newborn Essentials - Baby Caddy Organizer for Diaper Station - Sage Green</p><p> -7% 0FF </p><p>$22.99</p><a href="https://www.amazon.com/dp/B0CNXKT6S7?tag=eloabder-20&linkCode=osi&th=1&psc=1">View Product</a></div><div class="product"><a href="https://www.amazon.com/dp/B07RX5BD32?tag=eloabder-20&linkCode=osi&th=1&psc=1"><img src="https://m.media-amazon.com/images/I/41p16YTuexL._SL500_.jpg" alt="Product Image"></a><p>Portable Diaper Changing Pad, Portable Changing pad for Newborn Girl & Boy - Baby Changing Pad with Smart Wipes Pocket – Waterproof Travel Changing Kit - Baby Gift by Kopi Baby</p><p> -42% 0FF </p><p>$21.89</p><a href="https://www.amazon.com/dp/B07RX5BD32?tag=eloabder-20&linkCode=osi&th=1&psc=1">View Product</a></div>
<div class="product"><a href="https://www.amazon.com/dp/B07DGKWFJM?tag=eloabder-20&linkCode=osi&th=1&psc=1"><img src="https://m.media-amazon.com/images/I/313M7YzzHPL._SL500_.jpg" alt="Product Image"></a><p>Johnson's Baby Shampoo with Tear-Free Formula, Shampoo for Baby's Delicate Scalp & Skin, Gently Washes Away Dirt & Germs, Paraben-, Phthalate-, Sulfate- & Dye-Free, 20.3 fl. oz</p><p> -35% 0FF </p><p>$5.90 ($0.29 / Fl Oz)</p><a href="https://www.amazon.com/dp/B07DGKWFJM?tag=eloabder-20&linkCode=osi&th=1&psc=1">View Product</a></div><div class="product"><a href="https://www.amazon.com/dp/B07DGK9FQG?tag=eloabder-20&linkCode=osi&th=1&psc=1"><img src="https://m.media-amazon.com/images/I/31ZmgkaoecL._SL500_.jpg" alt="Product Image"></a><p>Johnson's Baby Tear Free Shampoo, No Parabens/Phthalates/Sulfates/Dyes, Fresh, 13.6 Fl Oz</p><p> -30% 0FF </p><p>$4.78 ($0.35 / Fl Oz)</p><a href="https://www.amazon.com/dp/B07DGK9FQG?tag=eloabder-20&linkCode=osi&th=1&psc=1">View Product</a></div><div class="product"><a href="https://www.amazon.com/dp/B07D2JMJPS?tag=eloabder-20&linkCode=osi&th=1&psc=1"><img src="https://m.media-amazon.com/images/I/31GFcXvNoSL._SL500_.jpg" alt="Product Image"></a><p>Johnson's Head-to-Toe Gentle Tear-Free Baby & Newborn Wash & Shampoo, Sulfate-, Paraben- Phthalate- & Dye-Free, Hypoallergenic Wash for Sensitive Skin & Hair, 27.1 fl. Oz</p><p> -33% 0FF </p><p>$7.19 ($0.27 / Fl Oz)</p><a href="https://www.amazon.com/dp/B07D2JMJPS?tag=eloabder-20&linkCode=osi&th=1&psc=1">View Product</a></div><div class="product"><a href="https://www.amazon.com/dp/B07NSBTZ22?tag=eloabder-20&linkCode=osi&th=1&psc=1"><img src="https://m.media-amazon.com/images/I/316UK0+xv+L._SL500_.jpg" alt="Product Image"></a><p>Aveeno Baby Daily Moisture Gentle Bath Wash & Shampoo with Natural Oat Extract, Hypoallergenic, Tear-Free & Paraben-Free Formula For Sensitive Hair & Skin, Lightly Scented, 33 fl. oz</p><p> -43% 0FF </p><p>$13.98 ($0.42 / Fl Oz)</p><a href="https://www.amazon.com/dp/B07NSBTZ22?tag=eloabder-20&linkCode=osi&th=1&psc=1">View Product</a></div><div class="product"><a href="https://www.amazon.com/dp/B07DGPL4Y7?tag=eloabder-20&linkCode=osi&th=1&psc=1"><img src="https://m.media-amazon.com/images/I/310oJnMMURS._SL500_.jpg" alt="Product Image"></a><p>Johnson's Baby Calming Baby Shampoo with Soothing NaturalCalm Scent, Hypoallergenic & Tear-Free Baby Hair Shampoo, Free of Parabens, Phthalates, Sulfates & Dyes, 20.3 fl. oz</p><p> -9% 0FF </p><p>$5.39 ($0.27 / Fl Oz)</p><a href="https://www.amazon.com/dp/B07DGPL4Y7?tag=eloabder-20&linkCode=osi&th=1&psc=1">View Product</a></div><div class="product"><a href="https://www.amazon.com/dp/B072QXWXS6?tag=eloabder-20&linkCode=osi&th=1&psc=1"><img src="https://m.media-amazon.com/images/I/31nATTwRNrL._SL500_.jpg" alt="Product Image"></a><p>The Honest Company 2-in-1 Cleansing Shampoo + Body Wash | Gentle for Baby | Naturally Derived, Tear-free, Hypoallergenic | Fragrance Free Sensitive, 10 fl oz</p><p> -8% 0FF </p><p>$10.99 ($1.10 / Fl Oz)</p><a href="https://www.amazon.com/dp/B072QXWXS6?tag=eloabder-20&linkCode=osi&th=1&psc=1">View Product</a></div><div class="product"><a href="https://www.amazon.com/dp/B0BXB874ZB?tag=eloabder-20&linkCode=osi&th=1&psc=1"><img src="https://m.media-amazon.com/images/I/61I9qaFfznL._SL500_.jpg" alt="Product Image"></a><p>SheaMoisture Baby Shampoo & Bath Milk Manuka Honey & Lavender for Delicate Hair and Skin Nighttime Skin and Hair Care Regimen 13 oz</p><p> -10% 0FF </p><p>$8.97 ($0.69 / Fl Oz)</p><a href="https://www.amazon.com/dp/B0BXB874ZB?tag=eloabder-20&linkCode=osi&th=1&psc=1">View Product</a></div>
<div class="product"><a href="https://www.amazon.com/dp/B07JP112TD?tag=eloabder-20&linkCode=osi&th=1&psc=1"><img src="https://m.media-amazon.com/images/I/31-1TtUqz2L._SL500_.jpg" alt="Product Image"></a><p>Stride Rite Baby Girls Sr Taye 2.0 First Walker Shoe, Pink, 3 Infant US</p><p> -30% 0FF </p><p>$25.72</p><a href="https://www.amazon.com/dp/B07JP112TD?tag=eloabder-20&linkCode=osi&th=1&psc=1">View Product</a></div><div class="product"><a href="https://www.amazon.com/dp/B08M5M2ZNJ?tag=eloabder-20&linkCode=osi&th=1&psc=1"><img src="https://m.media-amazon.com/images/I/31qHgEG+WSL._SL500_.jpg" alt="Product Image"></a><p>Baby Booties 6-12 Months Unisex Cozy Fleece Newborn Booties Non-Slip Newborn First Walkers Shoes Toddler Slippers for Baby Boys & Baby Girls Gifts, Black</p><p> -33% 0FF </p><p>$9.99</p><a href="https://www.amazon.com/dp/B08M5M2ZNJ?tag=eloabder-20&linkCode=osi&th=1&psc=1">View Product</a></div><div class="product"><a href="https://www.amazon.com/dp/B0BV2J28DN?tag=eloabder-20&linkCode=osi&th=1&psc=1"><img src="https://m.media-amazon.com/images/I/41n15Z33RlL._SL500_.jpg" alt="Product Image"></a><p>Baby Walking Shoes First Boy Girl Walker Infant Sock Tennis Mesh Sneakers Breathable 6 9 12 18 24 Months Camel Size 6-12 Months Infant</p><p> -18% 0FF </p><p>$26.99</p><a href="https://www.amazon.com/dp/B0BV2J28DN?tag=eloabder-20&linkCode=osi&th=1&psc=1">View Product</a></div><div class="product"><a href="https://www.amazon.com/dp/B0C9ZTGHWF?tag=eloabder-20&linkCode=osi&th=1&psc=1"><img src="https://m.media-amazon.com/images/I/41jzu4SNmLL._SL500_.jpg" alt="Product Image"></a><p>BMCiTYBM Baby Boy Girl Shoes Infant First Walker Shoes Breathable Walking Shoes Lightweight Non-Slip Sneakers 6 9 12 18 24 Months Gray Size 12-18 Months Infant</p><p> -12% 0FF </p><p>$29.99</p><a href="https://www.amazon.com/dp/B0C9ZTGHWF?tag=eloabder-20&linkCode=osi&th=1&psc=1">View Product</a></div>
<div class="product"><a href="https://www.amazon.com/dp/B0B6Z9SVXG?tag=eloabder-20&linkCode=osi&th=1&psc=1"><img src="https://m.media-amazon.com/images/I/41yQhQfpuJL._SL500_.jpg" alt="Product Image"></a><p>Shiaon Baby Sling Carrier Newborn to Toddler, Lightweight Baby Carrier Sling, Baby Wrap Sling, Baby Hip Seat Carrier for Toddler Sling, Baby Holder Carrier, Nursing Sling, Carrying 7-45 lbs, Grey</p><p> -20% 0FF </p><p>$32.99</p><a href="https://www.amazon.com/dp/B0B6Z9SVXG?tag=eloabder-20&linkCode=osi&th=1&psc=1">View Product</a></div><div class="product"><a href="https://www.amazon.com/dp/B07SK6GVCJ?tag=eloabder-20&linkCode=osi&th=1&psc=1"><img src="https://m.media-amazon.com/images/I/41o7bWiYEUL._SL500_.jpg" alt="Product Image"></a><p>CUBY Water Baby Sling Carrier Breathable Mesh Baby Wraps Carrier Adjustable Ring Sling Baby Carrier Infant Carrier for Summer Swimming Pool Beach (Light Grey)</p><p> -27% 0FF </p><p>$18.99</p><a href="https://www.amazon.com/dp/B07SK6GVCJ?tag=eloabder-20&linkCode=osi&th=1&psc=1">View Product</a></div><div class="product"><a href="https://www.amazon.com/dp/B07YQYRVDX?tag=eloabder-20&linkCode=osi&th=1&psc=1"><img src="https://m.media-amazon.com/images/I/41nKHqgPniL._SL500_.jpg" alt="Product Image"></a><p>Baby Sling and Ring Sling 100% Cotton Muslin Infant Carrier, Front and Chest Newborn Carrier Wrap, Toddler Carrier – Grey</p><p> -31% 0FF </p><p>$44.95</p><a href="https://www.amazon.com/dp/B07YQYRVDX?tag=eloabder-20&linkCode=osi&th=1&psc=1">View Product</a></div>
<div class="product"><a href="https://www.amazon.com/dp/B07N13W76L?tag=eloabder-20&linkCode=osi&th=1&psc=1"><img src="https://m.media-amazon.com/images/I/41d8emuEA8L._SL500_.jpg" alt="Product Image"></a><p>Baby Dove Sensitive Skin Care Baby Wash Calming Moisture For a Calming Bath Wash Hypoallergenic and Tear-Free, Washes Away Bacteria 13 oz</p><p> -6% 0FF </p><p>$7.99 ($0.61 / Ounce)</p><a href="https://www.amazon.com/dp/B07N13W76L?tag=eloabder-20&linkCode=osi&th=1&psc=1">View Product</a></div><div class="product"><a href="https://www.amazon.com/dp/B097NRRRNT?tag=eloabder-20&linkCode=osi&th=1&psc=1"><img src="https://m.media-amazon.com/images/I/31qcQUGmwRS._SL500_.jpg" alt="Product Image"></a><p>Johnson's Skin Nourishing Moisture Baby Body Wash With Vanilla & Oat Scents, Hypoallergenic & Tear Free Baby Bath Wash, Paraben-, Dye-, Sulfate & Phthalate-Free, 20.3 fl. oz</p><p> -26% 0FF </p><p>$6.78 ($0.33 / Fl Oz)</p><a href="https://www.amazon.com/dp/B097NRRRNT?tag=eloabder-20&linkCode=osi&th=1&psc=1">View Product</a></div><div class="product"><a href="https://www.amazon.com/dp/B07D2G6CLG?tag=eloabder-20&linkCode=osi&th=1&psc=1"><img src="https://m.media-amazon.com/images/I/31EQ6Pb153L._SL500_.jpg" alt="Product Image"></a><p>Johnson's Bedtime Baby Bath with Soothing NaturalCalm Aromas, Hypoallergenic & Tear Free Formula, 27.1 fl. oz</p><p> -33% 0FF </p><p>$9.98 ($0.37 / Fl Oz)</p><a href="https://www.amazon.com/dp/B07D2G6CLG?tag=eloabder-20&linkCode=osi&th=1&psc=1">View Product</a></div>
<div class="product"><a href="https://www.amazon.com/dp/B006VB29D8?tag=eloabder-20&linkCode=osi&th=1&psc=1"><img src="https://m.media-amazon.com/images/I/41avOtC2ssL._SL500_.jpg" alt="Product Image"></a><p>Munchkin® Soft Tip™ Baby Spoons, BPA Free, 12 Pack</p><p> -17% 0FF </p><p>$6.98</p><a href="https://www.amazon.com/dp/B006VB29D8?tag=eloabder-20&linkCode=osi&th=1&psc=1">View Product</a></div><div class="product"><a href="https://www.amazon.com/dp/B0CKJXWM44?tag=eloabder-20&linkCode=osi&th=1&psc=1"><img src="https://m.media-amazon.com/images/I/41n4jr8b6VL._SL500_.jpg" alt="Product Image"></a><p>Nuby Baby's First Spoons Set - (3-Pack) Feeding Utensils for Babies - 6+ Months</p><p> -40% 0FF </p><p>$5.97</p><a href="https://www.amazon.com/dp/B0CKJXWM44?tag=eloabder-20&linkCode=osi&th=1&psc=1">View Product</a></div><div class="product"><a href="https://www.amazon.com/dp/B0CKWJNQP4?tag=eloabder-20&linkCode=osi&th=1&psc=1"><img src="https://m.media-amazon.com/images/I/413epEJW7PL._SL500_.jpg" alt="Product Image"></a><p>Munchkin® Gentle Dip™ Multistage First Spoon Set for Baby Led Weaning, Self Feeding, Solids & Purees, 3 Pack, Coral/Purple</p><p> -35% 0FF </p><p>$6.49</p><a href="https://www.amazon.com/dp/B0CKWJNQP4?tag=eloabder-20&linkCode=osi&th=1&psc=1">View Product</a></div><div class="product"><a href="https://www.amazon.com/dp/B08MVST7H1?tag=eloabder-20&linkCode=osi&th=1&psc=1"><img src="https://m.media-amazon.com/images/I/319zTmlUj8L._SL500_.jpg" alt="Product Image"></a><p>PrimaStella Silicone Chew Spoon Set for Babies and Toddlers | Safety Tested | BPA Free | Microwave, Dishwasher and Freezer Safe</p><p> -33% 0FF </p><p>$7.99</p><a href="https://www.amazon.com/dp/B08MVST7H1?tag=eloabder-20&linkCode=osi&th=1&psc=1">View Product</a></div>
<div class="product"><a href="https://www.amazon.com/dp/B0D5Q2GKMX?tag=eloabder-20&linkCode=osi&th=1&psc=1"><img src="https://m.media-amazon.com/images/I/51PSbL1vo1L._SL500_.jpg" alt="Product Image"></a><p>Accombe 2 in 1 Baby Stroller, Convertible Bassinet Pushchair for Infants and Newborns 0-36 Months</p><p> -23% 0FF </p><p>$154.99</p><a href="https://www.amazon.com/dp/B0D5Q2GKMX?tag=eloabder-20&linkCode=osi&th=1&psc=1">View Product</a></div><div class="product"><a href="https://www.amazon.com/dp/B01FCDWZFC?tag=eloabder-20&linkCode=osi&th=1&psc=1"><img src="https://m.media-amazon.com/images/I/41jrn+R3+0L._SL500_.jpg" alt="Product Image"></a><p>Baby Trend Range Jogger Stroller, Millennium</p><p> -36% 0FF </p><p>$90.08</p><a href="https://www.amazon.com/dp/B01FCDWZFC?tag=eloabder-20&linkCode=osi&th=1&psc=1">View Product</a></div><div class="product"><a href="https://www.amazon.com/dp/B0BSP4K34F?tag=eloabder-20&linkCode=osi&th=1&psc=1"><img src="https://m.media-amazon.com/images/I/41zs0EAVv0L._SL500_.jpg" alt="Product Image"></a><p>Summer by Ingenuity 3Dquickclose CS+ Compact Fold Stroller, Car-Seat Compatible, Lightweight Stroller with Oversized Canopy, Extra-Large Storage</p><p> -19% 0FF </p><p>$80.74</p><a href="https://www.amazon.com/dp/B0BSP4K34F?tag=eloabder-20&linkCode=osi&th=1&psc=1">View Product</a></div><div class="product"><a href="https://www.amazon.com/dp/B08K2YFNDW?tag=eloabder-20&linkCode=osi&th=1&psc=1"><img src="https://m.media-amazon.com/images/I/41USzhsByBL._SL500_.jpg" alt="Product Image"></a><p>Graco Ready2Grow LX 2.0 Double Stroller Features Bench Seat and Standing Platform Options, Clark</p><p> -20% 0FF </p><p>$215.99</p><a href="https://www.amazon.com/dp/B08K2YFNDW?tag=eloabder-20&linkCode=osi&th=1&psc=1">View Product</a></div><div class="product"><a href="https://www.amazon.com/dp/B09FL82SRC?tag=eloabder-20&linkCode=osi&th=1&psc=1"><img src="https://m.media-amazon.com/images/I/41oWEq1J+SL._SL500_.jpg" alt="Product Image"></a><p>Mompush Wiz 2-in-1 Convertible Baby Stroller with Bassinet Mode - Foldable Infant Stroller to Explore More as a Family - Toddler Stroller with Reversible Stroller Seat</p><p> -30% 0FF </p><p>$159.99</p><a href="https://www.amazon.com/dp/B09FL82SRC?tag=eloabder-20&linkCode=osi&th=1&psc=1">View Product</a></div><div class="product"><a href="https://www.amazon.com/dp/B01JRY00C2?tag=eloabder-20&linkCode=osi&th=1&psc=1"><img src="https://m.media-amazon.com/images/I/41oyBwt71IL._SL500_.jpg" alt="Product Image"></a><p>Safety 1st Smooth Ride Travel System Stroller and Car Seat OnBoard™ FLX - Efficient Infant Car Seat Stroller and Infant Car Seat and Stroller Combo, Monument</p><p> -9% 0FF </p><p>$199.99</p><a href="https://www.amazon.com/dp/B01JRY00C2?tag=eloabder-20&linkCode=osi&th=1&psc=1">View Product</a></div>
<div class="product"><a href="https://www.amazon.com/dp/B08K2CN246?tag=eloabder-20&linkCode=osi&th=1&psc=1"><img src="https://m.media-amazon.com/images/I/41kw6Z5JVpL._SL500_.jpg" alt="Product Image"></a><p>Graco Soothe My Way with Removable Rocker, Madden - Versatile Baby Swing & Portable Rocker</p><p> -5% 0FF </p><p>$199.99</p><a href="https://www.amazon.com/dp/B08K2CN246?tag=eloabder-20&linkCode=osi&th=1&psc=1">View Product</a></div><div class="product"><a href="https://www.amazon.com/dp/B0CPTD1PS8?tag=eloabder-20&linkCode=osi&th=1&psc=1"><img src="https://m.media-amazon.com/images/I/31mjNCs4A0L._SL500_.jpg" alt="Product Image"></a><p>Maxi-Cosi Cassia Baby Swings for Infants: Smart Portable Baby Swing with Music, Lightweight & Foldable Baby Swing, 360 Rotation Infant Swing, Classic Oat</p><p> -14% 0FF </p><p>$172.65</p><a href="https://www.amazon.com/dp/B0CPTD1PS8?tag=eloabder-20&linkCode=osi&th=1&psc=1">View Product</a></div>
<div class="product"><a href="https://www.amazon.com/dp/B0795ZW85G?tag=eloabder-20&linkCode=osi&th=1&psc=1"><img src="https://m.media-amazon.com/images/I/41MJ3gfs90L._SL500_.jpg" alt="Product Image"></a><p>Kinsa Smart,Fever, Digital Medical Baby, Kid and Adult Termometro - Accurate, Fast, FDA Cleared Thermometer for Oral, Armpit or Rectal Temperature Reading - QuickCare</p><p> -27% 0FF </p><p>$21.97</p><a href="https://www.amazon.com/dp/B0795ZW85G?tag=eloabder-20&linkCode=osi&th=1&psc=1">View Product</a></div>
<div class="product"><a href="https://www.amazon.com/dp/B0866RV9SM?tag=eloabder-20&linkCode=osi&th=1&psc=1"><img src="https://m.media-amazon.com/images/I/41n5jaf1l8L._SL500_.jpg" alt="Product Image"></a><p>Dr. Brown's Infant-to-Toddler Training Toothbrush Set with Fluoride-Free Baby Toothpaste, Strawberry - Giraffe - 1.4oz - 0-3 years</p><p> -9% 0FF </p><p>$8.19</p><a href="https://www.amazon.com/dp/B0866RV9SM?tag=eloabder-20&linkCode=osi&th=1&psc=1">View Product</a></div>
<div class="product"><a href="https://www.amazon.com/dp/B079KV58DJ?tag=eloabder-20&linkCode=osi&th=1&psc=1"><img src="https://m.media-amazon.com/images/I/31a0bFQr94L._SL500_.jpg" alt="Product Image"></a><p>Dr. Talbot's Baby Toothpaste Naturally Inspired with Citroganix and Silicone Finger Gum Massager, Vanilla Milk Flavor</p><p> -35% 0FF </p><p>$3.87</p><a href="https://www.amazon.com/dp/B079KV58DJ?tag=eloabder-20&linkCode=osi&th=1&psc=1">View Product</a></div><div class="product"><a href="https://www.amazon.com/dp/B07GT9YRXD?tag=eloabder-20&linkCode=osi&th=1&psc=1"><img src="https://m.media-amazon.com/images/I/416EJX6PtPL._SL500_.jpg" alt="Product Image"></a><p>Baby Toothpaste 6 to 12 Months - Rain Fluoride Free Tooth Paste Gel for Infant Toddler Kids 0-6 Years and Up, Safe to Swallow, 2.8 Oz, Babies Training, Xylitol, Vitamin C, Vegan, SLS Free, Gluten Free</p><p> -25% 0FF </p><p>$13.94</p><a href="https://www.amazon.com/dp/B07GT9YRXD?tag=eloabder-20&linkCode=osi&th=1&psc=1">View Product</a></div>
<div class="product"><a href="https://www.amazon.com/dp/B0B9BMFS4X?tag=eloabder-20&linkCode=osi&th=1&psc=1"><img src="https://m.media-amazon.com/images/I/51QOy--SVyL._SL500_.jpg" alt="Product Image"></a><p>HOMEXCEL Baby Washcloths 24 Pack-Microfiber Coral Fleece Baby Bath Face Towel 7 x 9 Inch Extra Absorbent and Soft Burp Cloth and Wash Cloths for Newborn-Infants and Toddlers-Gentle On Sensitive Skin</p><p> -10% 0FF </p><p>$8.99</p><a href="https://www.amazon.com/dp/B0B9BMFS4X?tag=eloabder-20&linkCode=osi&th=1&psc=1">View Product</a></div>
<div class="product"><a href="https://www.amazon.com/dp/B00M2AAYG6?tag=eloabder-20&linkCode=osi&th=1&psc=1"><img src="https://m.media-amazon.com/images/I/41fixA-oZyL._SL500_.jpg" alt="Product Image"></a><p>Smart Steps 3.0 Activity Walker, Emily</p><p> -20% 0FF </p><p>$39.98</p><a href="https://www.amazon.com/dp/B00M2AAYG6?tag=eloabder-20&linkCode=osi&th=1&psc=1">View Product</a></div><div class="product"><a href="https://www.amazon.com/dp/B0C4PB4QN3?tag=eloabder-20&linkCode=osi&th=1&psc=1"><img src="https://m.media-amazon.com/images/I/41a0CSHVcBL._SL500_.jpg" alt="Product Image"></a><p>Wismind Baby Walker Foldable with 9 Adjustable Heights, Baby Walkers and Activity Center for Boys Girls Babies 7-18 Months, Baby Walker with Wheels Portable</p><p> -30% 0FF </p><p>$69.99</p><a href="https://www.amazon.com/dp/B0C4PB4QN3?tag=eloabder-20&linkCode=osi&th=1&psc=1">View Product</a></div><div class="product"><a href="https://www.amazon.com/dp/B074ZDNJBD?tag=eloabder-20&linkCode=osi&th=1&psc=1"><img src="https://m.media-amazon.com/images/I/41WJhym-67L._SL500_.jpg" alt="Product Image"></a><p>Fisher-Price Baby Toy Laugh & Learn Smart Stages Learn with Puppy Walker with Music Lights & Activities for Infants Ages 6+ Months</p><p> -20% 0FF </p><p>$19.97</p><a href="https://www.amazon.com/dp/B074ZDNJBD?tag=eloabder-20&linkCode=osi&th=1&psc=1">View Product</a></div><div class="product"><a href="https://www.amazon.com/dp/B0CPP7HFVY?tag=eloabder-20&linkCode=osi&th=1&psc=1"><img src="https://m.media-amazon.com/images/I/51L9TuZYYDL._SL500_.jpg" alt="Product Image"></a><p>Tiny Land Wooden Baby Walker, Baby Push Walker, Montessori Walker Toy, Adjustable Speed Baby Walker for Boys and Girls, Baby Activity Center, Push Toys for Kids Development</p><p> -6% 0FF </p><p>$79.99</p><a href="https://www.amazon.com/dp/B0CPP7HFVY?tag=eloabder-20&linkCode=osi&th=1&psc=1">View Product</a></div><div class="product"><a href="https://www.amazon.com/dp/B09QNK7BD9?tag=eloabder-20&linkCode=osi&th=1&psc=1"><img src="https://m.media-amazon.com/images/I/417kGxszQCL._SL500_.jpg" alt="Product Image"></a><p>Bright Starts Disney Baby Minnie Mouse Forever Besties 2-in-1 Baby Activity Walker - Easy Fold Frame and Removable -Toy Station, 6 Months and up</p><p> -17% 0FF </p><p>$49.98</p><a href="https://www.amazon.com/dp/B09QNK7BD9?tag=eloabder-20&linkCode=osi&th=1&psc=1">View Product</a></div>
<div class="product"><a href="https://www.amazon.com/dp/B078XYF78X?tag=eloabder-20&linkCode=osi&th=1&psc=1"><img src="https://m.media-amazon.com/images/I/41cDmYF13wL._SL500_.jpg" alt="Product Image"></a><p>Huggies Simply Clean Fragrance-Free Baby Wipes, Unscented Diaper Wipes, 1 Flip-Top Pack (64 Wipes Total)</p><p> -21% 0FF </p><p>$2.17 ($3.39 / 100 Count)</p><a href="https://www.amazon.com/dp/B078XYF78X?tag=eloabder-20&linkCode=osi&th=1&psc=1">View Product</a></div><div class="product"><a href="https://www.amazon.com/dp/B08QRT84WJ?tag=eloabder-20&linkCode=osi&th=1&psc=1"><img src="https://m.media-amazon.com/images/I/51vfRHDV3QL._SL500_.jpg" alt="Product Image"></a><p>Huggies Natural Care Sensitive Baby Wipes, Unscented, Hypoallergenic, 6 Flip-Top Packs (288 Wipes Total)</p><p> -15% 0FF </p><p>$11.33 ($3.93 / 100 Count)</p><a href="https://www.amazon.com/dp/B08QRT84WJ?tag=eloabder-20&linkCode=osi&th=1&psc=1">View Product</a></div><div class="product"><a href="https://www.amazon.com/dp/B0CNSCVGPH?tag=eloabder-20&linkCode=osi&th=1&psc=1"><img src="https://m.media-amazon.com/images/I/51oFmARUYLL._SL500_.jpg" alt="Product Image"></a><p>Huggies Simply Clean Fresh Scent Baby Wipes, 3 Flip-Top Packs of 64 (192 Wipes Total)</p><p> -13% 0FF </p><p>$6.77 ($3.53 / 100 Count)</p><a href="https://www.amazon.com/dp/B0CNSCVGPH?tag=eloabder-20&linkCode=osi&th=1&psc=1">View Product</a></div><div class="product"><a href="https://www.amazon.com/dp/B07KGL6L56?tag=eloabder-20&linkCode=osi&th=1&psc=1"><img src="https://m.media-amazon.com/images/I/41mNPe9fqbL._SL500_.jpg" alt="Product Image"></a><p>Pampers Baby Clean Wipes, Baby Fresh Scented Baby Wipes, 72 Baby Wipes Total (1 Flip-Top Pack)</p><p> -27% 0FF </p><p>$2.49 ($3.46 / 100 Count)</p><a href="https://www.amazon.com/dp/B07KGL6L56?tag=eloabder-20&linkCode=osi&th=1&psc=1">View Product</a></div><div class="product"><a href="https://www.amazon.com/dp/B07XMFVN95?tag=eloabder-20&linkCode=osi&th=1&psc=1"><img src="https://m.media-amazon.com/images/I/51-VIf1JGuL._SL500_.jpg" alt="Product Image"></a><p>Amazon Brand - Mama Bear Gentle Fragrance Free Baby Wipes, Hypoallergenic, Sensitive Skin, Unscented, 800 Count (8 Packs of 100)</p><p> -11% 0FF </p><p>$20.59</p><a href="https://www.amazon.com/dp/B07XMFVN95?tag=eloabder-20&linkCode=osi&th=1&psc=1">View Product</a></div>
<div class="product"><a href="https://www.amazon.com/dp/B082PSKBXV?tag=eloabder-20&linkCode=osi&th=1&psc=1"><img src="https://m.media-amazon.com/images/I/41e-U+REwlL._SL500_.jpg" alt="Product Image"></a><p>Baby Wrap Carrier Jeroray Hands Free Infant Carrier,Lightweight,Breathable,Softness,Heather Grey</p><p> -11% 0FF </p><p>$19.59</p><a href="https://www.amazon.com/dp/B082PSKBXV?tag=eloabder-20&linkCode=osi&th=1&psc=1">View Product</a></div>
<div class="product"><a href="https://www.amazon.com/dp/B0771L5HN5?tag=eloabder-20&linkCode=osi&th=1&psc=1"><img src="https://m.media-amazon.com/images/I/51pAl1My4tL._SL500_.jpg" alt="Product Image"></a><p>Corner Protector for Baby, Protectors Guards, Furniture Corner Guard & Edge Safety Bumpers - Baby Proof Bumper Cushion - Clear & Transparent (12 Pack)</p><p> -11% 0FF </p><p>$7.98 ($0.66 / Count)</p><a href="https://www.amazon.com/dp/B0771L5HN5?tag=eloabder-20&linkCode=osi&th=1&psc=1">View Product</a></div><div class="product"><a href="https://www.amazon.com/dp/B07CNS8W5Y?tag=eloabder-20&linkCode=osi&th=1&psc=1"><img src="https://m.media-amazon.com/images/I/41Hxr+wFkkL._SL500_.jpg" alt="Product Image"></a><p>12 Pack Corner Guards Corner Protectors Baby Proof Furniture Corner & Edge Safety Bumpers, Table Corner Protector for Furniture Corner Covers Baby Safety</p><p> -17% 0FF </p><p>$4.99</p><a href="https://www.amazon.com/dp/B07CNS8W5Y?tag=eloabder-20&linkCode=osi&th=1&psc=1">View Product</a></div>
<div class="product"><a href="https://www.amazon.com/dp/B0BDFB3LW6?tag=eloabder-20&linkCode=osi&th=1&psc=1"><img src="https://m.media-amazon.com/images/I/31HyDb7637L._SL500_.jpg" alt="Product Image"></a><p>Baby Proofing Cabinets,Cabinet Locks for Babies,U-Shaped Child Locks for Cabinets, Child Proof Cabinet Latches,Child Safety Cabinet Locks with Adjustable by SPISPI (Pack of 2)</p><p> -30% 0FF </p><p>$6.99</p><a href="https://www.amazon.com/dp/B0BDFB3LW6?tag=eloabder-20&linkCode=osi&th=1&psc=1">View Product</a></div><div class="product"><a href="https://www.amazon.com/dp/B07GRNTXJZ?tag=eloabder-20&linkCode=osi&th=1&psc=1"><img src="https://m.media-amazon.com/images/I/41WR7vsRvML._SL500_.jpg" alt="Product Image"></a><p>Upgraded Invisible Baby Proofing Cabinet Latch Locks (10 Pack) - No Drilling or Tools Required for Installation, Works with Most Cabinets and Drawers, Works with Countertop Overhangs, Highly Secure</p><p> -33% 0FF </p><p>$19.99</p><a href="https://www.amazon.com/dp/B07GRNTXJZ?tag=eloabder-20&linkCode=osi&th=1&psc=1">View Product</a></div><div class="product"><a href="https://www.amazon.com/dp/B07TV9QY16?tag=eloabder-20&linkCode=osi&th=1&psc=1"><img src="https://m.media-amazon.com/images/I/31CzUhfEf9S._SL500_.jpg" alt="Product Image"></a><p>Child Safety Cabinet Locks - (10 Pack) Baby Proofing Latches to Drawer Door Fridge Oven Toilet Seat Kitchen Cupboard Appliance Trash Can with 3M Adhesive - Adjustable Strap No Drill No Tool</p><p> -25% 0FF </p><p>$14.99</p><a href="https://www.amazon.com/dp/B07TV9QY16?tag=eloabder-20&linkCode=osi&th=1&psc=1">View Product</a></div><div class="product"><a href="https://www.amazon.com/dp/B0D7W79D9T?tag=eloabder-20&linkCode=osi&th=1&psc=1"><img src="https://m.media-amazon.com/images/I/31awaiU9CVL._SL500_.jpg" alt="Product Image"></a><p>Baby Proofing Cabinets, Sliding Cabinet Locks for Babies, Adjustable U Shaped Baby Safety Locks, Childproof Cabinet Latch for Kitchen, Bathroom, Drawer, Cupboard Doors Knobs & Handles (2Pack White)</p><p> -25% 0FF </p><p>$2.99</p><a href="https://www.amazon.com/dp/B0D7W79D9T?tag=eloabder-20&linkCode=osi&th=1&psc=1">View Product</a></div><div class="product"><a href="https://www.amazon.com/dp/B07K2PWN19?tag=eloabder-20&linkCode=osi&th=1&psc=1"><img src="https://m.media-amazon.com/images/I/41UlC3lEJaS._SL500_.jpg" alt="Product Image"></a><p>Cabinet Locks - Adoric Life Child Safety Locks 4 Pack - Baby Safety Cabinet Locks - Baby Proofing Cabinet Kitchen System with Strong Adhesive Tape</p><p> -46% 0FF </p><p>$6.99</p><a href="https://www.amazon.com/dp/B07K2PWN19?tag=eloabder-20&linkCode=osi&th=1&psc=1">View Product</a></div>
<div class="product"><a href="https://www.amazon.com/dp/B007IUOG5A?tag=eloabder-20&linkCode=osi&th=1&psc=1"><img src="https://m.media-amazon.com/images/I/31+8zGGzplL._SL500_.jpg" alt="Product Image"></a><p>Safety Innovations Twin Door Baby Safety Outlet Cover Box for Babyproofing Outlets - More Interior Space for Extra Large Electrical Plugs and Adapters - Easy to Install - Easy to Use, (1-Pack)</p><p> -33% 0FF </p><p>$9.95</p><a href="https://www.amazon.com/dp/B007IUOG5A?tag=eloabder-20&linkCode=osi&th=1&psc=1">View Product</a></div><div class="product"><a href="https://www.amazon.com/dp/B000HKVG9C?tag=eloabder-20&linkCode=osi&th=1&psc=1"><img src="https://m.media-amazon.com/images/I/41RdFKMVyCL._SL500_.jpg" alt="Product Image"></a><p>Safety 1st Outlet Cover with Cord Shortener for Baby Proofing</p><p> -9% 0FF </p><p>$4.98</p><a href="https://www.amazon.com/dp/B000HKVG9C?tag=eloabder-20&linkCode=osi&th=1&psc=1">View Product</a></div><div class="product"><a href="https://www.amazon.com/dp/B01N7H7J47?tag=eloabder-20&linkCode=osi&th=1&psc=1"><img src="https://m.media-amazon.com/images/I/414dT3xocLL._SL500_.jpg" alt="Product Image"></a><p>Outlet Covers Baby Proofing (50 Pack) Safe & Secure Electric Plug Protectors | Sturdy Childproof Socket Covers for Home & Office | Easy Installation | Protect Toddlers & Babies | White</p><p> -31% 0FF </p><p>$8.99</p><a href="https://www.amazon.com/dp/B01N7H7J47?tag=eloabder-20&linkCode=osi&th=1&psc=1">View Product</a></div>
<div class="product"><a href="https://www.amazon.com/dp/B08SQYKXCH?tag=eloabder-20&linkCode=osi&th=1&psc=1"><img src="https://m.media-amazon.com/images/I/51NMUNJ6CmL._SL500_.jpg" alt="Product Image"></a><p>Baby Proofing Edge Corner Protector, Table Bumper Guard, Soft Rubber Foam Guard, 3M Pre-Taped Corners, 20.5 ft (18.1ft Edge + 8 Corners) Baby Proof Corner Guard Heavy-Duty (18.1ft, Cream White)</p><p> -5% 0FF </p><p>$15.75</p><a href="https://www.amazon.com/dp/B08SQYKXCH?tag=eloabder-20&linkCode=osi&th=1&psc=1">View Product</a></div>
<div class="product"><a href="https://www.amazon.com/dp/B082LN53Y4?tag=eloabder-20&linkCode=osi&th=1&psc=1"><img src="https://m.media-amazon.com/images/I/51MQ1RC2tuL._SL500_.jpg" alt="Product Image"></a><p>Baby Car Mirror Most Stable Backseat Mirror with Premium Matte Finish-Super Clear PMMA Material Mirror-Safe, Secure and Shatterproof,Black</p><p> -53% 0FF </p><p>$7.99</p><a href="https://www.amazon.com/dp/B082LN53Y4?tag=eloabder-20&linkCode=osi&th=1&psc=1">View Product</a></div><div class="product"><a href="https://www.amazon.com/dp/B07MT8HXVC?tag=eloabder-20&linkCode=osi&th=1&psc=1"><img src="https://m.media-amazon.com/images/I/51lvNQUNxjL._SL500_.jpg" alt="Product Image"></a><p>Baby Car Mirror, DARVIQS Seat Safely Monitor Infant Child in Rear Facing Seat, Wide View Shatterproof Adjustable Acrylic 360°for Backseat, Crash Tested and Certified for Safety</p><p> -15% 0FF </p><p>$12.69</p><a href="https://www.amazon.com/dp/B07MT8HXVC?tag=eloabder-20&linkCode=osi&th=1&psc=1">View Product</a></div><div class="product"><a href="https://www.amazon.com/dp/B01K478YBA?tag=eloabder-20&linkCode=osi&th=1&psc=1"><img src="https://m.media-amazon.com/images/I/413tQ4nkWHL._SL500_.jpg" alt="Product Image"></a><p>Shynerk Baby Car Mirror, Rear Facing Car Seat Mirror Safety for Infant Newborn, Baby Mirror with Wide Rearview & 360° Rotation, Shatterproof & Easy Assembled Crash Tested</p><p> -38% 0FF </p><p>$15.99</p><a href="https://www.amazon.com/dp/B01K478YBA?tag=eloabder-20&linkCode=osi&th=1&psc=1">View Product</a></div><div class="product"><a href="https://www.amazon.com/dp/B08FLH1SHC?tag=eloabder-20&linkCode=osi&th=1&psc=1"><img src="https://m.media-amazon.com/images/I/31HQAIIlPlL._SL500_.jpg" alt="Product Image"></a><p>Munchkin® Brica® 360 Pivot Baby in-Sight® Wide Angle Adjustable Car Mirror, Crash Tested and Shatter Resistant, Black</p><p> -11% 0FF </p><p>$20.52</p><a href="https://www.amazon.com/dp/B08FLH1SHC?tag=eloabder-20&linkCode=osi&th=1&psc=1">View Product</a></div><div class="product"><a href="https://www.amazon.com/dp/B0DD43HCBS?tag=eloabder-20&linkCode=osi&th=1&psc=1"><img src="https://m.media-amazon.com/images/I/411RbPJWuRL._SL500_.jpg" alt="Product Image"></a><p>WZBB Baby Car Mirror with Light - Remote Control, 360° Adjustable, Shatter Resistant, Clear Night Vision, Easy Installation for Rear Facing Infants and Toddlers</p><p> -22% 0FF </p><p>$27.98</p><a href="https://www.amazon.com/dp/B0DD43HCBS?tag=eloabder-20&linkCode=osi&th=1&psc=1">View Product</a></div>
<div class="product"><a href="https://www.amazon.com/dp/B000JVCJDQ?tag=eloabder-20&linkCode=osi&th=1&psc=1"><img src="https://m.media-amazon.com/images/I/41o-rEGfj5L._SL500_.jpg" alt="Product Image"></a><p>Earth Mama Organic Diaper Balm | Diaper Cream with Calendula | Calm Skin Baby Essentials for Diaper Bag |Multipurpose Baby Ointment, 2-Fluid Ounce (2-Pack)</p><p> -30% 0FF </p><p>$26.58</p><a href="https://www.amazon.com/dp/B000JVCJDQ?tag=eloabder-20&linkCode=osi&th=1&psc=1">View Product</a></div><div class="product"><a href="https://www.amazon.com/dp/B006YTX0HQ?tag=eloabder-20&linkCode=osi&th=1&psc=1"><img src="https://m.media-amazon.com/images/I/41WJwvRm5aL._SL500_.jpg" alt="Product Image"></a><p>Burt's Bees Christmas Gifts, Baby 100% Natural Multipurpose Healing Ointment, Face & Body Baby Ointment – 7.5 Ounce Tub</p><p> -16% 0FF </p><p>$7.59 ($1.01 / Ounce)</p><a href="https://www.amazon.com/dp/B006YTX0HQ?tag=eloabder-20&linkCode=osi&th=1&psc=1">View Product</a></div><div class="product"><a href="https://www.amazon.com/dp/B01HI7VY84?tag=eloabder-20&linkCode=osi&th=1&psc=1"><img src="https://m.media-amazon.com/images/I/41tnCnueEWL._SL500_.jpg" alt="Product Image"></a><p>Aveeno Baby Eczema Therapy Nighttime Moisturizing Body Balm, Nourishing Skin Protectant Soothes & Relieves Dry, Itchy Skin from Eczema, Hypoallergenic, Fragrance- & Steroid-Free, 11 oz</p><p> -28% 0FF </p><p>$19.37 ($1.76 / Ounce)</p><a href="https://www.amazon.com/dp/B01HI7VY84?tag=eloabder-20&linkCode=osi&th=1&psc=1">View Product</a></div><div class="product"><a href="https://www.amazon.com/dp/B078B9JPLX?tag=eloabder-20&linkCode=osi&th=1&psc=1"><img src="https://m.media-amazon.com/images/I/31V-kg6EG5L._SL500_.jpg" alt="Product Image"></a><p>Earth Mama Organic Baby Face Nose & Cheek Balm | Moisturizer with Calendula Oil for Dry Skin Care, Natural Petroleum Jelly Alternative (2-Fluid Ounce)</p><p> -9% 0FF </p><p>$9.99 ($5.00 / Ounce)</p><a href="https://www.amazon.com/dp/B078B9JPLX?tag=eloabder-20&linkCode=osi&th=1&psc=1">View Product</a></div>
<div class="product"><a href="https://www.amazon.com/dp/B0C6V4KH59?tag=eloabder-20&linkCode=osi&th=1&psc=1"><img src="https://m.media-amazon.com/images/I/41-m52lOZwL._SL500_.jpg" alt="Product Image"></a><p>HALO Baby Flex BassiNest, Adjustable Travel Bassinet, Easy Folding, Lightweight with Mattress and Carrying Bag, Morning Mist</p><p> -50% 0FF </p><p>$49.99</p><a href="https://www.amazon.com/dp/B0C6V4KH59?tag=eloabder-20&linkCode=osi&th=1&psc=1">View Product</a></div><div class="product"><a href="https://www.amazon.com/dp/B0C7VRMHYY?tag=eloabder-20&linkCode=osi&th=1&psc=1"><img src="https://m.media-amazon.com/images/I/41XOT8oQMML._SL500_.jpg" alt="Product Image"></a><p>AirClub Bassinet Bedside Sleeper, Baby Crib for Newborn, Baby Bassinets Bedside Sleeper with 4 Auto-Lock & Adjustable Height, Breathable Mesh & Mattress, Bedside Bassinet</p><p> -25% 0FF </p><p>$149.99</p><a href="https://www.amazon.com/dp/B0C7VRMHYY?tag=eloabder-20&linkCode=osi&th=1&psc=1">View Product</a></div><div class="product"><a href="https://www.amazon.com/dp/B0CB3HVPL7?tag=eloabder-20&linkCode=osi&th=1&psc=1"><img src="https://m.media-amazon.com/images/I/41AO8J-9fZL._SL500_.jpg" alt="Product Image"></a><p>Fodoss Baby Bassinets Bedside Sleeper - All Mesh Bedside Bassinet with Wheels, 7 Height Adjustable Baby Bassinet for Infants, Beige</p><p> -10% 0FF </p><p>$89.99</p><a href="https://www.amazon.com/dp/B0CB3HVPL7?tag=eloabder-20&linkCode=osi&th=1&psc=1">View Product</a></div><div class="product"><a href="https://www.amazon.com/dp/B0CXG8NVBP?tag=eloabder-20&linkCode=osi&th=1&psc=1"><img src="https://m.media-amazon.com/images/I/3173PjIYwrL._SL500_.jpg" alt="Product Image"></a><p>Graco® SmartSense™ Soothing Baby Bassinet – Smart Newborn Bassinet Detects and Automatically Responds to Baby's Cries – for Newborn Babies to 6 Months</p><p> -20% 0FF </p><p>$319.99</p><a href="https://www.amazon.com/dp/B0CXG8NVBP?tag=eloabder-20&linkCode=osi&th=1&psc=1">View Product</a></div><div class="product"><a href="https://www.amazon.com/dp/B08K3314ZL?tag=eloabder-20&linkCode=osi&th=1&psc=1"><img src="https://m.media-amazon.com/images/I/41pUDfJ9dAL._SL500_.jpg" alt="Product Image"></a><p>Graco Pack 'n Play Close2Baby Bassinet Playard Features Portable Bassinet Diaper Changer and More, Derby</p><p> -6% 0FF </p><p>$188.09</p><a href="https://www.amazon.com/dp/B08K3314ZL?tag=eloabder-20&linkCode=osi&th=1&psc=1">View Product</a></div><div class="product"><a href="https://www.amazon.com/dp/B0CTKT6641?tag=eloabder-20&linkCode=osi&th=1&psc=1"><img src="https://m.media-amazon.com/images/I/31pNKDUBgDL._SL500_.jpg" alt="Product Image"></a><p>Baby Delight Beside Me Dreamer Bassinet | Bedside Sleeper & Baby Bassinet | 6-Position Height Adjustment | 100% GOTS Certified Organic Cotton Fabric | Organic Mocha</p><p> -22% 0FF </p><p>$139.99</p><a href="https://www.amazon.com/dp/B0CTKT6641?tag=eloabder-20&linkCode=osi&th=1&psc=1">View Product</a></div><div class="product"><a href="https://www.amazon.com/dp/B09XHKL683?tag=eloabder-20&linkCode=osi&th=1&psc=1"><img src="https://m.media-amazon.com/images/I/611wEYRVaUL._SL500_.jpg" alt="Product Image"></a><p>Baby Bassinet Bedside Sleeper, besrey Bedside Bassinet for Newborn Infant with Comfy Mattress, 9 Height Positions, Adjustable Bedside Crib with 360° Swivel Wheels Bassinet for Baby with Storage Basket</p><p> -27% 0FF </p><p>$153.99</p><a href="https://www.amazon.com/dp/B09XHKL683?tag=eloabder-20&linkCode=osi&th=1&psc=1">View Product</a></div>
<div class="product"><a href="https://www.amazon.com/dp/B08CNM6DZT?tag=eloabder-20&linkCode=osi&th=1&psc=1"><img src="https://m.media-amazon.com/images/I/51D5+ArDsWL._SL500_.jpg" alt="Product Image"></a><p>Comfortable Bath Kneeler and Elbow Kneeling Rest Pad for Baby Bathing Parents - Painless Foam Mat with Toy Organizer Pockets - Quick Drying, Foldable, Non-Slip for Baby and Toddler Bathing</p><p> -20% 0FF </p><p>$41.97</p><a href="https://www.amazon.com/dp/B08CNM6DZT?tag=eloabder-20&linkCode=osi&th=1&psc=1">View Product</a></div><div class="product"><a href="https://www.amazon.com/dp/B07FK58QB1?tag=eloabder-20&linkCode=osi&th=1&psc=1"><img src="https://m.media-amazon.com/images/I/41qpzgGaHVL._SL500_.jpg" alt="Product Image"></a><p>Skip Hop Moby Bath Kneeler, Grey</p><p> -20% 0FF </p><p>$14.39</p><a href="https://www.amazon.com/dp/B07FK58QB1?tag=eloabder-20&linkCode=osi&th=1&psc=1">View Product</a></div><div class="product"><a href="https://www.amazon.com/dp/B081T5449V?tag=eloabder-20&linkCode=osi&th=1&psc=1"><img src="https://m.media-amazon.com/images/I/41bxm5Tx9BL._SL500_.jpg" alt="Product Image"></a><p>Toodly Baby Bath Kneeler and Elbow Rest Pad Set - Baby Bath Support for Knees and Elbows - Bath Kneeler Pad with Memory Foam and Bath Toys Organizer - Ideal Bath Kneeling Pad for Bathing Baby - Grey</p><p> -33% 0FF </p><p>$39.99</p><a href="https://www.amazon.com/dp/B081T5449V?tag=eloabder-20&linkCode=osi&th=1&psc=1">View Product</a></div><div class="product"><a href="https://www.amazon.com/dp/B07K1W7WN5?tag=eloabder-20&linkCode=osi&th=1&psc=1"><img src="https://m.media-amazon.com/images/I/31c0BxxJKZL._SL500_.jpg" alt="Product Image"></a><p>Skip Hop Baby Bath All-in-One Elbow Saver and Kneeler, Moby, Grey</p><p> -22% 0FF </p><p>$29.49</p><a href="https://www.amazon.com/dp/B07K1W7WN5?tag=eloabder-20&linkCode=osi&th=1&psc=1">View Product</a></div><div class="product"><a href="https://www.amazon.com/dp/B0CP48MH77?tag=eloabder-20&linkCode=osi&th=1&psc=1"><img src="https://m.media-amazon.com/images/I/41hoDZTiOEL._SL500_.jpg" alt="Product Image"></a><p>Efforest Baby Bath Kneeler and Elbow Rest Pad Set, 1.5" Thick Kneeling Pad for Baby Bath, Bathtub Kneeling pad with Toy Organizer for Knee & Arm Support, Non-Slip Mat for Baby & Toddler Bath</p><p> -50% 0FF </p><p>$17.48</p><a href="https://www.amazon.com/dp/B0CP48MH77?tag=eloabder-20&linkCode=osi&th=1&psc=1">View Product</a></div><div class="product"><a href="https://www.amazon.com/dp/B07WQTV19X?tag=eloabder-20&linkCode=osi&th=1&psc=1"><img src="https://m.media-amazon.com/images/I/41KGpUoWZ-S._SL500_.jpg" alt="Product Image"></a><p>Bath Kneeler and Elbow Rest Pad, 1.75 inch Extra Thick Baby Bath Kneeling Pad and Elbow Pad for Bathtub. Bath Tub Elbow Pad with Infant Toy and Baby Accessories Organizer, Grey</p><p> -13% 0FF </p><p>$34.99</p><a href="https://www.amazon.com/dp/B07WQTV19X?tag=eloabder-20&linkCode=osi&th=1&psc=1">View Product</a></div>
<div class="product"><a href="https://www.amazon.com/dp/B00I3K25R0?tag=eloabder-20&linkCode=osi&th=1&psc=1"><img src="https://m.media-amazon.com/images/I/41wucHZw+xL._SL500_.jpg" alt="Product Image"></a><p>Munchkin® Float & Play Bubbles™ Baby and Toddler Bath Toy, 4 Count</p><p> -35% 0FF </p><p>$6.15</p><a href="https://www.amazon.com/dp/B00I3K25R0?tag=eloabder-20&linkCode=osi&th=1&psc=1">View Product</a></div><div class="product"><a href="https://www.amazon.com/dp/B0C3VFVWYB?tag=eloabder-20&linkCode=osi&th=1&psc=1"><img src="https://m.media-amazon.com/images/I/41Cr35zwy4L._SL500_.jpg" alt="Product Image"></a><p>XY-WQ Bath Toys No Hole, for Infants 6-12& Toddlers 1-3, No Hole Bathtub Toys (Animal Ⅱ, 8 Pcs with Mesh Bag)</p><p> -25% 0FF </p><p>$11.99</p><a href="https://www.amazon.com/dp/B0C3VFVWYB?tag=eloabder-20&linkCode=osi&th=1&psc=1">View Product</a></div><div class="product"><a href="https://www.amazon.com/dp/B0D95ZDWD3?tag=eloabder-20&linkCode=osi&th=1&psc=1"><img src="https://m.media-amazon.com/images/I/51J3Myxu1lL._SL500_.jpg" alt="Product Image"></a><p>candyfouse Baby Whale Bath Toys,Whale Bath Toy Sprinkler, Light Up Bath Toys for Toddlers 1-3, Four Water Spray Patterns, Waterproof Design, Bathtub Fountain Spray Toy, Baby Birthday Shower Gifts</p><p> -40% 0FF </p><p>$5.99</p><a href="https://www.amazon.com/dp/B0D95ZDWD3?tag=eloabder-20&linkCode=osi&th=1&psc=1">View Product</a></div><div class="product"><a href="https://www.amazon.com/dp/B07Z22YMPN?tag=eloabder-20&linkCode=osi&th=1&psc=1"><img src="https://m.media-amazon.com/images/I/5101dLkJnoL._SL500_.jpg" alt="Product Image"></a><p>Toy Boat Bath Toys for Toddlers with 4 Mini Car Toys and 4 Bath Boat Squirters, Kids Ferry Boat for Bathtub Bathroom Pool Beach Toys</p><p> -50% 0FF </p><p>$13.47</p><a href="https://www.amazon.com/dp/B07Z22YMPN?tag=eloabder-20&linkCode=osi&th=1&psc=1">View Product</a></div><div class="product"><a href="https://www.amazon.com/dp/B0C72TGNHL?tag=eloabder-20&linkCode=osi&th=1&psc=1"><img src="https://m.media-amazon.com/images/I/51AOyTHwqrL._SL500_.jpg" alt="Product Image"></a><p>SplashEZ Mold Free Bath Toys for Babies & Toddlers, Car No Hole Bath Toys, Non Squirting Bath Toys No Mold for Tub, Beach, Pool, BPA-Free, Safe, Fun Infant Baby Bath Toys No Holes 0 1 3 6 12 18 Months</p><p> -38% 0FF </p><p>$9.99</p><a href="https://www.amazon.com/dp/B0C72TGNHL?tag=eloabder-20&linkCode=osi&th=1&psc=1">View Product</a></div>
<div class="product"><a href="https://www.amazon.com/dp/B078941ZC8?tag=eloabder-20&linkCode=osi&th=1&psc=1"><img src="https://m.media-amazon.com/images/I/31ltY+yutGL._SL500_.jpg" alt="Product Image"></a><p>Summer by Ingenuity My Bath Seat for Sit-Up Baby Bathing, Sure & Secure Suction Cups, ASTM Safety Tested & Approved, Backrest for Assisted Sitting, Easy Setup & Storage, Aqua</p><p> -34% 0FF </p><p>$23.16</p><a href="https://www.amazon.com/dp/B078941ZC8?tag=eloabder-20&linkCode=osi&th=1&psc=1">View Product</a></div><div class="product"><a href="https://www.amazon.com/dp/B0DCZ4F9MT?tag=eloabder-20&linkCode=osi&th=1&psc=1"><img src="https://m.media-amazon.com/images/I/31BF+egPyoL._SL500_.jpg" alt="Product Image"></a><p>Baby Bath Seat for Babies 6 Months & Up, Bath Seats for Babies Sitting Up, 3 Baby Bath Toys, Open Design, Non-Slip, Compact Toddler Bath Seat.</p><p> -6% 0FF </p><p>$39.99</p><a href="https://www.amazon.com/dp/B0DCZ4F9MT?tag=eloabder-20&linkCode=osi&th=1&psc=1">View Product</a></div><div class="product"><a href="https://www.amazon.com/dp/B0CSCYM2NW?tag=eloabder-20&linkCode=osi&th=1&psc=1"><img src="https://m.media-amazon.com/images/I/31Vbrx5q63L._SL500_.jpg" alt="Product Image"></a><p>Trankerloop Baby Bath Seat, Bath Seat for Baby 6 Month & up, Baby Bath tub Seat with Suction Cups, Non-Slip, Detachable, Pink</p><p> -11% 0FF </p><p>$39.99</p><a href="https://www.amazon.com/dp/B0CSCYM2NW?tag=eloabder-20&linkCode=osi&th=1&psc=1">View Product</a></div><div class="product"><a href="https://www.amazon.com/dp/B0CJF7WSCV?tag=eloabder-20&linkCode=osi&th=1&psc=1"><img src="https://m.media-amazon.com/images/I/41r0TqNTb+L._SL500_.jpg" alt="Product Image"></a><p>BKFEDLU Infant Bath Seat with Thermometer, Suction Cups, Toys - Toddler Bath Chair for Babies 6 Months & Up</p><p> -50% 0FF </p><p>$19.99</p><a href="https://www.amazon.com/dp/B0CJF7WSCV?tag=eloabder-20&linkCode=osi&th=1&psc=1">View Product</a></div><div class="product"><a href="https://www.amazon.com/dp/B0CRYFHT1G?tag=eloabder-20&linkCode=osi&th=1&psc=1"><img src="https://m.media-amazon.com/images/I/41nKT+O2y1L._SL500_.jpg" alt="Product Image"></a><p>Baby Bath Seat LDIIDII Baby Bathtub Seat Infant Bath Seat for Babies 6 Months&Up Sit Up Bathing in Tub,Toddler Bath Seat with Water Thermometer/4 Strong Suction Cup/3 Bath Toys/Shower Cap (Grey)</p><p> -50% 0FF </p><p>$19.99</p><a href="https://www.amazon.com/dp/B0CRYFHT1G?tag=eloabder-20&linkCode=osi&th=1&psc=1">View Product</a></div><div class="product"><a href="https://www.amazon.com/dp/B0D9VMXND1?tag=eloabder-20&linkCode=osi&th=1&psc=1"><img src="https://m.media-amazon.com/images/I/41UIJrNYB2L._SL500_.jpg" alt="Product Image"></a><p>Baby Bath Seat for Babies 6 Months & Up, Non-Slip Toddler Bath Seat for Baby Sitting Up, Safe Baby Bath tub Seat with Suction Cups, Soft Cushion, Baby Bath Chair, Gray</p><p> -13% 0FF </p><p>$39.99</p><a href="https://www.amazon.com/dp/B0D9VMXND1?tag=eloabder-20&linkCode=osi&th=1&psc=1">View Product</a></div><div class="product"><a href="https://www.amazon.com/dp/B0CR78TDQS?tag=eloabder-20&linkCode=osi&th=1&psc=1"><img src="https://m.media-amazon.com/images/I/41nFTXKoQGL._SL500_.jpg" alt="Product Image"></a><p>Wddbb Baby Bath Seat, Bath seat for Babies 6 Months & up, with Thermometer Bath Seats for Babies Sitting up, Non-Slip Toddler Bath Seat for Baby,Baby Bathtub Baby Bath Seats 6-24 Months (Gray)</p><p> -50% 0FF </p><p>$19.98</p><a href="https://www.amazon.com/dp/B0CR78TDQS?tag=eloabder-20&linkCode=osi&th=1&psc=1">View Product</a></div>
<div class="product"><a href="https://www.amazon.com/dp/B073GGVN3Q?tag=eloabder-20&linkCode=osi&th=1&psc=1"><img src="https://m.media-amazon.com/images/I/31vxBAs9CqL._SL500_.jpg" alt="Product Image"></a><p>b&h Baby Thermometer, The Infant Baby Bath Floating Toy Safety Temperature Water Thermometer (Classic Duck)</p><p> -6% 0FF </p><p>$15.99</p><a href="https://www.amazon.com/dp/B073GGVN3Q?tag=eloabder-20&linkCode=osi&th=1&psc=1">View Product</a></div><div class="product"><a href="https://www.amazon.com/dp/B0CBVTGRW2?tag=eloabder-20&linkCode=osi&th=1&psc=1"><img src="https://m.media-amazon.com/images/I/415ogBhdwML._SL500_.jpg" alt="Product Image"></a><p>Nuby Bath and Room Digital Thermometer - Baby Thermometer for Safe and Cozy Bath and Room Temperatures - Penguin</p><p> -20% 0FF </p><p>$11.99</p><a href="https://www.amazon.com/dp/B0CBVTGRW2?tag=eloabder-20&linkCode=osi&th=1&psc=1">View Product</a></div><div class="product"><a href="https://www.amazon.com/dp/B08HWBT9YD?tag=eloabder-20&linkCode=osi&th=1&psc=1"><img src="https://m.media-amazon.com/images/I/31SEPnY30NL._SL500_.jpg" alt="Product Image"></a><p>Doli Yearning Upgrade Baby Bath Thermometer Room Temperature| Water Thermometer|Kids' Bathroom Safety Products| Baby Bath(Seal Shape)℃/℉, LCD</p><p> -28% 0FF </p><p>$12.99</p><a href="https://www.amazon.com/dp/B08HWBT9YD?tag=eloabder-20&linkCode=osi&th=1&psc=1">View Product</a></div><div class="product"><a href="https://www.amazon.com/dp/B0CNCVSKWJ?tag=eloabder-20&linkCode=osi&th=1&psc=1"><img src="https://m.media-amazon.com/images/I/413jcI7ZoZL._SL500_.jpg" alt="Product Image"></a><p>Baby Bath Thermometer, Digital Water Temperature Thermometer with 3 Color Backlit and Temperature Warning, Safety Bath Tube Thermometer Floating Toy for Infant, Toddler</p><p> -7% 0FF </p><p>$12.99</p><a href="https://www.amazon.com/dp/B0CNCVSKWJ?tag=eloabder-20&linkCode=osi&th=1&psc=1">View Product</a></div><div class="product"><a href="https://www.amazon.com/dp/B01MY98912?tag=eloabder-20&linkCode=osi&th=1&psc=1"><img src="https://m.media-amazon.com/images/I/41HQEQLxeCL._SL500_.jpg" alt="Product Image"></a><p>Bath Thermometer - Bath Water Thermometer for Bathtub Baby Safety Water Temperature for Baby Bath - Easy to Use Bath Temperature Thermometer</p><p> -12% 0FF </p><p>$5.25</p><a href="https://www.amazon.com/dp/B01MY98912?tag=eloabder-20&linkCode=osi&th=1&psc=1">View Product</a></div><div class="product"><a href="https://www.amazon.com/dp/B0CYLVX1ZJ?tag=eloabder-20&linkCode=osi&th=1&psc=1"><img src="https://m.media-amazon.com/images/I/41xhSGYiopL._SL500_.jpg" alt="Product Image"></a><p>Pircaath Baby Bath Thermometer & Swimming Turtle Floating Bath Toys, BPA-Free Bath Thermometer Baby Safety, Backlit Display Bathtub Thermometer Baby Water Thermometer, Bath Temperature Toy for Infant</p><p> -17% 0FF </p><p>$9.99</p><a href="https://www.amazon.com/dp/B0CYLVX1ZJ?tag=eloabder-20&linkCode=osi&th=1&psc=1">View Product</a></div><div class="product"><a href="https://www.amazon.com/dp/B07GC7H86T?tag=eloabder-20&linkCode=osi&th=1&psc=1"><img src="https://m.media-amazon.com/images/I/414jIzev-VL._SL500_.jpg" alt="Product Image"></a><p>Baby Bath Thermometer with Room Thermometer - Famidoc FDTH-V0-22 New Upgraded Sensor Technology for Baby Health Bath Tub Thermometer Floating Toy Thermometer (Blue)</p><p> -12% 0FF </p><p>$14.99</p><a href="https://www.amazon.com/dp/B07GC7H86T?tag=eloabder-20&linkCode=osi&th=1&psc=1">View Product</a></div>
<div class="product"><a href="https://www.amazon.com/dp/B00G0KPLZI?tag=eloabder-20&linkCode=osi&th=1&psc=1"><img src="https://m.media-amazon.com/images/I/41X53ExW5-S._SL500_.jpg" alt="Product Image"></a><p>Spasilk Hooded Terry Bathrobe with Booties, Blue Plane, One Size</p><p> -14% 0FF </p><p>$11.99</p><a href="https://www.amazon.com/dp/B00G0KPLZI?tag=eloabder-20&linkCode=osi&th=1&psc=1">View Product</a></div><div class="product"><a href="https://www.amazon.com/dp/B09N7BB9Y6?tag=eloabder-20&linkCode=osi&th=1&psc=1"><img src="https://m.media-amazon.com/images/I/41iGc7gTxlL._SL500_.jpg" alt="Product Image"></a><p>ROMASA Baby Bath Towel Ultra Soft Hooded Towel Highly Absorbent Bathrobe Blanket Toddlers Shower Gifts for Boys Girls- 27.5" x 55" (Yellow)</p><p> -20% 0FF </p><p>$14.39 ($1.27 / Ounce)</p><a href="https://www.amazon.com/dp/B09N7BB9Y6?tag=eloabder-20&linkCode=osi&th=1&psc=1">View Product</a></div>
<div class="product"><a href="https://www.amazon.com/dp/B0C9Q8MXWW?tag=eloabder-20&linkCode=osi&th=1&psc=1"><img src="https://m.media-amazon.com/images/I/31aI3dosJJL._SL500_.jpg" alt="Product Image"></a><p>Baby Bathtub Faucet Cover, Bath Faucet Cover for Kids, Baby Bath Spout Cover, Soft Silicone Bathtub Faucet Safety Toys, Cute Whale, Universal Fit, Make Your Baby's Bath Time Fun and Love It</p><p> -46% 0FF </p><p>$6.99</p><a href="https://www.amazon.com/dp/B0C9Q8MXWW?tag=eloabder-20&linkCode=osi&th=1&psc=1">View Product</a></div><div class="product"><a href="https://www.amazon.com/dp/B07D98DLDV?tag=eloabder-20&linkCode=osi&th=1&psc=1"><img src="https://m.media-amazon.com/images/I/21f3AzvkYLL._SL500_.jpg" alt="Product Image"></a><p>Skip Hop Baby Bath Spout Cover, Universal Fit, Moby, Grey</p><p> -7% 0FF </p><p>$12.99</p><a href="https://www.amazon.com/dp/B07D98DLDV?tag=eloabder-20&linkCode=osi&th=1&psc=1">View Product</a></div><div class="product"><a href="https://www.amazon.com/dp/B0CSYJQ9D6?tag=eloabder-20&linkCode=osi&th=1&psc=1"><img src="https://m.media-amazon.com/images/I/314iWaEh9xL._SL500_.jpg" alt="Product Image"></a><p>Baby Bathtub Faucet Cover, Baby Safety Protection Silicone Toys, Bath Spout Cover Baby Bathtub, Faucet Cover Baby Bathtub Silicone Whale for Kids, Toddler, Infant, Grey Whale</p><p> -20% 0FF </p><p>$7.99</p><a href="https://www.amazon.com/dp/B0CSYJQ9D6?tag=eloabder-20&linkCode=osi&th=1&psc=1">View Product</a></div>
<div class="product"><a href="https://www.amazon.com/dp/B0070WGV9K?tag=eloabder-20&linkCode=osi&th=1&psc=1"><img src="https://m.media-amazon.com/images/I/41pqg6p2q0L._SL500_.jpg" alt="Product Image"></a><p>Regalo Swing Down Bed Rail Guard, with Reinforced Anchor Safety System</p><p> -8% 0FF </p><p>$23.99</p><a href="https://www.amazon.com/dp/B0070WGV9K?tag=eloabder-20&linkCode=osi&th=1&psc=1">View Product</a></div><div class="product"><a href="https://www.amazon.com/dp/B0CWS2NZ3K?tag=eloabder-20&linkCode=osi&th=1&psc=1"><img src="https://m.media-amazon.com/images/I/41OVQSq+N9L._SL500_.jpg" alt="Product Image"></a><p>NUTIKAS Baby Bed Rail Guard for Toddlers - 47" Toddler Bed Side Rails for Twin, Full, Queen Bunk Size Bed Swing Down Bedrail Extral Tall Child Safety Side Railing Guards for Kids</p><p> -27% 0FF </p><p>$35.98</p><a href="https://www.amazon.com/dp/B0CWS2NZ3K?tag=eloabder-20&linkCode=osi&th=1&psc=1">View Product</a></div><div class="product"><a href="https://www.amazon.com/dp/B00MTJWT68?tag=eloabder-20&linkCode=osi&th=1&psc=1"><img src="https://m.media-amazon.com/images/I/21FdaFkL+tL._SL500_.jpg" alt="Product Image"></a><p>Dream On Me Lightweight Mesh Security Adjustable Bed Rail for Toddler, Breathable Mesh Fabric, Suitable for All Types Of Beds, Reinforced Anchor System Bed Guard Rail, White</p><p> -50% 0FF </p><p>$19.98</p><a href="https://www.amazon.com/dp/B00MTJWT68?tag=eloabder-20&linkCode=osi&th=1&psc=1">View Product</a></div><div class="product"><a href="https://www.amazon.com/dp/B07JJP7S3Q?tag=eloabder-20&linkCode=osi&th=1&psc=1"><img src="https://m.media-amazon.com/images/I/41Rn7Sf-wLL._SL500_.jpg" alt="Product Image"></a><p>BANBALOO | Bed Bumper for Toddlers 53" | Bed Rails for Queen, King, Twin, Full-Size Bed | Toddler Bed Bumper | Bumpers for Bed | Bed Rail for Toddlers | Bed Barrier for Toddler | Foam Bumper</p><p> -23% 0FF </p><p>$26.99</p><a href="https://www.amazon.com/dp/B07JJP7S3Q?tag=eloabder-20&linkCode=osi&th=1&psc=1">View Product</a></div>
<div class="product"><a href="https://www.amazon.com/dp/B07SPT3D3J?tag=eloabder-20&linkCode=osi&th=1&psc=1"><img src="https://m.media-amazon.com/images/I/517zG-7ToEL._SL500_.jpg" alt="Product Image"></a><p>Teddy Soft Baby Book Activity Quiet Cloth Books Developmental Toys,Interactive Baby Books for Babies Toddlers Infants kids,Baby Boy Girls Machine Washable Toys Fabric Soft Book Goodnight Gift Box</p><p> -5% 0FF </p><p>$17.95</p><a href="https://www.amazon.com/dp/B07SPT3D3J?tag=eloabder-20&linkCode=osi&th=1&psc=1">View Product</a></div>
<div class="product"><a href="https://www.amazon.com/dp/B00JFTFPHK?tag=eloabder-20&linkCode=osi&th=1&psc=1"><img src="https://m.media-amazon.com/images/I/51O+qRW-KEL._SL500_.jpg" alt="Product Image"></a><p>25pcs 1" Pacifier Suspender Clips, Marrywindix Pacifier Clips for Making Pacifier Holders Bib Clips Toy Holder Silver</p><p> -33% 0FF </p><p>$5.99</p><a href="https://www.amazon.com/dp/B00JFTFPHK?tag=eloabder-20&linkCode=osi&th=1&psc=1">View Product</a></div><div class="product"><a href="https://www.amazon.com/dp/B00W94QLX0?tag=eloabder-20&linkCode=osi&th=1&psc=1"><img src="https://m.media-amazon.com/images/I/51O+qRW-KEL._SL500_.jpg" alt="Product Image"></a><p>50pcs 1" Pacifier Suspender Clips, Marrywindix Pacifier Clips for Making Pacifier Holders Bib Clips Toy Holder Silver</p><p> -40% 0FF </p><p>$8.99</p><a href="https://www.amazon.com/dp/B00W94QLX0?tag=eloabder-20&linkCode=osi&th=1&psc=1">View Product</a></div>
<div class="product"><a href="https://www.amazon.com/dp/B08G4SDDQC?tag=eloabder-20&linkCode=osi&th=1&psc=1"><img src="https://m.media-amazon.com/images/I/41HQSFX14bL._SL500_.jpg" alt="Product Image"></a><p>8-Pack Organic Baby Bandana Drool Bibs for Girls - Super Absorbent Baby Bibs for Baby Girls, Baby Boys, Soft Cotton Bandana Bibs, Baby Drool Bib, Teething Bibs for Infant, Toddler(Muted Pastel)</p><p> -26% 0FF </p><p>$16.96</p><a href="https://www.amazon.com/dp/B08G4SDDQC?tag=eloabder-20&linkCode=osi&th=1&psc=1">View Product</a></div>
<div class="product"><a href="https://www.amazon.com/dp/B08NNDN5GF?tag=eloabder-20&linkCode=osi&th=1&psc=1"><img src="https://m.media-amazon.com/images/I/41ocef4uVmL._SL500_.jpg" alt="Product Image"></a><p>Hudson Baby Unisex Baby Plush Sleeping Bag, Sack, Blanket, Gray Clouds, 18-24 Months</p><p> -37% 0FF </p><p>$10.08</p><a href="https://www.amazon.com/dp/B08NNDN5GF?tag=eloabder-20&linkCode=osi&th=1&psc=1">View Product</a></div><div class="product"><a href="https://www.amazon.com/dp/B0CQMHYCMX?tag=eloabder-20&linkCode=osi&th=1&psc=1"><img src="https://m.media-amazon.com/images/I/41vq0RvJ3yL._SL500_.jpg" alt="Product Image"></a><p>Gerber Baby Girls Flame Resistant Fleece Footed Pajamas 2-Pack, Purple Rainbows</p><p> -6% 0FF </p><p>$16.98</p><a href="https://www.amazon.com/dp/B0CQMHYCMX?tag=eloabder-20&linkCode=osi&th=1&psc=1">View Product</a></div>
<div class="product"><a href="https://www.amazon.com/dp/B0BDRKG478?tag=eloabder-20&linkCode=osi&th=1&psc=1"><img src="https://m.media-amazon.com/images/I/31LBn9SzD9L._SL500_.jpg" alt="Product Image"></a><p>Graco TurboBooster 2.0 Backless Booster Car Seat, Denton</p><p> -29% 0FF </p><p>$20.49</p><a href="https://www.amazon.com/dp/B0BDRKG478?tag=eloabder-20&linkCode=osi&th=1&psc=1">View Product</a></div><div class="product"><a href="https://www.amazon.com/dp/B07C2RNRCJ?tag=eloabder-20&linkCode=osi&th=1&psc=1"><img src="https://m.media-amazon.com/images/I/31CuULOPD4L._SL500_.jpg" alt="Product Image"></a><p>Graco Tranzitions 3 in 1 Harness Booster Seat</p><p> -21% 0FF </p><p>$94.49</p><a href="https://www.amazon.com/dp/B07C2RNRCJ?tag=eloabder-20&linkCode=osi&th=1&psc=1">View Product</a></div>
<div class="product"><a href="https://www.amazon.com/dp/B09H6Y14KH?tag=eloabder-20&linkCode=osi&th=1&psc=1"><img src="https://m.media-amazon.com/images/I/410cJD5cOBL._SL500_.jpg" alt="Product Image"></a><p>Mancro Breastmilk Cooler Bag with Ice Pack, Fits 6 Baby Bottles Up to 9 Ounce Insulated Bottle Bag, Breast Milk on The go Strap, for Nursing Mom Daycare, Black</p><p> -6% 0FF </p><p>$16.99</p><a href="https://www.amazon.com/dp/B09H6Y14KH?tag=eloabder-20&linkCode=osi&th=1&psc=1">View Product</a></div>
<div class="product"><a href="https://www.amazon.com/dp/B006SFUCV8?tag=eloabder-20&linkCode=osi&th=1&psc=1"><img src="https://m.media-amazon.com/images/I/31Uu2+3+7RL._SL500_.jpg" alt="Product Image"></a><p>Munchkin® High Capacity Drying Rack for Baby Bottles and Accessories, White</p><p> -6% 0FF </p><p>$13.75</p><a href="https://www.amazon.com/dp/B006SFUCV8?tag=eloabder-20&linkCode=osi&th=1&psc=1">View Product</a></div><div class="product"><a href="https://www.amazon.com/dp/B0CHJS27KB?tag=eloabder-20&linkCode=osi&th=1&psc=1"><img src="https://m.media-amazon.com/images/I/51CDxHsKEAL._SL500_.jpg" alt="Product Image"></a><p>Termichy Baby Bottle Drying Rack: Large Vertical Bottle Dryer Rack Holder - Space Saving Standing Drying Rack for Baby Bottles and Pump Part Cleaning (Gray)</p><p> -7% 0FF </p><p>$26.99</p><a href="https://www.amazon.com/dp/B0CHJS27KB?tag=eloabder-20&linkCode=osi&th=1&psc=1">View Product</a></div><div class="product"><a href="https://www.amazon.com/dp/B00RQ83N76?tag=eloabder-20&linkCode=osi&th=1&psc=1"><img src="https://m.media-amazon.com/images/I/31bE-Iv6B6L._SL500_.jpg" alt="Product Image"></a><p>Munchkin Fold Baby Bottle Drying Rack - Compact Design Folds Flat for Easy Storage, White/Grey</p><p> -8% 0FF </p><p>$7.76</p><a href="https://www.amazon.com/dp/B00RQ83N76?tag=eloabder-20&linkCode=osi&th=1&psc=1">View Product</a></div><div class="product"><a href="https://www.amazon.com/dp/B00HNVWGNS?tag=eloabder-20&linkCode=osi&th=1&psc=1"><img src="https://m.media-amazon.com/images/I/41oD0n0VKWL._SL500_.jpg" alt="Product Image"></a><p>Dr. Brown's Folding Baby Bottle Drying Rack for Easy Storage, Dry Nipples, Pacifiers and Other Baby Essentials, BPA-free</p><p> -34% 0FF </p><p>$11.89</p><a href="https://www.amazon.com/dp/B00HNVWGNS?tag=eloabder-20&linkCode=osi&th=1&psc=1">View Product</a></div><div class="product"><a href="https://www.amazon.com/dp/B0CMRV5CPZ?tag=eloabder-20&linkCode=osi&th=1&psc=1"><img src="https://m.media-amazon.com/images/I/41XhN13vG4L._SL500_.jpg" alt="Product Image"></a><p>Dr. Brown's Drying Tower, Stand-Up Drying Rack, Countertop Baby Bottle Drying with Organized Storage for Baby Essentials, Space Saving Vertical Rack</p><p> -32% 0FF </p><p>$19.98</p><a href="https://www.amazon.com/dp/B0CMRV5CPZ?tag=eloabder-20&linkCode=osi&th=1&psc=1">View Product</a></div>
<div class="product"><a href="https://www.amazon.com/dp/B0876T9DQZ?tag=eloabder-20&linkCode=osi&th=1&psc=1"><img src="https://m.media-amazon.com/images/I/41EvYRi2WLL._SL500_.jpg" alt="Product Image"></a><p>Philips Avent Premium Fast Bottle Warmer, with Smart Temperature Control, Water Bath Technology, Automatic Shut-Off, Model SCF358</p><p> -20% 0FF </p><p>$39.99</p><a href="https://www.amazon.com/dp/B0876T9DQZ?tag=eloabder-20&linkCode=osi&th=1&psc=1">View Product</a></div><div class="product"><a href="https://www.amazon.com/dp/B0D2X9276K?tag=eloabder-20&linkCode=osi&th=1&psc=1"><img src="https://m.media-amazon.com/images/I/31kRB6a3EoL._SL500_.jpg" alt="Product Image"></a><p>WITGER 8-in-1 Baby Bottle Warmer and Sterilizer - Fast Heating, Accurate Temperature Control, BPA-Free, Defrosting, Food Heating, and Constant Temperature Maintenance.</p><p> -14% 0FF </p><p>$29.99</p><a href="https://www.amazon.com/dp/B0D2X9276K?tag=eloabder-20&linkCode=osi&th=1&psc=1">View Product</a></div><div class="product"><a href="https://www.amazon.com/dp/B09XJBQWQZ?tag=eloabder-20&linkCode=osi&th=1&psc=1"><img src="https://m.media-amazon.com/images/I/41rEmiL1MDL._SL500_.jpg" alt="Product Image"></a><p>Dr. Brown’s™ Insta-Feed™ Bottle Warmer and Sterilizer</p><p> -14% 0FF </p><p>$24.99</p><a href="https://www.amazon.com/dp/B09XJBQWQZ?tag=eloabder-20&linkCode=osi&th=1&psc=1">View Product</a></div><div class="product"><a href="https://www.amazon.com/dp/B0B97M3PX2?tag=eloabder-20&linkCode=osi&th=1&psc=1"><img src="https://m.media-amazon.com/images/I/31D1jFeOavL._SL500_.jpg" alt="Product Image"></a><p>Momcozy Bottle Warmer, Fast Bottle Warmers for All Bottles with Timer, Accurate Temperature Control and Automatic Shut-Off, Multifunctional Bottle Warmer for Breastmilk</p><p> -43% 0FF </p><p>$33.99</p><a href="https://www.amazon.com/dp/B0B97M3PX2?tag=eloabder-20&linkCode=osi&th=1&psc=1">View Product</a></div><div class="product"><a href="https://www.amazon.com/dp/B07YJKWTYW?tag=eloabder-20&linkCode=osi&th=1&psc=1"><img src="https://m.media-amazon.com/images/I/31Rfvw7DMyL._SL500_.jpg" alt="Product Image"></a><p>Bottle Warmer, GROWNSY 8-in-1 Fast Baby Milk Warmer with Timer for Breastmilk or Formula, Accurate Temperature Control, with Defrost, Sterili-zing, Keep, Heat Baby Food Jars Function</p><p> -20% 0FF </p><p>$39.99</p><a href="https://www.amazon.com/dp/B07YJKWTYW?tag=eloabder-20&linkCode=osi&th=1&psc=1">View Product</a></div><div class="product"><a href="https://www.amazon.com/dp/B0BY26RDWQ?tag=eloabder-20&linkCode=osi&th=1&psc=1"><img src="https://m.media-amazon.com/images/I/412nEaDc-cL._SL500_.jpg" alt="Product Image"></a><p>Momcozy Nutri Bottle Warmer, 9-in-1 Baby Bottle Warmer with Night Light, Accurate Temperature to Preserve Fullest Nutrients in Breast Milk, Bottle Warmers for All Bottles with Breastmilk or Formula</p><p> -20% 0FF </p><p>$39.99</p><a href="https://www.amazon.com/dp/B0BY26RDWQ?tag=eloabder-20&linkCode=osi&th=1&psc=1">View Product</a></div><div class="product"><a href="https://www.amazon.com/dp/B00005BXKM?tag=eloabder-20&linkCode=osi&th=1&psc=1"><img src="https://m.media-amazon.com/images/I/31nh2NZoUTL._SL500_.jpg" alt="Product Image"></a><p>The First Years Baby Bottle Warmer and Sterilizer - Pacifier and Bottle Nipple Sanitizer - Feeding Baby Essentials for Formula or Breast Milk - Holds Multiple Sizes</p><p> -10% 0FF </p><p>$19.75</p><a href="https://www.amazon.com/dp/B00005BXKM?tag=eloabder-20&linkCode=osi&th=1&psc=1">View Product</a></div>
<div class="product"><a href="https://www.amazon.com/dp/B0C7FL2XSL?tag=eloabder-20&linkCode=osi&th=1&psc=1"><img src="https://m.media-amazon.com/images/I/3195BfbxF2L._SL500_.jpg" alt="Product Image"></a><p>Motif Medical, Milk Storage Bags, 6 oz Milk Freezer Bag with Easy Pour Spout, BPA Free, Write-On Label - 100 Count</p><p> -20% 0FF </p><p>$15.99</p><a href="https://www.amazon.com/dp/B0C7FL2XSL?tag=eloabder-20&linkCode=osi&th=1&psc=1">View Product</a></div>
<div class="product"><a href="https://www.amazon.com/dp/B08H9QJVNZ?tag=eloabder-20&linkCode=osi&th=1&psc=1"><img src="https://m.media-amazon.com/images/I/31XZwvFZhIL._SL500_.jpg" alt="Product Image"></a><p>Medela Manual breast pump with Flex Shields Harmony Single Hand for More Comfort and Expressing More Milk</p><p> -34% 0FF </p><p>$28.72</p><a href="https://www.amazon.com/dp/B08H9QJVNZ?tag=eloabder-20&linkCode=osi&th=1&psc=1">View Product</a></div><div class="product"><a href="https://www.amazon.com/dp/B0BXH3XF7X?tag=eloabder-20&linkCode=osi&th=1&psc=1"><img src="https://m.media-amazon.com/images/I/41GBdp47u+L._SL500_.jpg" alt="Product Image"></a><p>Momcozy Hands Free Breast Pump S9 Pro Updated, Wearable Breast Pump of Longer Battery Life & LED Display, Double Portable Electric Breast Pump with 2 Modes & 9 Levels - 24mm, 2 Pack Gray</p><p> -31% 0FF </p><p>$95.98</p><a href="https://www.amazon.com/dp/B0BXH3XF7X?tag=eloabder-20&linkCode=osi&th=1&psc=1">View Product</a></div><div class="product"><a href="https://www.amazon.com/dp/B0CNGJMQDD?tag=eloabder-20&linkCode=osi&th=1&psc=1"><img src="https://m.media-amazon.com/images/I/41XS8v-5dyL._SL500_.jpg" alt="Product Image"></a><p>Momcozy Breast Pump Hands Free M5, Wearable Breast Pump of Baby Mouth Double-Sealed Flange with 3 Modes & 9 Levels, Electric Breast Pump Portable - 24mm, 2 Pack Cozy Red</p><p> -23% 0FF </p><p>$199.99 ($100.00 / Count)</p><a href="https://www.amazon.com/dp/B0CNGJMQDD?tag=eloabder-20&linkCode=osi&th=1&psc=1">View Product</a></div><div class="product"><a href="https://www.amazon.com/dp/B0DK9VJCRK?tag=eloabder-20&linkCode=osi&th=1&psc=1"><img src="https://m.media-amazon.com/images/I/41RyWq3DsfL._SL500_.jpg" alt="Product Image"></a><p>Hands Free Breast Pump Wearable MY-375 - Strong Suction, Low Noise, Wearable Breastfeeding Pump with 4 Mode &12 Levels, Portable Electric Breast Pump - 19/21/24mm Insert/Flange, 2 Pack (White)</p><p> -33% 0FF </p><p>$99.99 ($50.00 / Count)</p><a href="https://www.amazon.com/dp/B0DK9VJCRK?tag=eloabder-20&linkCode=osi&th=1&psc=1">View Product</a></div>
<div class="product"><a href="https://www.amazon.com/dp/B0BTZTSMM7?tag=eloabder-20&linkCode=osi&th=1&psc=1"><img src="https://m.media-amazon.com/images/I/41E+gI3y2mL._SL500_.jpg" alt="Product Image"></a><p>Konssy Muslin Nursing Cover for Baby Breastfeeding, Breathable 100% Cotton Breastfeeding Cover with Rigid Hoop for Mother Nursing Apron, Multi-use Carseat Canopy (Summer Wheat)</p><p> -25% 0FF </p><p>$14.99</p><a href="https://www.amazon.com/dp/B0BTZTSMM7?tag=eloabder-20&linkCode=osi&th=1&psc=1">View Product</a></div><div class="product"><a href="https://www.amazon.com/dp/B0CRY93RSV?tag=eloabder-20&linkCode=osi&th=1&psc=1"><img src="https://m.media-amazon.com/images/I/31GF3tvRWjL._SL500_.jpg" alt="Product Image"></a><p>Konssy Knit Nursing Cover for Breastfeeding, 360 Full Privacy Breathable Breastfeeding Cover, Multi-use Carseat Canopy(Beige)</p><p> -25% 0FF </p><p>$14.99</p><a href="https://www.amazon.com/dp/B0CRY93RSV?tag=eloabder-20&linkCode=osi&th=1&psc=1">View Product</a></div><div class="product"><a href="https://www.amazon.com/dp/B0CYM1Y178?tag=eloabder-20&linkCode=osi&th=1&psc=1"><img src="https://m.media-amazon.com/images/I/41BlDYTW3hL._SL500_.jpg" alt="Product Image"></a><p>Comfy Cubs Nursing Cover for Baby Breastfeeding - 100% Muslin Cotton, Soft & Breathable Cotton, Breastfeeding Pumping Cover for Mom, with Rigid Hoop - Privacy Unisex Lightweight Wrap (Pacific Blue)</p><p> -48% 0FF </p><p>$12.99</p><a href="https://www.amazon.com/dp/B0CYM1Y178?tag=eloabder-20&linkCode=osi&th=1&psc=1">View Product</a></div><div class="product"><a href="https://www.amazon.com/dp/B074M6FRND?tag=eloabder-20&linkCode=osi&th=1&psc=1"><img src="https://m.media-amazon.com/images/I/51odoDcAZ9L._SL500_.jpg" alt="Product Image"></a><p>Baby Nursing Cover & Nursing Poncho - Multi Use Cover for Baby Car Seat Canopy, Shopping Cart Cover, Stroller Cover, 360° Full Privacy Breastfeeding Coverage, Baby Shower Gifts for Boy&Girl</p><p> -30% 0FF </p><p>$13.95</p><a href="https://www.amazon.com/dp/B074M6FRND?tag=eloabder-20&linkCode=osi&th=1&psc=1">View Product</a></div><div class="product"><a href="https://www.amazon.com/dp/B0CB15QFNL?tag=eloabder-20&linkCode=osi&th=1&psc=1"><img src="https://m.media-amazon.com/images/I/31GyAL5zSlL._SL500_.jpg" alt="Product Image"></a><p>Breathable Car Seat Cover for Babies – Multi-Purpose Soft Rayon Nursing Cover for Breastfeeding, High Stretchy Infant Carseat Canopy, Stroller Cover (Smooth Rayon, Blush)</p><p> -20% 0FF </p><p>$7.99</p><a href="https://www.amazon.com/dp/B0CB15QFNL?tag=eloabder-20&linkCode=osi&th=1&psc=1">View Product</a></div>
<div class="product"><a href="https://www.amazon.com/dp/B00PC3K7OE?tag=eloabder-20&linkCode=osi&th=1&psc=1"><img src="https://m.media-amazon.com/images/I/41Ysisnr8oL._SL500_.jpg" alt="Product Image"></a><p>My Brest Friend Nursing Pillow - Deluxe - Enhanced Comfort w/ Slipcover - Ergonomic Breastfeeding Pillow For Ultimate Support For Mom & Baby - Adjustable Pillow W/ Handy Side Pocket, Evening Grey</p><p> -6% 0FF </p><p>$49.99</p><a href="https://www.amazon.com/dp/B00PC3K7OE?tag=eloabder-20&linkCode=osi&th=1&psc=1">View Product</a></div><div class="product"><a href="https://www.amazon.com/dp/B0B2W7X465?tag=eloabder-20&linkCode=osi&th=1&psc=1"><img src="https://m.media-amazon.com/images/I/41TWXbEgaJL._SL500_.jpg" alt="Product Image"></a><p>Momcozy Nursing Pillow for Breastfeeding, Original Plus Size Breastfeeding Pillows for More Support for Mom and Baby, with Adjustable Waist Strap and Removable Cotton Cover, Grey</p><p> -17% 0FF </p><p>$39.99</p><a href="https://www.amazon.com/dp/B0B2W7X465?tag=eloabder-20&linkCode=osi&th=1&psc=1">View Product</a></div><div class="product"><a href="https://www.amazon.com/dp/B08LF56YHJ?tag=eloabder-20&linkCode=osi&th=1&psc=1"><img src="https://m.media-amazon.com/images/I/31pJjCYHNMS._SL500_.jpg" alt="Product Image"></a><p>My Brest Friend Super Deluxe Nursing Pillow - Enhanced Comfort & Ergonomic Breastfeeding Pillow for Ultimate Support For Mom & Baby - Adjustable and with Handy Side Pocket, Platinum</p><p> -8% 0FF </p><p>$59.99</p><a href="https://www.amazon.com/dp/B08LF56YHJ?tag=eloabder-20&linkCode=osi&th=1&psc=1">View Product</a></div><div class="product"><a href="https://www.amazon.com/dp/B0C3RWRCQM?tag=eloabder-20&linkCode=osi&th=1&psc=1"><img src="https://m.media-amazon.com/images/I/516Q+AKi5kL._SL500_.jpg" alt="Product Image"></a><p>PILLANI Nursing Pillow, Plus Size Breastfeeding Pillows for Enhanced Support & Comfort for Mom & Baby, Removable Cotton Cover, Adjustable Waist Strap, Breastfeeding Essentials, Baby Registry Search</p><p> -20% 0FF </p><p>$31.99</p><a href="https://www.amazon.com/dp/B0C3RWRCQM?tag=eloabder-20&linkCode=osi&th=1&psc=1">View Product</a></div><div class="product"><a href="https://www.amazon.com/dp/B0CPVDN3J3?tag=eloabder-20&linkCode=osi&th=1&psc=1"><img src="https://m.media-amazon.com/images/I/41sq3SZUjlL._SL500_.jpg" alt="Product Image"></a><p>Momcozy Original Nursing Pillow and Positioner, Plus Size Breast Feeding Pillow for More Support for Mom and Baby Boy or Girl，Baby Essentials for Nursing or Bottle Feeding and Removable Cotton Cover</p><p> -15% 0FF </p><p>$39.99</p><a href="https://www.amazon.com/dp/B0CPVDN3J3?tag=eloabder-20&linkCode=osi&th=1&psc=1">View Product</a></div><div class="product"><a href="https://www.amazon.com/dp/B00PC3JYQQ?tag=eloabder-20&linkCode=osi&th=1&psc=1"><img src="https://m.media-amazon.com/images/I/51AoteowPXL._SL500_.jpg" alt="Product Image"></a><p>My Brest Friend Original Nursing Pillow Enhanced Ergonomics Essential Breastfeeding Pillow Support For Mom & Baby W/ Convenient Side Pocket, Double Straps & slipcover, Midnight Poppy</p><p> -7% 0FF </p><p>$41.99</p><a href="https://www.amazon.com/dp/B00PC3JYQQ?tag=eloabder-20&linkCode=osi&th=1&psc=1">View Product</a></div>
<div class="product"><a href="https://www.amazon.com/dp/B09KRKGJ3S?tag=eloabder-20&linkCode=osi&th=1&psc=1"><img src="https://m.media-amazon.com/images/I/41fXKHSGeCL._SL500_.jpg" alt="Product Image"></a><p>Looxii Muslin Burp Cloths 100% Cotton Large 20''x10'' Extra Soft and Absorbent 6 Pack Baby Burping Cloth for Boys Girls (Dark Green)</p><p> -6% 0FF </p><p>$13.14</p><a href="https://www.amazon.com/dp/B09KRKGJ3S?tag=eloabder-20&linkCode=osi&th=1&psc=1">View Product</a></div><div class="product"><a href="https://www.amazon.com/dp/B0CLPGQWNB?tag=eloabder-20&linkCode=osi&th=1&psc=1"><img src="https://m.media-amazon.com/images/I/416sGTkqHRL._SL500_.jpg" alt="Product Image"></a><p>Comfy Cubs Muslin Burp Cloths Large 100% Cotton Hand Washcloths for Babies, Baby Essentials 6 Layers Extra Absorbent and Soft Boys & Girls Baby Bibs & Burp Cloths Set (Multicolor, 10-Pack, 20" X10")</p><p> -33% 0FF </p><p>$19.99</p><a href="https://www.amazon.com/dp/B0CLPGQWNB?tag=eloabder-20&linkCode=osi&th=1&psc=1">View Product</a></div><div class="product"><a href="https://www.amazon.com/dp/B0CNKWNY43?tag=eloabder-20&linkCode=osi&th=1&psc=1"><img src="https://m.media-amazon.com/images/I/31iZQ-IdT6L._SL500_.jpg" alt="Product Image"></a><p>Comfy Cubs Burp Cloths 6 Pack Large 100% Cotton Washcloths Double Layered Absorbent Burping Cloth Extra Absorbent Baby Burp Cloth Extra Soft for Boys and Girls (Multicolor Girl, Pack of 6)</p><p> -40% 0FF </p><p>$14.99 ($2.50 / Count)</p><a href="https://www.amazon.com/dp/B0CNKWNY43?tag=eloabder-20&linkCode=osi&th=1&psc=1">View Product</a></div>
<div class="product"><a href="https://www.amazon.com/dp/B096NZHHVR?tag=eloabder-20&linkCode=osi&th=1&psc=1"><img src="https://m.media-amazon.com/images/I/41PxfLKcdWL._SL500_.jpg" alt="Product Image"></a><p>Meolsaek Car Seat Protector for Child Car Seat, 600D Fabric Waterproof Car Seat Cover with Non-Slip Backing, Under Baby Car Seat from Pressure Marks</p><p> -15% 0FF </p><p>$33.97</p><a href="https://www.amazon.com/dp/B096NZHHVR?tag=eloabder-20&linkCode=osi&th=1&psc=1">View Product</a></div><div class="product"><a href="https://www.amazon.com/dp/B096PGXGB4?tag=eloabder-20&linkCode=osi&th=1&psc=1"><img src="https://m.media-amazon.com/images/I/31Y4e9zhROS._SL500_.jpg" alt="Product Image"></a><p>XHYANG Car Seat Protector 1 Pack Car Seat Cushion Mat Thickest Padding,Waterproof 600D Fabric Car Seat Covers for Non-Slip Backing Mesh Pockets for Baby and Pet (1 Seat Protector)</p><p> -24% 0FF </p><p>$17.95</p><a href="https://www.amazon.com/dp/B096PGXGB4?tag=eloabder-20&linkCode=osi&th=1&psc=1">View Product</a></div><div class="product"><a href="https://www.amazon.com/dp/B09828NDRS?tag=eloabder-20&linkCode=osi&th=1&psc=1"><img src="https://m.media-amazon.com/images/I/31ua+nTGAXL._SL500_.jpg" alt="Product Image"></a><p>XHYANG Car Seat Protector,Auto Car Seat Protectors Baby Carseat Waterproof Durable 600D Fabric for Child Baby Car Seat Mat Vehicle Pet Cover 2 Storage Pockets (1 Pack)</p><p> -31% 0FF </p><p>$17.99</p><a href="https://www.amazon.com/dp/B09828NDRS?tag=eloabder-20&linkCode=osi&th=1&psc=1">View Product</a></div><div class="product"><a href="https://www.amazon.com/dp/B0CB14PHZT?tag=eloabder-20&linkCode=osi&th=1&psc=1"><img src="https://m.media-amazon.com/images/I/31lC1dggTTL._SL500_.jpg" alt="Product Image"></a><p>Breathable Car Seat Cover for Babies – Multi-Purpose Soft Rayon Nursing Cover for Breastfeeding, High Stretchy Infant Carseat Canopy, Stroller Cover (Smooth Rayon, Roman Green)</p><p> -20% 0FF </p><p>$7.19</p><a href="https://www.amazon.com/dp/B0CB14PHZT?tag=eloabder-20&linkCode=osi&th=1&psc=1">View Product</a></div><div class="product"><a href="https://www.amazon.com/dp/B08H4WCFXV?tag=eloabder-20&linkCode=osi&th=1&psc=1"><img src="https://m.media-amazon.com/images/I/516mz-4vqgL._SL500_.jpg" alt="Product Image"></a><p>Yoofoss Baby Car Seat Cover Winter Carseat Canopies Cover to Protect Baby from Cold Wind, Super Warm Plush Fleece Baby Carrier Cover for Infant Boys Girls (Black)</p><p> -11% 0FF </p><p>$32.99</p><a href="https://www.amazon.com/dp/B08H4WCFXV?tag=eloabder-20&linkCode=osi&th=1&psc=1">View Product</a></div>

<div class="product"><a href="https://www.amazon.com/dp/B07W6JGDYW?tag=eloabder-20&linkCode=osi&th=1&psc=1"><img src="https://m.media-amazon.com/images/I/41H2tKos7SL._SL500_.jpg" alt="Product Image"></a><p>Kaiphy Car Seat Protector - Seat Protection Mat - Thick Padding - Durable, Waterproof Fabric, Leather Reinforced Corners & 3 Pockets for Handy Storage Black</p><p> -46% 0FF </p><p>$13.97</p><a href="https://www.amazon.com/dp/B07W6JGDYW?tag=eloabder-20&linkCode=osi&th=1&psc=1">View Product</a></div><div class="product"><a href="https://www.amazon.com/dp/B0D5XFHH28?tag=eloabder-20&linkCode=osi&th=1&psc=1"><img src="https://m.media-amazon.com/images/I/31XhcmIiWAL._SL500_.jpg" alt="Product Image"></a><p>Car Seat Protector, Carseat Seat Protectors with Thick Padding and Upgraded Non-Slip Backing, Waterproof Seat Protector under Baby Car Seat, 600D Fabric Car Seat Covers with Storage Pockets for Baby</p><p> -20% 0FF </p><p>$13.59</p><a href="https://www.amazon.com/dp/B0D5XFHH28?tag=eloabder-20&linkCode=osi&th=1&psc=1">View Product</a></div><div class="product"><a href="https://www.amazon.com/dp/B07JBQBVL6?tag=eloabder-20&linkCode=osi&th=1&psc=1"><img src="https://m.media-amazon.com/images/I/31PZj+OEfjL._SL500_.jpg" alt="Product Image"></a><p>Car Seat Protector for Baby Child Car Seats, Shynerk Auto Seat Cover Mat for Under Carseat to Protect Automotive Vehicle Leather and Cloth Upholstery - Waterproof and Dirt Resistant</p><p> -33% 0FF </p><p>$19.99</p><a href="https://www.amazon.com/dp/B07JBQBVL6?tag=eloabder-20&linkCode=osi&th=1&psc=1">View Product</a></div>
<div class="product"><a href="https://www.amazon.com/dp/B00O64QJOC?tag=eloabder-20&linkCode=osi&th=1&psc=1"><img src="https://m.media-amazon.com/images/I/21l2K1fjgyL._SL500_.jpg" alt="Product Image"></a><p>Munchkin® Secure Grip™ Contoured Baby Diaper Changing Pad for Dresser, Waterproof, 16" x 31"</p><p> -10% 0FF </p><p>$31.49</p><a href="https://www.amazon.com/dp/B00O64QJOC?tag=eloabder-20&linkCode=osi&th=1&psc=1">View Product</a></div><div class="product"><a href="https://www.amazon.com/dp/B0DF1W28C5?tag=eloabder-20&linkCode=osi&th=1&psc=1"><img src="https://m.media-amazon.com/images/I/31F+H+AlPWL._SL500_.jpg" alt="Product Image"></a><p>Blissful Diary Vegan Leather Baby Changing Pad with Waterproof & Wipe-Clean PU Cover, Standard Size Cozy Baby Changing Table Pads for Dressers/Tables, Taupe</p><p> -13% 0FF </p><p>$34.99</p><a href="https://www.amazon.com/dp/B0DF1W28C5?tag=eloabder-20&linkCode=osi&th=1&psc=1">View Product</a></div><div class="product"><a href="https://www.amazon.com/dp/B0B45JKHGG?tag=eloabder-20&linkCode=osi&th=1&psc=1"><img src="https://m.media-amazon.com/images/I/41i2u89FqBL._SL500_.jpg" alt="Product Image"></a><p>YENING Baby Diaper Changing Pad for Dresser Top with Cover Waterproof Lining Foam Contoured Changing Table Pads Topper 31" x 16" Grey</p><p> -33% 0FF </p><p>$26.98</p><a href="https://www.amazon.com/dp/B0B45JKHGG?tag=eloabder-20&linkCode=osi&th=1&psc=1">View Product</a></div>
<div class="product"><a href="https://www.amazon.com/dp/B0D3BPZ77F?tag=eloabder-20&linkCode=osi&th=1&psc=1"><img src="https://m.media-amazon.com/images/I/41-+eE90DeL._SL500_.jpg" alt="Product Image"></a><p>Baby Changing Table, Versatile Folding Changing Table, Waterproof Diaper Changing Station, Adjustable Height with 2 Drawers,Baby Changing Station, Mobile Nursery for Infant and Newborn</p><p> -30% 0FF </p><p>$159.99</p><a href="https://www.amazon.com/dp/B0D3BPZ77F?tag=eloabder-20&linkCode=osi&th=1&psc=1">View Product</a></div><div class="product"><a href="https://www.amazon.com/dp/B073YB522V?tag=eloabder-20&linkCode=osi&th=1&psc=1"><img src="https://m.media-amazon.com/images/I/41IwxC2WttS._SL500_.jpg" alt="Product Image"></a><p>Delta Children Eclipse Changing Table with Changing Pad, Grey</p><p> -44% 0FF </p><p>$79.00</p><a href="https://www.amazon.com/dp/B073YB522V?tag=eloabder-20&linkCode=osi&th=1&psc=1">View Product</a></div><div class="product"><a href="https://www.amazon.com/dp/B075ZVTJ3D?tag=eloabder-20&linkCode=osi&th=1&psc=1"><img src="https://m.media-amazon.com/images/I/41Ig2EwFThL._SL500_.jpg" alt="Product Image"></a><p>Dream On Me Emily Changing Table In Steel Grey, Comes With 1" Changing Pad, Features Two Shelves, Portable Changing Station, Made Of Sustainable New Zealand Pinewood</p><p> -21% 0FF </p><p>$69.99</p><a href="https://www.amazon.com/dp/B075ZVTJ3D?tag=eloabder-20&linkCode=osi&th=1&psc=1">View Product</a></div><div class="product"><a href="https://www.amazon.com/dp/B08HMJCHCT?tag=eloabder-20&linkCode=osi&th=1&psc=1"><img src="https://m.media-amazon.com/images/I/31aqc05wT6L._SL500_.jpg" alt="Product Image"></a><p>Storkcraft Brookside 2 Drawer Changing Table Dresser (Pebble Gray) – GREENGUARD Gold Certified, Easy-to-Match Chest of Drawers and Cubbies for Nursery and Kids Bedroom, Includes Changing Table Topper</p><p> -31% 0FF </p><p>$151.29</p><a href="https://www.amazon.com/dp/B08HMJCHCT?tag=eloabder-20&linkCode=osi&th=1&psc=1">View Product</a></div><div class="product"><a href="https://www.amazon.com/dp/B005OSHTSO?tag=eloabder-20&linkCode=osi&th=1&psc=1"><img src="https://m.media-amazon.com/images/I/41ckUWX71DL._SL500_.jpg" alt="Product Image"></a><p>Badger Basket Modern Baby Changing Table with Laundry Hamper, 3 Storage Drawers and Pad, Diaper Change Station - White/White</p><p> -32% 0FF </p><p>$128.99</p><a href="https://www.amazon.com/dp/B005OSHTSO?tag=eloabder-20&linkCode=osi&th=1&psc=1">View Product</a></div><div class="product"><a href="https://www.amazon.com/dp/B08HHFZ5JJ?tag=eloabder-20&linkCode=osi&th=1&psc=1"><img src="https://m.media-amazon.com/images/I/31oH0mt34ML._SL500_.jpg" alt="Product Image"></a><p>Graco Noah 3 Drawer Chest with Changing Topper (White) – GREENGUARD Gold Certified, Baby Dresser With Changing Table Top, Dresser for Nursery, 3 Drawer Kids Dresser</p><p> -24% 0FF </p><p>$188.75</p><a href="https://www.amazon.com/dp/B08HHFZ5JJ?tag=eloabder-20&linkCode=osi&th=1&psc=1">View Product</a></div>
<div class="product"><a href="https://www.amazon.com/dp/B0BVHMHH4X?tag=eloabder-20&linkCode=osi&th=1&psc=1"><img src="https://m.media-amazon.com/images/I/41AOdI5vSML._SL500_.jpg" alt="Product Image"></a><p>TAHAVICE 1 Pack Over The Door Organizer, Bathroom Organizers and Storage with 5 Pockets 10 Mesh Pockets, 50 lbs Weight Capacity Stuffed Animal Storage for Nursery Newborn Baby Essential</p><p> -20% 0FF </p><p>$15.98</p><a href="https://www.amazon.com/dp/B0BVHMHH4X?tag=eloabder-20&linkCode=osi&th=1&psc=1">View Product</a></div><div class="product"><a href="https://www.amazon.com/dp/B06XJ343CC?tag=eloabder-20&linkCode=osi&th=1&psc=1"><img src="https://m.media-amazon.com/images/I/31zbpeWMpnL._SL500_.jpg" alt="Product Image"></a><p>20 Pack Clothing Rack Size Dividers, Wardrobe Round Hangers Label Closet Dividers with 1 Piece Marker Pen for Clothes Organization(White, Blank)</p><p> -14% 0FF </p><p>$8.59 ($0.43 / Count)</p><a href="https://www.amazon.com/dp/B06XJ343CC?tag=eloabder-20&linkCode=osi&th=1&psc=1">View Product</a></div><div class="product"><a href="https://www.amazon.com/dp/B09H4JTQC7?tag=eloabder-20&linkCode=osi&th=1&psc=1"><img src="https://m.media-amazon.com/images/I/51pFCzWgo3L._SL500_.jpg" alt="Product Image"></a><p>Pro Goleem Baby Closet Dividers Unisex Baby Closet Organizer for Nursery Baby Clothes Size Age Dividers Fits 1.5" Rod 6 PCS</p><p> -20% 0FF </p><p>$7.99</p><a href="https://www.amazon.com/dp/B09H4JTQC7?tag=eloabder-20&linkCode=osi&th=1&psc=1">View Product</a></div><div class="product"><a href="https://www.amazon.com/dp/B0DDTSNXNM?tag=eloabder-20&linkCode=osi&th=1&psc=1"><img src="https://m.media-amazon.com/images/I/517HtZWlKIL._SL500_.jpg" alt="Product Image"></a><p>Blissful Diary Baby Diaper Caddy Organizer, Cotton Rope Diaper Caddy Basket, Large Baby Shower Caddy for Newborn Boys and Girls, Gift for Baby Shower List, Newborn Essentials Basket, Earthy Rainbow</p><p> -30% 0FF </p><p>$15.99</p><a href="https://www.amazon.com/dp/B0DDTSNXNM?tag=eloabder-20&linkCode=osi&th=1&psc=1">View Product</a></div>
<div class="product"><a href="https://www.amazon.com/dp/B08DN1KTRH?tag=eloabder-20&linkCode=osi&th=1&psc=1"><img src="https://m.media-amazon.com/images/I/510rTaksLXL._SL500_.jpg" alt="Product Image"></a><p>16 Pack Baby Washcloths - Luxury Multicolor Coral Fleece - Extra Absorbent and Soft Wash Clothes for Newborns, Infants and Toddlers - Suitable for Sensitive Skin and New Born - Baby Shower, 10x10 Inch</p><p> -47% 0FF </p><p>$9.99</p><a href="https://www.amazon.com/dp/B08DN1KTRH?tag=eloabder-20&linkCode=osi&th=1&psc=1">View Product</a></div><div class="product"><a href="https://www.amazon.com/dp/B088RBY8Y5?tag=eloabder-20&linkCode=osi&th=1&psc=1"><img src="https://m.media-amazon.com/images/I/31Ku9qSjBCL._SL500_.jpg" alt="Product Image"></a><p>Yoofoss Muslin Burp Cloths for Baby 10 Pack 100% Cotton Baby Washcloths for Boys Girls Large 20''X10'' Super Soft and Absorbent White</p><p> -5% 0FF </p><p>$18.95</p><a href="https://www.amazon.com/dp/B088RBY8Y5?tag=eloabder-20&linkCode=osi&th=1&psc=1">View Product</a></div>
<div class="product"><a href="https://www.amazon.com/dp/B0CMZJ1J4T?tag=eloabder-20&linkCode=osi&th=1&psc=1"><img src="https://m.media-amazon.com/images/I/410bv8kIM8L._SL500_.jpg" alt="Product Image"></a><p>Jay Franco Bluey & Bingo Toddler Comforter Set - 4 Piece Bed Set Includes Sheet Set & Pillow Covers - Super Soft Clouds & Stars Kids Bedding</p><p> -23% 0FF </p><p>$46.49</p><a href="https://www.amazon.com/dp/B0CMZJ1J4T?tag=eloabder-20&linkCode=osi&th=1&psc=1">View Product</a></div><div class="product"><a href="https://www.amazon.com/dp/B00VQ2RLNA?tag=eloabder-20&linkCode=osi&th=1&psc=1"><img src="https://m.media-amazon.com/images/I/513vvaHOurL._SL500_.jpg" alt="Product Image"></a><p>Burt's Bees Baby Infant Reversible Quilt Blanket, Jersey Knit, Soft, 100% Organic Cotton Blankets, with 100% Polyester Fill for Warm Padding, Size 37 x 46 Inch</p><p> -50% 0FF </p><p>$32.49</p><a href="https://www.amazon.com/dp/B00VQ2RLNA?tag=eloabder-20&linkCode=osi&th=1&psc=1">View Product</a></div><div class="product"><a href="https://www.amazon.com/dp/B01GKZO0U4?tag=eloabder-20&linkCode=osi&th=1&psc=1"><img src="https://m.media-amazon.com/images/I/21lI+ZZ6+3L._SL500_.jpg" alt="Product Image"></a><p>Tadpoles Quilted Toddler Comforter | 40" x 60" | Made of 100% Microfiber Polyester (Shell) & 200 GSM Fiberfill | Soft, Breathable & Durable | Ideal for Toddlers (12-48 Months) | Box Pattern in White</p><p> -12% 0FF </p><p>$21.99</p><a href="https://www.amazon.com/dp/B01GKZO0U4?tag=eloabder-20&linkCode=osi&th=1&psc=1">View Product</a></div><div class="product"><a href="https://www.amazon.com/dp/B0BRKBKSB5?tag=eloabder-20&linkCode=osi&th=1&psc=1"><img src="https://m.media-amazon.com/images/I/313gax4ZutL._SL500_.jpg" alt="Product Image"></a><p>ZPECC Toddler Comforter Blanket - 39" x 53" Down Alternative Crib Duvet Set, Includes Child Quilt, Flat Pillow, Bear Stitching</p><p> -26% 0FF </p><p>$18.49</p><a href="https://www.amazon.com/dp/B0BRKBKSB5?tag=eloabder-20&linkCode=osi&th=1&psc=1">View Product</a></div>
<div class="product"><a href="https://www.amazon.com/dp/B0BZVLW3XY?tag=eloabder-20&linkCode=osi&th=1&psc=1"><img src="https://m.media-amazon.com/images/I/41bnCsnrb2L._SL500_.jpg" alt="Product Image"></a><p>Yoofoss Baby Crib Sheets for Boys Girls, Fitted Crib Sheet 2 Pack for Standard Crib and Toddler Mattress, Super Soft Microfiber Baby Sheet 28x52x8in(Green+Leaf)</p><p> -17% 0FF </p><p>$9.99</p><a href="https://www.amazon.com/dp/B0BZVLW3XY?tag=eloabder-20&linkCode=osi&th=1&psc=1">View Product</a></div><div class="product"><a href="https://www.amazon.com/dp/B086YCZN5H?tag=eloabder-20&linkCode=osi&th=1&psc=1"><img src="https://m.media-amazon.com/images/I/41jKlfbIwGL._SL500_.jpg" alt="Product Image"></a><p>Crib Mattress Protector Sheets Fitted Waterproof Crib Mattress Pad Cover, Noiseless & Machine Wash 100% Absorbent Crib/Toddler Mattress Protector Sheet Quilted, White, 52" x 28"</p><p> -11% 0FF </p><p>$11.98</p><a href="https://www.amazon.com/dp/B086YCZN5H?tag=eloabder-20&linkCode=osi&th=1&psc=1">View Product</a></div><div class="product"><a href="https://www.amazon.com/dp/B0CLL7JPTY?tag=eloabder-20&linkCode=osi&th=1&psc=1"><img src="https://m.media-amazon.com/images/I/41X3AyJQqrL._SL500_.jpg" alt="Product Image"></a><p>PINNKKU 3-Piece Crib Bedding Set for Boy Girls, Includes Crib Skirt, Blanket and Crib Sheet, Crib Baby Bedding, Pintuck Pinch Pleat Pink</p><p> -19% 0FF </p><p>$34.99 ($11.66 / Count)</p><a href="https://www.amazon.com/dp/B0CLL7JPTY?tag=eloabder-20&linkCode=osi&th=1&psc=1">View Product</a></div><div class="product"><a href="https://www.amazon.com/dp/B08G3DCPYM?tag=eloabder-20&linkCode=osi&th=1&psc=1"><img src="https://m.media-amazon.com/images/I/51UmAUm+f-L._SL500_.jpg" alt="Product Image"></a><p>Bedtime Originals Mighty Jungle 3Piece Crib Bedding Set, Multicolor (283003V)</p><p> -27% 0FF </p><p>$49.49</p><a href="https://www.amazon.com/dp/B08G3DCPYM?tag=eloabder-20&linkCode=osi&th=1&psc=1">View Product</a></div><div class="product"><a href="https://www.amazon.com/dp/B0BRWWTS3M?tag=eloabder-20&linkCode=osi&th=1&psc=1"><img src="https://m.media-amazon.com/images/I/51WZGfoIsvL._SL500_.jpg" alt="Product Image"></a><p>The Peanutshell 3 Piece Baby Crib Bedding Set for Girls - Newborn, Infant & Toddler Nursery Bed Set Decor with Fitted Crib Sheet, Dust Ruffle, Crib Comforter - Wildest Dreams</p><p> -10% 0FF </p><p>$44.99</p><a href="https://www.amazon.com/dp/B0BRWWTS3M?tag=eloabder-20&linkCode=osi&th=1&psc=1">View Product</a></div>
<div class="product"><a href="https://www.amazon.com/dp/B010S7VZI0?tag=eloabder-20&linkCode=osi&th=1&psc=1"><img src="https://m.media-amazon.com/images/I/31Ll01T4-sL._SL500_.jpg" alt="Product Image"></a><p>Graco Premium Crib & Toddler Mattress – GREENGUARD Gold Certified & CertiPUR-US Certified, Fits All Standard Crib & Toddler Beds, Waterproof Sleep Surface, Machine-Washable Outer Cover for Easy Care</p><p> -25% 0FF </p><p>$89.99</p><a href="https://www.amazon.com/dp/B010S7VZI0?tag=eloabder-20&linkCode=osi&th=1&psc=1">View Product</a></div><div class="product"><a href="https://www.amazon.com/dp/B0030V4Z02?tag=eloabder-20&linkCode=osi&th=1&psc=1"><img src="https://m.media-amazon.com/images/I/416srazdlsL._SL500_.jpg" alt="Product Image"></a><p>Dream On Me Honeycomb Orthopedic Firm Fiber Standard Baby Crib Mattress, Greenguard Gold and JPMA Certified, 5” Fiber Core Optimum Support, Fits Crib and Toddler Bed, Waterproof Vinyl Cover</p><p> -7% 0FF </p><p>$59.87</p><a href="https://www.amazon.com/dp/B0030V4Z02?tag=eloabder-20&linkCode=osi&th=1&psc=1">View Product</a></div><div class="product"><a href="https://www.amazon.com/dp/B0BLK39GTG?tag=eloabder-20&linkCode=osi&th=1&psc=1"><img src="https://m.media-amazon.com/images/I/41U0AL73RKL._SL500_.jpg" alt="Product Image"></a><p>Letmxiu Premium Dual-Sided Crib & Toddler Mattress,100% Knitted Fabric,Premium Fleece-Hypoallergenic,5" Firm Soft Crib Mattress, Non-Toxic Toddler Bed Mattress Fits Standard Cribs & Toddler Beds</p><p> -14% 0FF </p><p>$59.99</p><a href="https://www.amazon.com/dp/B0BLK39GTG?tag=eloabder-20&linkCode=osi&th=1&psc=1">View Product</a></div><div class="product"><a href="https://www.amazon.com/dp/B0BWDRBYL4?tag=eloabder-20&linkCode=osi&th=1&psc=1"><img src="https://m.media-amazon.com/images/I/41dkngPyPEL._SL500_.jpg" alt="Product Image"></a><p>Tiankehan Premium Dual-Sided Baby Crib Mattress and Toddler Mattress - 52" x 27.6" x 5" - Breathable - Firm Soft - Fits Standard Cribs and Toddler Beds</p><p> -14% 0FF </p><p>$59.98</p><a href="https://www.amazon.com/dp/B0BWDRBYL4?tag=eloabder-20&linkCode=osi&th=1&psc=1">View Product</a></div>
<div class="product"><a href="https://www.amazon.com/dp/B0C7T23J3Y?tag=eloabder-20&linkCode=osi&th=1&psc=1"><img src="https://m.media-amazon.com/images/I/41wcurEQD3L._SL500_.jpg" alt="Product Image"></a><p>The Peanutshell Crib Mobile for Girls - Pink and White Musical Baby Crib Mobile with 12 Lullabies, Forest Baby Mobile Crib Little Forest Nursery Decor</p><p> -16% 0FF </p><p>$37.69</p><a href="https://www.amazon.com/dp/B0C7T23J3Y?tag=eloabder-20&linkCode=osi&th=1&psc=1">View Product</a></div><div class="product"><a href="https://www.amazon.com/dp/B0C7SC34Z3?tag=eloabder-20&linkCode=osi&th=1&psc=1"><img src="https://m.media-amazon.com/images/I/41i+L053hPL._SL500_.jpg" alt="Product Image"></a><p>The Peanutshell Crib Mobile for Boys or Girls - Light and Dark Blue Musical Baby Crib Mobile with 12 Lullabies, Ocean Baby Mobile Crib Nautical Nursery Decor</p><p> -11% 0FF </p><p>$39.99</p><a href="https://www.amazon.com/dp/B0C7SC34Z3?tag=eloabder-20&linkCode=osi&th=1&psc=1">View Product</a></div>
<div class="product"><a href="https://www.amazon.com/dp/B07K594Q7W?tag=eloabder-20&linkCode=osi&th=1&psc=1"><img src="https://m.media-amazon.com/images/I/41chCOFT3fL._SL500_.jpg" alt="Product Image"></a><p>Burt's Bees Baby Print Fitted Crib Sheet Organic Cotton BEESNUG - Hello Moon! Prints, Fits Unisex Standard Bed and Toddler Mattress, Infant Essentials, 52 x 28 Inch 1-Pack</p><p> -34% 0FF </p><p>$13.80</p><a href="https://www.amazon.com/dp/B07K594Q7W?tag=eloabder-20&linkCode=osi&th=1&psc=1">View Product</a></div><div class="product"><a href="https://www.amazon.com/dp/B08HYS8HCQ?tag=eloabder-20&linkCode=osi&th=1&psc=1"><img src="https://m.media-amazon.com/images/I/41OJxVS5clL._SL500_.jpg" alt="Product Image"></a><p>KeaBabies 2-Pack Organic Crib Sheets for Boys, Girls, Jersey Fitted Crib Sheet, Baby Crib Sheets Neutral, Cotton Breathable Crib Sheet, Cute Printed Crib Mattress Sheet, Baby Mattress Sheets(Woodland)</p><p> -27% 0FF </p><p>$21.96</p><a href="https://www.amazon.com/dp/B08HYS8HCQ?tag=eloabder-20&linkCode=osi&th=1&psc=1">View Product</a></div><div class="product"><a href="https://www.amazon.com/dp/B07JBRWPRZ?tag=eloabder-20&linkCode=osi&th=1&psc=1"><img src="https://m.media-amazon.com/images/I/41WkDf7XWaL._SL500_.jpg" alt="Product Image"></a><p>American Baby Company 3 Pack Fitted Mini Crib Sheet 24" x 38", Soft Breathable Neutral 100% Cotton Jersey Portable Sheet, Gray Star/Zigzag, for Boys and Girls, Fits Most Pack N Play Mattresses</p><p> -20% 0FF </p><p>$14.34</p><a href="https://www.amazon.com/dp/B07JBRWPRZ?tag=eloabder-20&linkCode=osi&th=1&psc=1">View Product</a></div><div class="product"><a href="https://www.amazon.com/dp/B0BGWX27FP?tag=eloabder-20&linkCode=osi&th=1&psc=1"><img src="https://m.media-amazon.com/images/I/41tRk-EAY-L._SL500_.jpg" alt="Product Image"></a><p>4-Pack Fitted Crib Sheets for Boys and Girls - Breathable, Soft Microfiber Baby Sheets in Grey, Navy and White</p><p> -9% 0FF </p><p>$19.99 ($5.00 / Count)</p><a href="https://www.amazon.com/dp/B0BGWX27FP?tag=eloabder-20&linkCode=osi&th=1&psc=1">View Product</a></div>
<div class="product"><a href="https://www.amazon.com/dp/B082WW1FCQ?tag=eloabder-20&linkCode=osi&th=1&psc=1"><img src="https://m.media-amazon.com/images/I/416EVH-FKwL._SL500_.jpg" alt="Product Image"></a><p>Crib Bed Skirt 28” x 52” with 14” Drop Pleated Dust Ruffle for Baby Boys Girls Elastic Adjustable Fit Toddler Bedskirt Easy On/Off Soft Nursery Standard Crib Bedding Skirts Solid White Crib Skirt</p><p> -18% 0FF </p><p>$17.99</p><a href="https://www.amazon.com/dp/B082WW1FCQ?tag=eloabder-20&linkCode=osi&th=1&psc=1">View Product</a></div><div class="product"><a href="https://www.amazon.com/dp/B000YFU77W?tag=eloabder-20&linkCode=osi&th=1&psc=1"><img src="https://m.media-amazon.com/images/I/31R9qJzse7L._SL500_.jpg" alt="Product Image"></a><p>American Baby Company 100% Natural Cotton Percale Ruffled Crib Skirt, Cream, 52"L x 28"W + 13.5"</p><p> -33% 0FF </p><p>$16.79</p><a href="https://www.amazon.com/dp/B000YFU77W?tag=eloabder-20&linkCode=osi&th=1&psc=1">View Product</a></div><div class="product"><a href="https://www.amazon.com/dp/B0B5YML25P?tag=eloabder-20&linkCode=osi&th=1&psc=1"><img src="https://m.media-amazon.com/images/I/31DyVARAxlL._SL500_.jpg" alt="Product Image"></a><p>Lush Decor Ruffle Crib Skirt, 16" Drop, White</p><p> -26% 0FF </p><p>$28.19</p><a href="https://www.amazon.com/dp/B0B5YML25P?tag=eloabder-20&linkCode=osi&th=1&psc=1">View Product</a></div>
<div class="product"><a href="https://www.amazon.com/dp/B0D8B4FNHF?tag=eloabder-20&linkCode=osi&th=1&psc=1"><img src="https://m.media-amazon.com/images/I/41gmkYMTEaL._SL500_.jpg" alt="Product Image"></a><p>CHICWAY Baby Patter for Sleep, Baby Sleep Soother, Baby Vibrating Soother 3 Vibration Modes & Intensities Help Baby Sleep, Crib Toy, Crib Accessory, Registry Gift, Shower Gift, Newborn Baby Essentials</p><p> -54% 0FF </p><p>$22.91</p><a href="https://www.amazon.com/dp/B0D8B4FNHF?tag=eloabder-20&linkCode=osi&th=1&psc=1">View Product</a></div><div class="product"><a href="https://www.amazon.com/dp/B009UPUFCY?tag=eloabder-20&linkCode=osi&th=1&psc=1"><img src="https://m.media-amazon.com/images/I/41MuYdMqcXL._SL500_.jpg" alt="Product Image"></a><p>Munchkin® Lulla-Vibe™ Vibrating Mattress Pad Sleep Soother</p><p> -9% 0FF </p><p>$27.25</p><a href="https://www.amazon.com/dp/B009UPUFCY?tag=eloabder-20&linkCode=osi&th=1&psc=1">View Product</a></div>

<div class="product"><a href="https://www.amazon.com/dp/B098TWMRNV?tag=eloabder-20&linkCode=osi&th=1&psc=1"><img src="https://m.media-amazon.com/images/I/51eBNBdbFPL._SL500_.jpg" alt="Product Image"></a><p>PILLANI Baby Diaper Bag Backpack - Baby Bag for Boys & Girls - Diaper Backpack - Large Travel Diaper Bags w/Changing Pad - Baby Registry Search & Shower Gifts Newborn Essentials & Items for Mom, Gray</p><p> -37% 0FF </p><p>$34.99</p><a href="https://www.amazon.com/dp/B098TWMRNV?tag=eloabder-20&linkCode=osi&th=1&psc=1">View Product</a></div><div class="product"><a href="https://www.amazon.com/dp/B07HL6FV5F?tag=eloabder-20&linkCode=osi&th=1&psc=1"><img src="https://m.media-amazon.com/images/I/41CpqR1T2iL._SL500_.jpg" alt="Product Image"></a><p>RUVALINO Diaper Bag Backpack - Multifunction Waterproof Travel Essentials, Maternity Baby Bag with Changing Pad & Stroller D-Ring & Pacifier Case - Baby Registry Search/Items & Shower Gifts - Black</p><p> -51% 0FF </p><p>$43.99</p><a href="https://www.amazon.com/dp/B07HL6FV5F?tag=eloabder-20&linkCode=osi&th=1&psc=1">View Product</a></div><div class="product"><a href="https://www.amazon.com/dp/B0BSKZFV8Z?tag=eloabder-20&linkCode=osi&th=1&psc=1"><img src="https://m.media-amazon.com/images/I/41kJJGd0-KL._SL500_.jpg" alt="Product Image"></a><p>Skip Hop Diaper Bag Backpack: Forma, Multi-Function Baby Travel Bag with Changing Pad & Stroller Attachment, Sage</p><p> -6% 0FF </p><p>$74.49</p><a href="https://www.amazon.com/dp/B0BSKZFV8Z?tag=eloabder-20&linkCode=osi&th=1&psc=1">View Product</a></div>
<div class="product"><a href="https://www.amazon.com/dp/B00569GU18?tag=eloabder-20&linkCode=osi&th=1&psc=1"><img src="https://m.media-amazon.com/images/I/41Zx990UFlL._SL500_.jpg" alt="Product Image"></a><p>Boudreaux's Butt Paste Maximum Strength Diaper Rash Cream, Ointment for Baby, 4 oz Tube</p><p> -12% 0FF </p><p>$7.48 ($1.87 / Ounce)</p><a href="https://www.amazon.com/dp/B00569GU18?tag=eloabder-20&linkCode=osi&th=1&psc=1">View Product</a></div><div class="product"><a href="https://www.amazon.com/dp/B00ZQXT4EY?tag=eloabder-20&linkCode=osi&th=1&psc=1"><img src="https://m.media-amazon.com/images/I/31SXI-cW6IL._SL500_.jpg" alt="Product Image"></a><p>Desitin Maximum Strength Baby Diaper Rash Cream, 40% Zinc Oxide for Treatment, Relief & Prevention, Hypoallergenic, Phthalate- & Paraben-Free Paste, Protects Skin for 12 Hours, 4.8 oz</p><p> -38% 0FF </p><p>$7.33 ($1.53 / Ounce)</p><a href="https://www.amazon.com/dp/B00ZQXT4EY?tag=eloabder-20&linkCode=osi&th=1&psc=1">View Product</a></div><div class="product"><a href="https://www.amazon.com/dp/B082QBB8KQ?tag=eloabder-20&linkCode=osi&th=1&psc=1"><img src="https://m.media-amazon.com/images/I/51vNnfQ6MmL._SL500_.jpg" alt="Product Image"></a><p>Aquaphor Baby Diaper Rash Paste - For Serious Diaper Rash and Flare-ups - 3.5 Oz. Tube</p><p> -5% 0FF </p><p>$7.87 ($2.25 / Ounce)</p><a href="https://www.amazon.com/dp/B082QBB8KQ?tag=eloabder-20&linkCode=osi&th=1&psc=1">View Product</a></div><div class="product"><a href="https://www.amazon.com/dp/B00M0N9J20?tag=eloabder-20&linkCode=osi&th=1&psc=1"><img src="https://m.media-amazon.com/images/I/41t50K+y9yL._SL500_.jpg" alt="Product Image"></a><p>Desitin Daily Defense Baby Diaper Rash Cream with Zinc Oxide to Treat, Relieve & Prevent diaper rash, Hypoallergenic, Dye-, Phthalate- & Paraben-Free, 4 oz</p><p> -42% 0FF </p><p>$5.39 ($1.35 / Ounce)</p><a href="https://www.amazon.com/dp/B00M0N9J20?tag=eloabder-20&linkCode=osi&th=1&psc=1">View Product</a></div><div class="product"><a href="https://www.amazon.com/dp/B00Q2MYU9W?tag=eloabder-20&linkCode=osi&th=1&psc=1"><img src="https://m.media-amazon.com/images/I/51PiNmf+vpL._SL500_.jpg" alt="Product Image"></a><p>Aquaphor Baby Diaper Rash Cream, 3-in-1 Diaper Rash Relief, 3.5 Oz Tube</p><p> -17% 0FF </p><p>$18.69 ($1.78 / Ounce)</p><a href="https://www.amazon.com/dp/B00Q2MYU9W?tag=eloabder-20&linkCode=osi&th=1&psc=1">View Product</a></div><div class="product"><a href="https://www.amazon.com/dp/B0B4PNGXFS?tag=eloabder-20&linkCode=osi&th=1&psc=1"><img src="https://m.media-amazon.com/images/I/51BB218LJpL._SL500_.jpg" alt="Product Image"></a><p>Triple Paste Diaper Rash Cream for Baby - 3 oz Tube - Zinc Oxide Ointment Treats, Soothes and Prevents Diaper Rash - Pediatrician-Recommended Hypoallergenic Formula with Soothing Botanicals</p><p> -25% 0FF </p><p>$8.96 ($2.99 / Ounce)</p><a href="https://www.amazon.com/dp/B0B4PNGXFS?tag=eloabder-20&linkCode=osi&th=1&psc=1">View Product</a></div><div class="product"><a href="https://www.amazon.com/dp/B00KFITCXS?tag=eloabder-20&linkCode=osi&th=1&psc=1"><img src="https://m.media-amazon.com/images/I/41Upagho5nL._SL500_.jpg" alt="Product Image"></a><p>The Honest Company Hypoallergenic Diaper Rash Cream | Moisturizing + Calming Zinc Oxide Ointment | NEA Recognized, Cruelty Free | 2.5 oz</p><p> -7% 0FF </p><p>$10.25 ($4.10 / Ounce)</p><a href="https://www.amazon.com/dp/B00KFITCXS?tag=eloabder-20&linkCode=osi&th=1&psc=1">View Product</a></div><div class="product"><a href="https://www.amazon.com/dp/B000LTJRQ8?tag=eloabder-20&linkCode=osi&th=1&psc=1"><img src="https://m.media-amazon.com/images/I/51z4dtHfCgL._SL500_.jpg" alt="Product Image"></a><p>Triple Paste Diaper Rash Cream for Baby - 8 Oz Tub - Zinc Oxide Ointment Treats, Soothes and Prevents Diaper Rash - Pediatrician-Recommended Hypoallergenic Formula with Soothing Botanicals</p><p> -27% 0FF </p><p>$14.53 ($1.82 / Ounce)</p><a href="https://www.amazon.com/dp/B000LTJRQ8?tag=eloabder-20&linkCode=osi&th=1&psc=1">View Product</a></div><div class="product"><a href="https://www.amazon.com/dp/B00BH0PZBG?tag=eloabder-20&linkCode=osi&th=1&psc=1"><img src="https://m.media-amazon.com/images/I/41nENIiSAHL._SL500_.jpg" alt="Product Image"></a><p>Desitin Maximum Strength Baby Diaper Rash Cream with 40% Zinc Oxide for Treatment, Relief & Prevention, Hypoallergenic, Phthalate- & Paraben-Free Paste, 16 oz</p><p> -31% 0FF </p><p>$18.44 ($1.15 / Ounce)</p><a href="https://www.amazon.com/dp/B00BH0PZBG?tag=eloabder-20&linkCode=osi&th=1&psc=1">View Product</a></div><div class="product"><a href="https://www.amazon.com/dp/B000V3MFUY?tag=eloabder-20&linkCode=osi&th=1&psc=1"><img src="https://m.media-amazon.com/images/I/31To+A+IRQL._SL500_.jpg" alt="Product Image"></a><p>Weleda Baby Calendula Diaper Cream, 2.8 Fluid Ounce, Plant Rich Protection with Calendula, Chamomile, Sweet Almond Oil, Lanolin and Zinc Oxide</p><p> -12% 0FF </p><p>$12.32 ($4.40 / Ounce)</p><a href="https://www.amazon.com/dp/B000V3MFUY?tag=eloabder-20&linkCode=osi&th=1&psc=1">View Product</a></div>
<div class="product"><a href="https://www.amazon.com/dp/B012UFN9T6?tag=eloabder-20&linkCode=osi&th=1&psc=1"><img src="https://m.media-amazon.com/images/I/51SxpJF694L._SL500_.jpg" alt="Product Image"></a><p>Nuby Diaper Disposal Bags for Baby - (6-Pack) 50 Count Disposable Bags - Fresh Baby Powder Scent - Blue</p><p> -10% 0FF </p><p>$16.15</p><a href="https://www.amazon.com/dp/B012UFN9T6?tag=eloabder-20&linkCode=osi&th=1&psc=1">View Product</a></div>
<div class="product"><a href="https://www.amazon.com/dp/B0CPR2N8FD?tag=eloabder-20&linkCode=osi&th=1&psc=1"><img src="https://m.media-amazon.com/images/I/41uXmeS+P5L._SL500_.jpg" alt="Product Image"></a><p>Diaper Genie Select Pail Registry Gift Set (White) | Made of Durable Stainless Steel Metal | Includes 2 Jumbo Refills | Holds 1620 Newborn Diapers</p><p> -20% 0FF </p><p>$59.99</p><a href="https://www.amazon.com/dp/B0CPR2N8FD?tag=eloabder-20&linkCode=osi&th=1&psc=1">View Product</a></div><div class="product"><a href="https://www.amazon.com/dp/B0CNS3R8T7?tag=eloabder-20&linkCode=osi&th=1&psc=1"><img src="https://m.media-amazon.com/images/I/31BIw9M8SwL._SL500_.jpg" alt="Product Image"></a><p>Diaper Genie Classic Pail Includes 1 Starter Square Refill That can Hold up to 165 Newborn-Sized Diapers.</p><p> -20% 0FF </p><p>$23.99</p><a href="https://www.amazon.com/dp/B0CNS3R8T7?tag=eloabder-20&linkCode=osi&th=1&psc=1">View Product</a></div><div class="product"><a href="https://www.amazon.com/dp/B0BWGZ7J7W?tag=eloabder-20&linkCode=osi&th=1&psc=1"><img src="https://m.media-amazon.com/images/I/41pqvAOekFL._SL500_.jpg" alt="Product Image"></a><p>Diaper Genie Signature Gift Set | Includes Easy Roll Refill with 48 Bags | Holds Up to 2256 Newborn Diapers</p><p> -41% 0FF </p><p>$52.79</p><a href="https://www.amazon.com/dp/B0BWGZ7J7W?tag=eloabder-20&linkCode=osi&th=1&psc=1">View Product</a></div><div class="product"><a href="https://www.amazon.com/dp/B00821FLT4?tag=eloabder-20&linkCode=osi&th=1&psc=1"><img src="https://m.media-amazon.com/images/I/21an29pWMkL._SL500_.jpg" alt="Product Image"></a><p>Ubbi Steel Diaper Pail, Odor Locking, No Special Bag Required, Award-Winning, Registry Must-Have, White</p><p> -30% 0FF </p><p>$55.99</p><a href="https://www.amazon.com/dp/B00821FLT4?tag=eloabder-20&linkCode=osi&th=1&psc=1">View Product</a></div><div class="product"><a href="https://www.amazon.com/dp/B0BWGWZ2J4?tag=eloabder-20&linkCode=osi&th=1&psc=1"><img src="https://m.media-amazon.com/images/I/317sppbydxL._SL500_.jpg" alt="Product Image"></a><p>Diaper Genie Signature Pail (Grey) Includes 1 Easy Roll Refill with 18 Bags | Holds Up to 846 Newborn-Sized Diapers Per Refill</p><p> -20% 0FF </p><p>$47.99</p><a href="https://www.amazon.com/dp/B0BWGWZ2J4?tag=eloabder-20&linkCode=osi&th=1&psc=1">View Product</a></div>
<div class="product"><a href="https://www.amazon.com/dp/B0083973FK?tag=eloabder-20&linkCode=osi&th=1&psc=1"><img src="https://m.media-amazon.com/images/I/51c+QHPetfL._SL500_.jpg" alt="Product Image"></a><p>Sposie Booster Pads, Stop Overnight Diaper Leaks, Adhesive-Free for Easy repositioning, Helps Reduce Nighttime Diaper Changes and Diaper Rash, Use with Sizes 4-6, 90 ct.</p><p> -20% 0FF </p><p>$39.99 ($0.44 / Count)</p><a href="https://www.amazon.com/dp/B0083973FK?tag=eloabder-20&linkCode=osi&th=1&psc=1">View Product</a></div><div class="product"><a href="https://www.amazon.com/dp/B07V4MZF2W?tag=eloabder-20&linkCode=osi&th=1&psc=1"><img src="https://m.media-amazon.com/images/I/51u-l608rTL._SL500_.jpg" alt="Product Image"></a><p>Dimples Booster Pads, Baby Diaper Doubler with Adhesive - 1 Size Fits All Diapers - Boosts Diaper Absorbency - No More leaks 90 Count (with Adhesive for Secure Fit)</p><p> -15% 0FF </p><p>$27.99 ($0.31 / Count)</p><a href="https://www.amazon.com/dp/B07V4MZF2W?tag=eloabder-20&linkCode=osi&th=1&psc=1">View Product</a></div><div class="product"><a href="https://www.amazon.com/dp/B0CBQQKMS2?tag=eloabder-20&linkCode=osi&th=1&psc=1"><img src="https://m.media-amazon.com/images/I/51IK5dDp++L._SL500_.jpg" alt="Product Image"></a><p>Inspire Ultra Dimples Diaper Booster Pads | Our Most Absorbent Diaper Inserts Ever | Diaper Pads Inserts Overnight or Daytime | Diaper Liners Turn Any Diaper into Super Overnight Diapers for Babies</p><p> -17% 0FF </p><p>$9.99 ($0.48 / Count)</p><a href="https://www.amazon.com/dp/B0CBQQKMS2?tag=eloabder-20&linkCode=osi&th=1&psc=1">View Product</a></div>
<div class="product"><a href="https://www.amazon.com/dp/B0B5WF7S9F?tag=eloabder-20&linkCode=osi&th=1&psc=1"><img src="https://m.media-amazon.com/images/I/41vB5uYpocL._SL500_.jpg" alt="Product Image"></a><p>Mr. Pen- Baby Diaper Caddy Organizer, Car Caddy, Portable Organizer for Changing Table, Nursery</p><p> -14% 0FF </p><p>$12.85</p><a href="https://www.amazon.com/dp/B0B5WF7S9F?tag=eloabder-20&linkCode=osi&th=1&psc=1">View Product</a></div><div class="product"><a href="https://www.amazon.com/dp/B0734LPFJR?tag=eloabder-20&linkCode=osi&th=1&psc=1"><img src="https://m.media-amazon.com/images/I/51TCskU5lyL._SL500_.jpg" alt="Product Image"></a><p>Lily Miles Baby Diaper Caddy - Large Organizer Tote Bag for Baby essentials Boy or Girl - Baby Shower Basket - Nursery Must Haves - Registry Favorites - Newborn Caddie Car Travel</p><p> -17% 0FF </p><p>$24.95</p><a href="https://www.amazon.com/dp/B0734LPFJR?tag=eloabder-20&linkCode=osi&th=1&psc=1">View Product</a></div><div class="product"><a href="https://www.amazon.com/dp/B0D4LRZW48?tag=eloabder-20&linkCode=osi&th=1&psc=1"><img src="https://m.media-amazon.com/images/I/41NadHwjJlL._SL500_.jpg" alt="Product Image"></a><p>KEETDY Large Diaper Pocket Over the Door Organizer for Nursery, Closet Door Hanging Storage, Baby Organizers and Storage for Newborn Essentials & Diaper Organizer, Beige</p><p> -19% 0FF </p><p>$16.99</p><a href="https://www.amazon.com/dp/B0D4LRZW48?tag=eloabder-20&linkCode=osi&th=1&psc=1">View Product</a></div>
<div class="product"><a href="https://www.amazon.com/dp/B01BDQDIGM?tag=eloabder-20&linkCode=osi&th=1&psc=1"><img src="https://m.media-amazon.com/images/I/41ym1o+HI0L._SL500_.jpg" alt="Product Image"></a><p>Munchkin® STEP™ Diaper Pail Powered by Arm & Hammer, #1 in Odor Control, Award-Winning, Includes 1 Snap, Seal & Toss™ Bag, 1 Starter Refill Ring, and 1 PUCK™ Baking Soda Cartridge</p><p> -19% 0FF </p><p>$59.99</p><a href="https://www.amazon.com/dp/B01BDQDIGM?tag=eloabder-20&linkCode=osi&th=1&psc=1">View Product</a></div><div class="product"><a href="https://www.amazon.com/dp/B0CNS3NMT5?tag=eloabder-20&linkCode=osi&th=1&psc=1"><img src="https://m.media-amazon.com/images/I/41VFasXJE-L._SL500_.jpg" alt="Product Image"></a><p>Diaper Genie Select Pail (Blue) is Made of Durable Stainless Steel and Includes 1 Starter Square Refill That can Hold up to 165 Newborn-Sized Diapers.</p><p> -34% 0FF </p><p>$32.79</p><a href="https://www.amazon.com/dp/B0CNS3NMT5?tag=eloabder-20&linkCode=osi&th=1&psc=1">View Product</a></div><div class="product"><a href="https://www.amazon.com/dp/B000RLQZD8?tag=eloabder-20&linkCode=osi&th=1&psc=1"><img src="https://m.media-amazon.com/images/I/41vuQVcyESL._SL500_.jpg" alt="Product Image"></a><p>Diaper Dekor Plus Hands-Free Diaper Pail | White | Easiest to Use | Just Step–Drop–Done | Doesn’t Absorb Odors | 20 Second Bag Change | Most Economical Refill System | Great for Cloth Diapers</p><p> -9% 0FF </p><p>$49.95</p><a href="https://www.amazon.com/dp/B000RLQZD8?tag=eloabder-20&linkCode=osi&th=1&psc=1">View Product</a></div>
<div class="product"><a href="https://www.amazon.com/dp/B016N3PHBO?tag=eloabder-20&linkCode=osi&th=1&psc=1"><img src="https://m.media-amazon.com/images/I/31X8EAoIwzL._SL500_.jpg" alt="Product Image"></a><p>A+D Zinc Oxide Diaper Rash Treatment Cream, Dimenthicone 1%, Zinc Oxide 10%, Easy Spreading Baby Skin Care, 4 Ounce Tube (Packaging May Vary)</p><p> -9% 0FF </p><p>$5.47 ($0.98 / Ounce)</p><a href="https://www.amazon.com/dp/B016N3PHBO?tag=eloabder-20&linkCode=osi&th=1&psc=1">View Product</a></div>
<div class="product"><a href="https://www.amazon.com/dp/B073V5XZHZ?tag=eloabder-20&linkCode=osi&th=1&psc=1"><img src="https://m.media-amazon.com/images/I/41FJH3vX0xL._SL500_.jpg" alt="Product Image"></a><p>hiccapop Hanging Diaper Organizer for Changing Table, Cribs and Walls, Diaper Stacker and Nursery Organizer | Hanging Storage Caddy Organizer for Baby Essentials |</p><p> -14% 0FF </p><p>$29.92</p><a href="https://www.amazon.com/dp/B073V5XZHZ?tag=eloabder-20&linkCode=osi&th=1&psc=1">View Product</a></div>

<div class="product"><a href="https://www.amazon.com/dp/B07MB5PZBF?tag=eloabder-20&linkCode=osi&th=1&psc=1"><img src="https://m.media-amazon.com/images/I/51JYyHL1KML._SL500_.jpg" alt="Product Image"></a><p>Huggies Size 1 Diapers, Little Snugglers Newborn Diapers, Size 1 (8-14 lbs), 32 Count</p><p> -19% 0FF </p><p>$9.94 ($0.31 / Count)</p><a href="https://www.amazon.com/dp/B07MB5PZBF?tag=eloabder-20&linkCode=osi&th=1&psc=1">View Product</a></div><div class="product"><a href="https://www.amazon.com/dp/B07T4WQRNJ?tag=eloabder-20&linkCode=osi&th=1&psc=1"><img src="https://m.media-amazon.com/images/I/41yeY7iBMEL._SL500_.jpg" alt="Product Image"></a><p>Amazon Brand - Mama Bear Gentle Touch Diapers, Hypoallergenic, Size 5, 33 Count, White</p><p> -9% 0FF </p><p>$11.61</p><a href="https://www.amazon.com/dp/B07T4WQRNJ?tag=eloabder-20&linkCode=osi&th=1&psc=1">View Product</a></div><div class="product"><a href="https://www.amazon.com/dp/B0CKV3GLS2?tag=eloabder-20&linkCode=osi&th=1&psc=1"><img src="https://m.media-amazon.com/images/I/51zE6kc5RWL._SL500_.jpg" alt="Product Image"></a><p>The Honest Company Clean Conscious Diapers | Plant-Based, Sustainable | Young at Heart + Rose Blossom | Club Box, Size 2 (12-18 lbs), 72 Count</p><p> -15% 0FF </p><p>$25.49 ($0.35 / Count)</p><a href="https://www.amazon.com/dp/B0CKV3GLS2?tag=eloabder-20&linkCode=osi&th=1&psc=1">View Product</a></div><div class="product"><a href="https://www.amazon.com/dp/B0CHGJ4YVM?tag=eloabder-20&linkCode=osi&th=1&psc=1"><img src="https://m.media-amazon.com/images/I/51eBhAfAr+L._SL500_.jpg" alt="Product Image"></a><p>Huggies Size 1 Diapers, Skin Essentials Baby Diapers, Size 1 (8-14 lbs), 32 Count</p><p> -19% 0FF </p><p>$9.94 ($0.31 / Count)</p><a href="https://www.amazon.com/dp/B0CHGJ4YVM?tag=eloabder-20&linkCode=osi&th=1&psc=1">View Product</a></div>
<div class="product"><a href="https://www.amazon.com/dp/B005OSHTXO?tag=eloabder-20&linkCode=osi&th=1&psc=1"><img src="https://m.media-amazon.com/images/I/41MQMmwwDUL._SL500_.jpg" alt="Product Image"></a><p>Badger Basket Modern Baby Changing Table with Laundry Hamper, 3 Storage Drawers and Pad, Diaper Change Station - Espresso/Ecru</p><p> -35% 0FF </p><p>$122.99</p><a href="https://www.amazon.com/dp/B005OSHTXO?tag=eloabder-20&linkCode=osi&th=1&psc=1">View Product</a></div><div class="product"><a href="https://www.amazon.com/dp/B0C84T1L1F?tag=eloabder-20&linkCode=osi&th=1&psc=1"><img src="https://m.media-amazon.com/images/I/31VUJhNc2fL._SL500_.jpg" alt="Product Image"></a><p>Portable Baby Changing Table with 2 Storage Baskets, BabyBond Foldable Changing Table Dresser Waterproof Diaper Changing Table Height Adjustable Changing Station for Infant and Newborn(Beige)</p><p> -10% 0FF </p><p>$143.99</p><a href="https://www.amazon.com/dp/B0C84T1L1F?tag=eloabder-20&linkCode=osi&th=1&psc=1">View Product</a></div><div class="product"><a href="https://www.amazon.com/dp/B002ACCC52?tag=eloabder-20&linkCode=osi&th=1&psc=1"><img src="https://m.media-amazon.com/images/I/415B3nyWlOS._SL500_.jpg" alt="Product Image"></a><p>Delta Children Eclipse Changing Table with Changing Pad, Black Cherry</p><p> -24% 0FF </p><p>$106.98</p><a href="https://www.amazon.com/dp/B002ACCC52?tag=eloabder-20&linkCode=osi&th=1&psc=1">View Product</a></div>
<div class="product"><a href="https://www.amazon.com/dp/B01AZ20SSQ?tag=eloabder-20&linkCode=osi&th=1&psc=1"><img src="https://m.media-amazon.com/images/I/51gIZq6E8lL._SL500_.jpg" alt="Product Image"></a><p>Baby Trend Sit N' Stand Double Stroller, Onyx</p><p> -30% 0FF </p><p>$139.99</p><a href="https://www.amazon.com/dp/B01AZ20SSQ?tag=eloabder-20&linkCode=osi&th=1&psc=1">View Product</a></div><div class="product"><a href="https://www.amazon.com/dp/B07B7QC8DV?tag=eloabder-20&linkCode=osi&th=1&psc=1"><img src="https://m.media-amazon.com/images/I/41bHbNU6jhL._SL500_.jpg" alt="Product Image"></a><p>Jeep Destination Ultralight Side x Side Double Stroller, Midnight</p><p> -15% 0FF </p><p>$254.00</p><a href="https://www.amazon.com/dp/B07B7QC8DV?tag=eloabder-20&linkCode=osi&th=1&psc=1">View Product</a></div><div class="product"><a href="https://www.amazon.com/dp/B00GJIXW2K?tag=eloabder-20&linkCode=osi&th=1&psc=1"><img src="https://m.media-amazon.com/images/I/518kAj+pzjL._SL500_.jpg" alt="Product Image"></a><p>Delta Children LX Side by Side Stroller - with Recline, Storage & Compact Fold, Grey</p><p> -33% 0FF </p><p>$74.00</p><a href="https://www.amazon.com/dp/B00GJIXW2K?tag=eloabder-20&linkCode=osi&th=1&psc=1">View Product</a></div><div class="product"><a href="https://www.amazon.com/dp/B01L7C479Y?tag=eloabder-20&linkCode=osi&th=1&psc=1"><img src="https://m.media-amazon.com/images/I/51QBKRK7LwL._SL500_.jpg" alt="Product Image"></a><p>Jeep Scout Double Stroller, Charcoal Galaxy</p><p> -8% 0FF </p><p>$109.99</p><a href="https://www.amazon.com/dp/B01L7C479Y?tag=eloabder-20&linkCode=osi&th=1&psc=1">View Product</a></div><div class="product"><a href="https://www.amazon.com/dp/B07BVMSHTZ?tag=eloabder-20&linkCode=osi&th=1&psc=1"><img src="https://m.media-amazon.com/images/I/41arpDdiGJL._SL500_.jpg" alt="Product Image"></a><p>Baby Trend Expedition Double Jogger Stroller, Griffin</p><p> -12% 0FF </p><p>$219.99</p><a href="https://www.amazon.com/dp/B07BVMSHTZ?tag=eloabder-20&linkCode=osi&th=1&psc=1">View Product</a></div><div class="product"><a href="https://www.amazon.com/dp/B095JMDHG1?tag=eloabder-20&linkCode=osi&th=1&psc=1"><img src="https://m.media-amazon.com/images/I/41RzxXFC3zL._SL500_.jpg" alt="Product Image"></a><p>Summer Infant 3Dlite Folding Lightweight Side by Side Double Stroller with 5-Point Safety Harness for Infants and Toddlers, Black</p><p> -10% 0FF </p><p>$143.99</p><a href="https://www.amazon.com/dp/B095JMDHG1?tag=eloabder-20&linkCode=osi&th=1&psc=1">View Product</a></div>
<div class="product"><a href="https://www.amazon.com/dp/B08SQ88X9F?tag=eloabder-20&linkCode=osi&th=1&psc=1"><img src="https://m.media-amazon.com/images/I/614bujHCtPL._SL500_.jpg" alt="Product Image"></a><p>One Fire Night Light for Kids, 96 Lighting Modes Star Projector 360° Rotating+6 Films Kids Night Light Projector,Rechargeable Baby Night Light Ceiling Projector for Bedroom,Kids Gifts&Kids Room Decor</p><p> -29% 0FF </p><p>$14.98</p><a href="https://www.amazon.com/dp/B08SQ88X9F?tag=eloabder-20&linkCode=osi&th=1&psc=1">View Product</a></div><div class="product"><a href="https://www.amazon.com/dp/B07NZN2ZYN?tag=eloabder-20&linkCode=osi&th=1&psc=1"><img src="https://m.media-amazon.com/images/I/51PBHAO+ngL._SL500_.jpg" alt="Product Image"></a><p>Night Light for Kids,Unicorn Night Light Star Projector Gifts for Kids Toddlers,Night Lights Projector for Baby,Unicorn Lamp Ceiling Lights for Girls Bedroom,Night Light for Kids Bedroom(Light Pink)</p><p> -25% 0FF </p><p>$14.99</p><a href="https://www.amazon.com/dp/B07NZN2ZYN?tag=eloabder-20&linkCode=osi&th=1&psc=1">View Product</a></div><div class="product"><a href="https://www.amazon.com/dp/B01LQX0BXA?tag=eloabder-20&linkCode=osi&th=1&psc=1"><img src="https://m.media-amazon.com/images/I/41BcHezl7XL._SL500_.jpg" alt="Product Image"></a><p>Emotionlite Plug in Night Light, Warm White LED Nightlights, Dusk to Dawn Sensor, Kids, Nursery, Bedroom, Bathroom,Hallway, Stairs, Kitchen, UL Listed, 4 Pack</p><p> -17% 0FF </p><p>$9.99 ($2.50 / Count)</p><a href="https://www.amazon.com/dp/B01LQX0BXA?tag=eloabder-20&linkCode=osi&th=1&psc=1">View Product</a></div><div class="product"><a href="https://www.amazon.com/dp/B07H71NHYM?tag=eloabder-20&linkCode=osi&th=1&psc=1"><img src="https://m.media-amazon.com/images/I/412t0Nzaz2L._SL500_.jpg" alt="Product Image"></a><p>2 Pack Sensor LED Night Lights, Color Changing Plug-in Led Mushroom Dream Bed Lamp for Kids Children Adults, Dusk to Dawn Sensor Auto On/Off, Funny Wall Decor Gifts for Nursery Baby Bed Flower Lamp</p><p> -20% 0FF </p><p>$7.99 ($4.00 / Count)</p><a href="https://www.amazon.com/dp/B07H71NHYM?tag=eloabder-20&linkCode=osi&th=1&psc=1">View Product</a></div>
<div class="product"><a href="https://www.amazon.com/dp/B07N1JP56L?tag=eloabder-20&linkCode=osi&th=1&psc=1"><img src="https://m.media-amazon.com/images/I/31R-qSPlk8L._SL500_.jpg" alt="Product Image"></a><p>Fisher-Price Baby Toy Soothe 'n Snuggle Otter Portable Plush Sound Machine with Music Lights & Breathing Motion for Newborns 0+ Months</p><p> -14% 0FF </p><p>$36.99</p><a href="https://www.amazon.com/dp/B07N1JP56L?tag=eloabder-20&linkCode=osi&th=1&psc=1">View Product</a></div><div class="product"><a href="https://www.amazon.com/dp/B006YBHE6M?tag=eloabder-20&linkCode=osi&th=1&psc=1"><img src="https://m.media-amazon.com/images/I/51xjlvsIJlL._SL500_.jpg" alt="Product Image"></a><p>Baby Einstein Sea Dreams Soother, Crib Mount</p><p> -15% 0FF </p><p>$53.99</p><a href="https://www.amazon.com/dp/B006YBHE6M?tag=eloabder-20&linkCode=osi&th=1&psc=1">View Product</a></div><div class="product"><a href="https://www.amazon.com/dp/B075LRC7Z4?tag=eloabder-20&linkCode=osi&th=1&psc=1"><img src="https://m.media-amazon.com/images/I/51n2YwyhfIL._SL500_.jpg" alt="Product Image"></a><p>Soft Dreams Elephant Music and Glow Soother, Grey/Mint</p><p> -17% 0FF </p><p>$19.99</p><a href="https://www.amazon.com/dp/B075LRC7Z4?tag=eloabder-20&linkCode=osi&th=1&psc=1">View Product</a></div><div class="product"><a href="https://www.amazon.com/dp/B0C98SMC3J?tag=eloabder-20&linkCode=osi&th=1&psc=1"><img src="https://m.media-amazon.com/images/I/41FqmVxcrYL._SL500_.jpg" alt="Product Image"></a><p>Baby Sleep Soother Pillow Pets Dream Lites Dinosaur Projector Plush Toys for Boys Girls Baby Sound Machine Stuffed Animal Machine Pillow Ceiling Toys for Toddler</p><p> -17% 0FF </p><p>$19.99</p><a href="https://www.amazon.com/dp/B0C98SMC3J?tag=eloabder-20&linkCode=osi&th=1&psc=1">View Product</a></div>
<div class="product"><a href="https://www.amazon.com/dp/B01HP0JU2G?tag=eloabder-20&linkCode=osi&th=1&psc=1"><img src="https://m.media-amazon.com/images/I/51VRUtudnyL._SL500_.jpg" alt="Product Image"></a><p>Braun ThermoScan 5 Ear Thermometer</p><p> -11% 0FF </p><p>$31.00</p><a href="https://www.amazon.com/dp/B01HP0JU2G?tag=eloabder-20&linkCode=osi&th=1&psc=1">View Product</a></div><div class="product"><a href="https://www.amazon.com/dp/B07YYMBVVC?tag=eloabder-20&linkCode=osi&th=1&psc=1"><img src="https://m.media-amazon.com/images/I/41eqvQ9sQ-L._SL500_.jpg" alt="Product Image"></a><p>Alcedo Forehead and Ear Thermometer for Adults, Kids, and Baby | Digital Infrared Thermometer for Fever | Touchless, Instant Read, Medical Grade | Pouch and Batteries Included</p><p> -17% 0FF </p><p>$24.95</p><a href="https://www.amazon.com/dp/B07YYMBVVC?tag=eloabder-20&linkCode=osi&th=1&psc=1">View Product</a></div>
<div class="product"><a href="https://www.amazon.com/dp/B077QBJNVM?tag=eloabder-20&linkCode=osi&th=1&psc=1"><img src="https://m.media-amazon.com/images/I/41Rrkn2-CKL._SL500_.jpg" alt="Product Image"></a><p>Baby Nail Trimmer 21 in 1, with Labeled case, Includes 13 Extra Replacement Tools, Royal Angels Baby Electric Nail Kit, Baby Nail Care, Nail File Newborn Toddler Toes & Fingernails Clipper (Blue)</p><p> -49% 0FF </p><p>$15.19</p><a href="https://www.amazon.com/dp/B077QBJNVM?tag=eloabder-20&linkCode=osi&th=1&psc=1">View Product</a></div><div class="product"><a href="https://www.amazon.com/dp/B0CL4G33BX?tag=eloabder-20&linkCode=osi&th=1&psc=1"><img src="https://m.media-amazon.com/images/I/41ciCj+3ozL._SL500_.jpg" alt="Product Image"></a><p>Momcozy Baby Nail File Electric, Gentle Baby Nail Trimmer Electric Rechargeable, Baby Nail Clipper Electric, 7 Grinding Head Replacement Pads</p><p> -17% 0FF </p><p>$24.99</p><a href="https://www.amazon.com/dp/B0CL4G33BX?tag=eloabder-20&linkCode=osi&th=1&psc=1">View Product</a></div><div class="product"><a href="https://www.amazon.com/dp/B07B2C8DJD?tag=eloabder-20&linkCode=osi&th=1&psc=1"><img src="https://m.media-amazon.com/images/I/41fgXtsyDWL._SL500_.jpg" alt="Product Image"></a><p>Baby Nail Trimmer Electric Nail File Baby Nail Clippers, Safe Nail Filer Grinder Kit for Newborn Infant Toddler Kids or Adults Toes Fingernails Care Trim Polish, with Led Light and 10 Grinding Heads</p><p> -8% 0FF </p><p>$14.99</p><a href="https://www.amazon.com/dp/B07B2C8DJD?tag=eloabder-20&linkCode=osi&th=1&psc=1">View Product</a></div><div class="product"><a href="https://www.amazon.com/dp/B0D6R6ZPPF?tag=eloabder-20&linkCode=osi&th=1&psc=1"><img src="https://m.media-amazon.com/images/I/41f5Kh-OjGL._SL500_.jpg" alt="Product Image"></a><p>Electric Baby Nail Clippers - 3 in 1 Fingernail Trimmer, Polisher & Clip Storage with Led, USB Rechargeable & 2 Speeds for Baby, Kids, Adult, Seniors, Caregivers</p><p> -15% 0FF </p><p>$23.58</p><a href="https://www.amazon.com/dp/B0D6R6ZPPF?tag=eloabder-20&linkCode=osi&th=1&psc=1">View Product</a></div>
<div class="product"><a href="https://www.amazon.com/dp/B07WY1PGQC?tag=eloabder-20&linkCode=osi&th=1&psc=1"><img src="https://m.media-amazon.com/images/I/414iv2EhSgL._SL500_.jpg" alt="Product Image"></a><p>Dr. Brown's Natural Flow Anti-Colic Options+ Narrow Glass Baby Bottle 8 oz/250 mL, with Level 1 Slow Flow Nipple, 2 Pack, 0m+</p><p> -6% 0FF </p><p>$15.98</p><a href="https://www.amazon.com/dp/B07WY1PGQC?tag=eloabder-20&linkCode=osi&th=1&psc=1">View Product</a></div><div class="product"><a href="https://www.amazon.com/dp/B000WPVCQE?tag=eloabder-20&linkCode=osi&th=1&psc=1"><img src="https://m.media-amazon.com/images/I/41sXQF4JFtL._SL500_.jpg" alt="Product Image"></a><p>Medela Slow Flow Feeding & Storage Bottles, 3 Pack of 5 Ounce Bottle with Nipple, Lids, Wide Base Collars, and Travel Caps, Made Without BPA</p><p> -37% 0FF </p><p>$14.98</p><a href="https://www.amazon.com/dp/B000WPVCQE?tag=eloabder-20&linkCode=osi&th=1&psc=1">View Product</a></div><div class="product"><a href="https://www.amazon.com/dp/B08XNYS46K?tag=eloabder-20&linkCode=osi&th=1&psc=1"><img src="https://m.media-amazon.com/images/I/31bCTm8z+KL._SL500_.jpg" alt="Product Image"></a><p>Sassy 2pk Baby Food Nursers- 3 Nipples, Multi</p><p> -15% 0FF </p><p>$11.04</p><a href="https://www.amazon.com/dp/B08XNYS46K?tag=eloabder-20&linkCode=osi&th=1&psc=1">View Product</a></div>
<div class="product"><a href="https://www.amazon.com/dp/B004RIBVTK?tag=eloabder-20&linkCode=osi&th=1&psc=1"><img src="https://m.media-amazon.com/images/I/41qLfV5gyYL._SL500_.jpg" alt="Product Image"></a><p>First Aid Only 12-110 Alcohol Wipes, Individually Wrapped, 100 Per Box</p><p> -9% 0FF </p><p>$5.29 ($0.05 / Count)</p><a href="https://www.amazon.com/dp/B004RIBVTK?tag=eloabder-20&linkCode=osi&th=1&psc=1">View Product</a></div><div class="product"><a href="https://www.amazon.com/dp/B09YN8K3TH?tag=eloabder-20&linkCode=osi&th=1&psc=1"><img src="https://m.media-amazon.com/images/I/51uaWltWJiL._SL500_.jpg" alt="Product Image"></a><p>Baby Healthcare and Grooming Kit, Portable Baby Safety Care Set, Baby Essentials kit for Newborn (Blue 26 in 1)</p><p> -6% 0FF </p><p>$16.99</p><a href="https://www.amazon.com/dp/B09YN8K3TH?tag=eloabder-20&linkCode=osi&th=1&psc=1">View Product</a></div><div class="product"><a href="https://www.amazon.com/dp/B09FFT9BL2?tag=eloabder-20&linkCode=osi&th=1&psc=1"><img src="https://m.media-amazon.com/images/I/51mTQI4FDBL._SL500_.jpg" alt="Product Image"></a><p>Smart Care Fisher-Price 6-Piece Baby Healthcare Kit, Newborn Essentials, Baby Gift Set, Includes Medicine Dispensers, Aspirator, Baby Nail Clippers, Baby Thermometer</p><p> -23% 0FF </p><p>$10.73</p><a href="https://www.amazon.com/dp/B09FFT9BL2?tag=eloabder-20&linkCode=osi&th=1&psc=1">View Product</a></div>

<div class="product"><a href="https://www.amazon.com/dp/B07GTMWP8R?tag=eloabder-20&linkCode=osi&th=1&psc=1"><img src="https://m.media-amazon.com/images/I/412oB-MFGOL._SL500_.jpg" alt="Product Image"></a><p>Matyz Versatile Baby Food Maker Set - Toddler Food Mills with Mash Bowl, Hand Masher, Citrus Juicer, Grater - Making Homemade Baby Food - Fruits and Vegetables Masher - No BPA (Yellow)</p><p> -36% 0FF </p><p>$15.99</p><a href="https://www.amazon.com/dp/B07GTMWP8R?tag=eloabder-20&linkCode=osi&th=1&psc=1">View Product</a></div><div class="product"><a href="https://www.amazon.com/dp/B00FWSQ55E?tag=eloabder-20&linkCode=osi&th=1&psc=1"><img src="https://m.media-amazon.com/images/I/316TAIMF4qL._SL500_.jpg" alt="Product Image"></a><p>NUK Fresh Foods Masher & Bowl, colour pistachio</p><p> -10% 0FF </p><p>$17.99</p><a href="https://www.amazon.com/dp/B00FWSQ55E?tag=eloabder-20&linkCode=osi&th=1&psc=1">View Product</a></div>
<div class="product"><a href="https://www.amazon.com/dp/B07MYW28QR?tag=eloabder-20&linkCode=osi&th=1&psc=1"><img src="https://m.media-amazon.com/images/I/315j5b08H9L._SL500_.jpg" alt="Product Image"></a><p>Baby Brezza New and Improved Formula Pro Advanced Formula Dispenser Machine - Automatically Mix a Warm Formula Bottle Instantly - Easily Make Bottle with Automatic Powder Blending, White</p><p> -20% 0FF </p><p>$184.99</p><a href="https://www.amazon.com/dp/B07MYW28QR?tag=eloabder-20&linkCode=osi&th=1&psc=1">View Product</a></div>
<div class="product"><a href="https://www.amazon.com/dp/B0B2KVK1QS?tag=eloabder-20&linkCode=osi&th=1&psc=1"><img src="https://m.media-amazon.com/images/I/31JCp0AmlBL._SL500_.jpg" alt="Product Image"></a><p>Dr. Brown's Baby Formula Mixing Pitcher with Adjustable Stopper, Locking Lid, & No Drip Spout, 32oz, BPA Free, Teal</p><p> -9% 0FF </p><p>$9.97</p><a href="https://www.amazon.com/dp/B0B2KVK1QS?tag=eloabder-20&linkCode=osi&th=1&psc=1">View Product</a></div><div class="product"><a href="https://www.amazon.com/dp/B0CM5J4JWT?tag=eloabder-20&linkCode=osi&th=1&psc=1"><img src="https://m.media-amazon.com/images/I/31VSt6TaXAL._SL500_.jpg" alt="Product Image"></a><p>Electric Baby Formula Mixing Pitcher, NehNeh Baby Bi-directional Alternating Stirring Mixer | No Air Bubble | No Clumps | No Drip Spout | Locking Lid | Fridge Storage 36oz, BPA Free -Green</p><p> -27% 0FF </p><p>$21.99</p><a href="https://www.amazon.com/dp/B0CM5J4JWT?tag=eloabder-20&linkCode=osi&th=1&psc=1">View Product</a></div><div class="product"><a href="https://www.amazon.com/dp/B0D1C9D91Q?tag=eloabder-20&linkCode=osi&th=1&psc=1"><img src="https://m.media-amazon.com/images/I/41MGIga8RYL._SL500_.jpg" alt="Product Image"></a><p>Electric Bottle Brush Cleaner Baby, Silicone Electric Baby Bottle Brush Set with Nipple Brush/Baby Formula Mixer USB Rechargeable & 2 Mode 360° Spinning Cleaner. Essential Feeding Supplies for Moms</p><p> -24% 0FF </p><p>$21.99</p><a href="https://www.amazon.com/dp/B0D1C9D91Q?tag=eloabder-20&linkCode=osi&th=1&psc=1">View Product</a></div>
<div class="product"><a href="https://www.amazon.com/dp/B0823FX2SL?tag=eloabder-20&linkCode=osi&th=1&psc=1"><img src="https://m.media-amazon.com/images/I/41i+ptDBdcL._SL500_.jpg" alt="Product Image"></a><p>Frida Baby Grooming Kit | Baby Essentials Gift Set Includes Finger Brush with Storage Stand, Hair Brush with Case, Styling Hair Comb, Easy Grip Nail Scissors with Nail File and Case</p><p> -39% 0FF </p><p>$15.26</p><a href="https://www.amazon.com/dp/B0823FX2SL?tag=eloabder-20&linkCode=osi&th=1&psc=1">View Product</a></div><div class="product"><a href="https://www.amazon.com/dp/B08PFCJWLF?tag=eloabder-20&linkCode=osi&th=1&psc=1"><img src="https://m.media-amazon.com/images/I/41ugdN8QcEL._SL500_.jpg" alt="Product Image"></a><p>OTTOLIVES Baby Healthcare and Grooming Kit, 24 in 1 Baby Electric Nail Trimmer Set Newborn Nursery Health Care Set for Newborn Infant Toddlers Baby Boys Girls Kids Haircut Tools (0-3 Years+) (Pink)</p><p> -17% 0FF </p><p>$24.99</p><a href="https://www.amazon.com/dp/B08PFCJWLF?tag=eloabder-20&linkCode=osi&th=1&psc=1">View Product</a></div>
<div class="product"><a href="https://www.amazon.com/dp/B074W7SKZ2?tag=eloabder-20&linkCode=osi&th=1&psc=1"><img src="https://m.media-amazon.com/images/I/31KOO0YFRdL._SL500_.jpg" alt="Product Image"></a><p>Mibote Baby Growth Height Chart Handing Ruler Wall Decor for Kids, Canvas Removable Height Growth Chart 79" x 7.9" (Black & White)</p><p> -18% 0FF </p><p>$7.99</p><a href="https://www.amazon.com/dp/B074W7SKZ2?tag=eloabder-20&linkCode=osi&th=1&psc=1">View Product</a></div><div class="product"><a href="https://www.amazon.com/dp/B073V6JFZ1?tag=eloabder-20&linkCode=osi&th=1&psc=1"><img src="https://m.media-amazon.com/images/I/31Fr48bMYdL._SL500_.jpg" alt="Product Image"></a><p>Kate and Laurel Growth Chart 6.5' Wood Wall Ruler, Rustic Brown</p><p> -12% 0FF </p><p>$52.99</p><a href="https://www.amazon.com/dp/B073V6JFZ1?tag=eloabder-20&linkCode=osi&th=1&psc=1">View Product</a></div><div class="product"><a href="https://www.amazon.com/dp/B08PTVQ1W5?tag=eloabder-20&linkCode=osi&th=1&psc=1"><img src="https://m.media-amazon.com/images/I/31m1GJZxGtS._SL500_.jpg" alt="Product Image"></a><p>PandaEar Baby Height Growth Chart Ruler| Kids Boys Girls | Removable Wall Decor Measurement 79" x 7.9" (White)</p><p> -16% 0FF </p><p>$7.59</p><a href="https://www.amazon.com/dp/B08PTVQ1W5?tag=eloabder-20&linkCode=osi&th=1&psc=1">View Product</a></div><div class="product"><a href="https://www.amazon.com/dp/B08TVT93RY?tag=eloabder-20&linkCode=osi&th=1&psc=1"><img src="https://m.media-amazon.com/images/I/41kME5mTgKL._SL500_.jpg" alt="Product Image"></a><p>SUJAYU Growth Chart for Kids, Canvas Height Chart Ruler Removable Wood Hanging Wall Ruler Measurement Chart for Home Decoration (White)</p><p> -13% 0FF </p><p>$6.99</p><a href="https://www.amazon.com/dp/B08TVT93RY?tag=eloabder-20&linkCode=osi&th=1&psc=1">View Product</a></div><div class="product"><a href="https://www.amazon.com/dp/B0D2N5HN9K?tag=eloabder-20&linkCode=osi&th=1&psc=1"><img src="https://m.media-amazon.com/images/I/41rYpem0a5L._SL500_.jpg" alt="Product Image"></a><p>Growth Chart for Wall Wooden Height Chart for Kids Unicorn Castle Height Measurement for Wall Kids Height Wall Chart Kids Room Nursery Wall Decor</p><p> -19% 0FF </p><p>$21.99</p><a href="https://www.amazon.com/dp/B0D2N5HN9K?tag=eloabder-20&linkCode=osi&th=1&psc=1">View Product</a></div>
<div class="product"><a href="https://www.amazon.com/dp/B01N1PTHED?tag=eloabder-20&linkCode=osi&th=1&psc=1"><img src="https://m.media-amazon.com/images/I/31l11tL5deL._SL500_.jpg" alt="Product Image"></a><p>Natemia Baby Hair Brush - Soft Bristle Hair Brush Baby, Baby Registry Gift, Soft Baby Brush, Toddler Hair Brush for Boys & Girls, Newborn Baby Essentials, Newborn Hair Brush, Baby Wooden Brush</p><p> -28% 0FF </p><p>$12.94</p><a href="https://www.amazon.com/dp/B01N1PTHED?tag=eloabder-20&linkCode=osi&th=1&psc=1">View Product</a></div><div class="product"><a href="https://www.amazon.com/dp/B07V6VN1V8?tag=eloabder-20&linkCode=osi&th=1&psc=1"><img src="https://m.media-amazon.com/images/I/415TTdnE6ZL._SL500_.jpg" alt="Product Image"></a><p>Baby Hair Brush - Baby Brush with Soft Goat Bristles, Cradle Cap Brush, Perfect Scalp Grooming Product for Infant, Toddler, Kids, Newborns, Baby Girls, Boys (Walnut, Oval)</p><p> -32% 0FF </p><p>$12.96</p><a href="https://www.amazon.com/dp/B07V6VN1V8?tag=eloabder-20&linkCode=osi&th=1&psc=1">View Product</a></div><div class="product"><a href="https://www.amazon.com/dp/B07XPS253G?tag=eloabder-20&linkCode=osi&th=1&psc=1"><img src="https://m.media-amazon.com/images/I/41Yb4VpbnkS._SL500_.jpg" alt="Product Image"></a><p>Molylove Baby Hair Brush, Wooden Goat Bristles Hair Brush for Newborns & Toddlers, Ideal for Cradle Cap, Perfect Baby Registry Gift, Hypoallergenic, 1 Count</p><p> -33% 0FF </p><p>$5.99</p><a href="https://www.amazon.com/dp/B07XPS253G?tag=eloabder-20&linkCode=osi&th=1&psc=1">View Product</a></div><div class="product"><a href="https://www.amazon.com/dp/B0D68KKVN2?tag=eloabder-20&linkCode=osi&th=1&psc=1"><img src="https://m.media-amazon.com/images/I/41M35gnwy-L._SL500_.jpg" alt="Product Image"></a><p>ROMY RO Soft Wooden Baby Hair Brush for Newborns & Toddlers in Chic Gift Box - Ultra Soft Natural Goat Hair - Perfect Registry Gift (Goat hair brush - Oval)</p><p> -48% 0FF </p><p>$12.94</p><a href="https://www.amazon.com/dp/B0D68KKVN2?tag=eloabder-20&linkCode=osi&th=1&psc=1">View Product</a></div>
<div class="product"><a href="https://www.amazon.com/dp/B08BPD2RHF?tag=eloabder-20&linkCode=osi&th=1&psc=1"><img src="https://m.media-amazon.com/images/I/41lSftNLw1L._SL500_.jpg" alt="Product Image"></a><p>Yoocaa Car Headrest Pillow, Road Pal Headrest, Adjustable Car Seat Head Neck Support, U Shaped Car Sleeping Pillow for Kids & Adults, Only Suitable for Car Seat Headrest with Poles, Black</p><p> -9% 0FF </p><p>$29.99</p><a href="https://www.amazon.com/dp/B08BPD2RHF?tag=eloabder-20&linkCode=osi&th=1&psc=1">View Product</a></div><div class="product"><a href="https://www.amazon.com/dp/B07LF8G768?tag=eloabder-20&linkCode=osi&th=1&psc=1"><img src="https://m.media-amazon.com/images/I/21e1Tt6BFrL._SL500_.jpg" alt="Product Image"></a><p>Car Head Support Toddle Car Neck Relief Baby Child Car Seat Adjustable Head and Neck Support Band - A Comfortable Sleep Solution (Gray)</p><p> -13% 0FF </p><p>$12.99</p><a href="https://www.amazon.com/dp/B07LF8G768?tag=eloabder-20&linkCode=osi&th=1&psc=1">View Product</a></div><div class="product"><a href="https://www.amazon.com/dp/B09ZL3P26Z?tag=eloabder-20&linkCode=osi&th=1&psc=1"><img src="https://m.media-amazon.com/images/I/31zv-UP+MDL._SL500_.jpg" alt="Product Image"></a><p>Pro Goleem Car Seat Head Support Infant, Soft Infant Car Seat Insert, 2 in 1 Carseat Head Support for Newborn, Perfect for Car Seat, Stroller, Swing, Bouncer, Gray and Black</p><p> -21% 0FF </p><p>$18.99</p><a href="https://www.amazon.com/dp/B09ZL3P26Z?tag=eloabder-20&linkCode=osi&th=1&psc=1">View Product</a></div>
<div class="product"><a href="https://www.amazon.com/dp/B0CLM3ZNJ6?tag=eloabder-20&linkCode=osi&th=1&psc=1"><img src="https://m.media-amazon.com/images/I/4131cOAl1wL._SL500_.jpg" alt="Product Image"></a><p>Toddler Bath Towel Baby Bath Towels Hooded Kids Towels for Boy Girl 0-5 Year, 2-Pack Thick Absorbent Toddler Towels Hooded Baby Towels with Hood, Large 50''x32'' Baby Hooded Towel for Kids Bath Towel</p><p> -20% 0FF </p><p>$23.99</p><a href="https://www.amazon.com/dp/B0CLM3ZNJ6?tag=eloabder-20&linkCode=osi&th=1&psc=1">View Product</a></div>
<div class="product"><a href="https://www.amazon.com/dp/B094YGQNSV?tag=eloabder-20&linkCode=osi&th=1&psc=1"><img src="https://m.media-amazon.com/images/I/31BKhmVToOL._SL500_.jpg" alt="Product Image"></a><p>Westinghouse Ultrasonic Cool Mist Humidifier, 4.5L Top Filling Quiet Air Humidifier with Low Water Alarm, Adjustable Mist Humidifier for Bedrooms</p><p> -60% 0FF </p><p>$25.00</p><a href="https://www.amazon.com/dp/B094YGQNSV?tag=eloabder-20&linkCode=osi&th=1&psc=1">View Product</a></div><div class="product"><a href="https://www.amazon.com/dp/B000056HL5?tag=eloabder-20&linkCode=osi&th=1&psc=1"><img src="https://m.media-amazon.com/images/I/41ad8kyAgJL._SL500_.jpg" alt="Product Image"></a><p>Vicks Ultrasonic Humidifier Cool Mist Humidifier to Help Relieve Cold and Flu Symptoms</p><p> -27% 0FF </p><p>$44.00</p><a href="https://www.amazon.com/dp/B000056HL5?tag=eloabder-20&linkCode=osi&th=1&psc=1">View Product</a></div><div class="product"><a href="https://www.amazon.com/dp/B000GWJD0A?tag=eloabder-20&linkCode=osi&th=1&psc=1"><img src="https://m.media-amazon.com/images/I/3124anf96JL._SL500_.jpg" alt="Product Image"></a><p>Crane Adorables Ultrasonic Humidifiers for Bedroom and Baby Nursery, 1 Gallon Cool Mist Air Humidifier for Large Room or Kid's Room, Humidifier Filters Optional, Penguin</p><p> -28% 0FF </p><p>$43.20</p><a href="https://www.amazon.com/dp/B000GWJD0A?tag=eloabder-20&linkCode=osi&th=1&psc=1">View Product</a></div><div class="product"><a href="https://www.amazon.com/dp/B06XP1GMDY?tag=eloabder-20&linkCode=osi&th=1&psc=1"><img src="https://m.media-amazon.com/images/I/31g-+ypTSrL._SL500_.jpg" alt="Product Image"></a><p>Babymoov Hygro Plus Cool Mist Humidifier 3-in-1 Humidity Control, Multicolored Night Light & Essential Oil Diffuser Easy Use and Care-Blue(NO Filter Needed)</p><p> -22% 0FF </p><p>$69.99</p><a href="https://www.amazon.com/dp/B06XP1GMDY?tag=eloabder-20&linkCode=osi&th=1&psc=1">View Product</a></div><div class="product"><a href="https://www.amazon.com/dp/B009COIFAC?tag=eloabder-20&linkCode=osi&th=1&psc=1"><img src="https://m.media-amazon.com/images/I/415IUpVHxDL._SL500_.jpg" alt="Product Image"></a><p>Guardian Technologies Pure Guardian H920BL Ultrasonic Cool Mist Humidifier, 10 Hrs. Run Time, 210 Sq. Ft. Coverage, Small Rooms, Quiet, Filter Free, Treated Tank Resists</p><p> -50% 0FF </p><p>$19.99</p><a href="https://www.amazon.com/dp/B009COIFAC?tag=eloabder-20&linkCode=osi&th=1&psc=1">View Product</a></div>
<div class="product"><a href="https://www.amazon.com/dp/B08847QPWV?tag=eloabder-20&linkCode=osi&th=1&psc=1"><img src="https://m.media-amazon.com/images/I/41I9zGsqR2L._SL500_.jpg" alt="Product Image"></a><p>Graco SnugFit 35 Infant Car Seat with Simply Safe Adjust Harness System | Baby Car Seat with Anti Rebound Bar, Gotham</p><p> -30% 0FF </p><p>$118.99</p><a href="https://www.amazon.com/dp/B08847QPWV?tag=eloabder-20&linkCode=osi&th=1&psc=1">View Product</a></div>
<div class="product"><a href="https://www.amazon.com/dp/B09DLGM21Q?tag=eloabder-20&linkCode=osi&th=1&psc=1"><img src="https://m.media-amazon.com/images/I/4161UIlOUcL._SL500_.jpg" alt="Product Image"></a><p>Fisher-Price Portable Baby Chair Sit-Me-Up Floor Seat with Developmental Toys & Machine Washable Seat Pad, Rainbow Sprinkles</p><p> -6% 0FF </p><p>$40.49</p><a href="https://www.amazon.com/dp/B09DLGM21Q?tag=eloabder-20&linkCode=osi&th=1&psc=1">View Product</a></div><div class="product"><a href="https://www.amazon.com/dp/B0C2V717QN?tag=eloabder-20&linkCode=osi&th=1&psc=1"><img src="https://m.media-amazon.com/images/I/413QFmg9NwL._SL500_.jpg" alt="Product Image"></a><p>EKEPE Inflatable Baby Seat for Babies 3 Months & Up, Baby Floor Seats for Sitting Up, Baby Seats for Infants, Blow Up Baby Chair with Built in Air Pump - Bear</p><p> -20% 0FF </p><p>$21.59</p><a href="https://www.amazon.com/dp/B0C2V717QN?tag=eloabder-20&linkCode=osi&th=1&psc=1">View Product</a></div>

<div class="product"><a href="https://www.amazon.com/dp/B01M6YVW7B?tag=eloabder-20&linkCode=osi&th=1&psc=1"><img src="https://m.media-amazon.com/images/I/41HXEU0eLLL._SL500_.jpg" alt="Product Image"></a><p>Angelcare Baby Bath Support (Gray) | Ideal for Babies Less Than 6 Months Old</p><p> -33% 0FF </p><p>$19.99</p><a href="https://www.amazon.com/dp/B01M6YVW7B?tag=eloabder-20&linkCode=osi&th=1&psc=1">View Product</a></div><div class="product"><a href="https://www.amazon.com/dp/B0D9JLFDWL?tag=eloabder-20&linkCode=osi&th=1&psc=1"><img src="https://m.media-amazon.com/images/I/41t4fYIsNiL._SL500_.jpg" alt="Product Image"></a><p>GloTika Foldable Baby Bathtub Support, Ergonomic Mesh Infant Bathtub, Portable Baby Bath Tub for Newborn Babies 0-6 Months, Grey</p><p> -31% 0FF </p><p>$19.99</p><a href="https://www.amazon.com/dp/B0D9JLFDWL?tag=eloabder-20&linkCode=osi&th=1&psc=1">View Product</a></div><div class="product"><a href="https://www.amazon.com/dp/B000XW65SG?tag=eloabder-20&linkCode=osi&th=1&psc=1"><img src="https://m.media-amazon.com/images/I/41Nyw2TWaWL._SL500_.jpg" alt="Product Image"></a><p>The First Years Newborn to Toddler Baby Bath Tub - Convertible 3-in-1 Baby Tub with Removable Sling - Ages 0 to 24 Months - Sure Comfort - Pink</p><p> -37% 0FF </p><p>$22.00</p><a href="https://www.amazon.com/dp/B000XW65SG?tag=eloabder-20&linkCode=osi&th=1&psc=1">View Product</a></div><div class="product"><a href="https://www.amazon.com/dp/B0CGD46P4F?tag=eloabder-20&linkCode=osi&th=1&psc=1"><img src="https://m.media-amazon.com/images/I/41lNJLni9PL._SL500_.jpg" alt="Product Image"></a><p>AVIDOR Baby Bathtub,Collapsible Bathtub for Newborn to Toddler,Durable Essential Infant Bath Tub,Portable Travel Baby Bathtub with Soft Cushion,No-Slip Hanging and Detachable Bathtub,Green</p><p> -18% 0FF </p><p>$32.99</p><a href="https://www.amazon.com/dp/B0CGD46P4F?tag=eloabder-20&linkCode=osi&th=1&psc=1">View Product</a></div>
<div class="product"><a href="https://www.amazon.com/dp/B0CKWN7R3N?tag=eloabder-20&linkCode=osi&th=1&psc=1"><img src="https://m.media-amazon.com/images/I/31Z12rMqZ6L._SL500_.jpg" alt="Product Image"></a><p>Itzy Ritzy Insulated Bottle Bag – Keeps Bottles Warm or Cool - Holds 3 Bottles & Features Interior Pocket for Ice Pack (Not Included), Milk & Honey</p><p> -29% 0FF </p><p>$24.99</p><a href="https://www.amazon.com/dp/B0CKWN7R3N?tag=eloabder-20&linkCode=osi&th=1&psc=1">View Product</a></div>
<div class="product"><a href="https://www.amazon.com/dp/B002GKC4AG?tag=eloabder-20&linkCode=osi&th=1&psc=1"><img src="https://m.media-amazon.com/images/I/4195Qc9-38L._SL500_.jpg" alt="Product Image"></a><p>My Brest Friend Professional Nursing Pillow | Ergonomic Breastfeeding Pillows | Ideal for Lactation Consultants, NICUs & More | Breastfeeding Essentials | Handy Side Pocket & Easily Wipes Clean, Blue</p><p> -6% 0FF </p><p>$51.50</p><a href="https://www.amazon.com/dp/B002GKC4AG?tag=eloabder-20&linkCode=osi&th=1&psc=1">View Product</a></div><div class="product"><a href="https://www.amazon.com/dp/B0BT6TTHK6?tag=eloabder-20&linkCode=osi&th=1&psc=1"><img src="https://m.media-amazon.com/images/I/51GP+4wNoZL._SL500_.jpg" alt="Product Image"></a><p>Boppy Nursing Pillow Best Latch, Mocha Half Domes, Created with Lactation Consultant, Firm Contoured and Plush Sides for Two Breastfeeding Options, Padded Belt, Plus Sized to Petite, Machine Washable</p><p> -20% 0FF </p><p>$40.00</p><a href="https://www.amazon.com/dp/B0BT6TTHK6?tag=eloabder-20&linkCode=osi&th=1&psc=1">View Product</a></div>
<div class="product"><a href="https://www.amazon.com/dp/B01GGLV4V0?tag=eloabder-20&linkCode=osi&th=1&psc=1"><img src="https://m.media-amazon.com/images/I/41KKABFTw+L._SL500_.jpg" alt="Product Image"></a><p>Zote Pink Soap Pack of 3 Total 7 oz</p><p> -10% 0FF </p><p>$6.30</p><a href="https://www.amazon.com/dp/B01GGLV4V0?tag=eloabder-20&linkCode=osi&th=1&psc=1">View Product</a></div><div class="product"><a href="https://www.amazon.com/dp/B08MPWSBRR?tag=eloabder-20&linkCode=osi&th=1&psc=1"><img src="https://m.media-amazon.com/images/I/31gvg0Il4bL._SL500_.jpg" alt="Product Image"></a><p>Grangers Down Wash/Detergent for Down Insulated Clothing, Sleeping Bags and Bedding (12 Washes), 10 oz</p><p> -6% 0FF </p><p>$13.45 ($1.34 / Fl Oz)</p><a href="https://www.amazon.com/dp/B08MPWSBRR?tag=eloabder-20&linkCode=osi&th=1&psc=1">View Product</a></div><div class="product"><a href="https://www.amazon.com/dp/B08Y9691J6?tag=eloabder-20&linkCode=osi&th=1&psc=1"><img src="https://m.media-amazon.com/images/I/31wqAyGiS-L._SL500_.jpg" alt="Product Image"></a><p>WHOLENATURALS Pure Castile Soap Liquid, EWG Verified & Certified Palm Oil Free Unscented, Natural, Mild & Gentle Non-gmo & Vegan - Organic Body Wash, Laundry, and Baby Soap - 64 Fl Oz</p><p> -17% 0FF </p><p>$28.89 ($0.45 / Fl Oz)</p><a href="https://www.amazon.com/dp/B08Y9691J6?tag=eloabder-20&linkCode=osi&th=1&psc=1">View Product</a></div>
<div class="product"><a href="https://www.amazon.com/dp/B01JK164JU?tag=eloabder-20&linkCode=osi&th=1&psc=1"><img src="https://m.media-amazon.com/images/I/31tGM0o-n7L._SL500_.jpg" alt="Product Image"></a><p>The Honest Company Hydrating Face + Body Lotion | Fast Absorbing, Naturally Derived, Hypoallergenic | Lavender Calm, 8.5 fl oz</p><p> -8% 0FF </p><p>$10.99 ($1.29 / Fl Oz)</p><a href="https://www.amazon.com/dp/B01JK164JU?tag=eloabder-20&linkCode=osi&th=1&psc=1">View Product</a></div><div class="product"><a href="https://www.amazon.com/dp/B0018CK3VK?tag=eloabder-20&linkCode=osi&th=1&psc=1"><img src="https://m.media-amazon.com/images/I/41+wBu0geAL._SL500_.jpg" alt="Product Image"></a><p>Avalon Organics Hand & Body Lotion, Aloe Unscented, 32 Oz</p><p> -12% 0FF </p><p>$17.19 ($0.54 / Ounce)</p><a href="https://www.amazon.com/dp/B0018CK3VK?tag=eloabder-20&linkCode=osi&th=1&psc=1">View Product</a></div><div class="product"><a href="https://www.amazon.com/dp/B0013DIZL4?tag=eloabder-20&linkCode=osi&th=1&psc=1"><img src="https://m.media-amazon.com/images/I/31bPmcqX7+L._SL500_.jpg" alt="Product Image"></a><p>Lubriderm Intense Dry Skin Repair Lotion + Pro-Ceramide with Vitamin E & Minerals Helps to Repair Rough, Dry Skin, Fast Absorbing Lotion is Fragrance-Free and Non-Greasy, 16 fl. oz</p><p> -24% 0FF </p><p>$9.34 ($0.58 / Fl Oz)</p><a href="https://www.amazon.com/dp/B0013DIZL4?tag=eloabder-20&linkCode=osi&th=1&psc=1">View Product</a></div>
<div class="product"><a href="https://www.amazon.com/dp/B0BPHJN972?tag=eloabder-20&linkCode=osi&th=1&psc=1"><img src="https://m.media-amazon.com/images/I/41np1V18sQL._SL500_.jpg" alt="Product Image"></a><p>Pro Goleem Loveys for Babies - Soft Security Blanket Baby Snuggle Toy Newborn Stuffed Animals Baby Gifts for Boys and Girls, Lion 16 Inch</p><p> -37% 0FF </p><p>$9.48</p><a href="https://www.amazon.com/dp/B0BPHJN972?tag=eloabder-20&linkCode=osi&th=1&psc=1">View Product</a></div><div class="product"><a href="https://www.amazon.com/dp/B01MRVHKP1?tag=eloabder-20&linkCode=osi&th=1&psc=1"><img src="https://m.media-amazon.com/images/I/5183CyG7XSL._SL500_.jpg" alt="Product Image"></a><p>Mary Meyer Putty Nursery Character Blanket, Hound Dog, 1 Pack</p><p> -9% 0FF </p><p>$19.96</p><a href="https://www.amazon.com/dp/B01MRVHKP1?tag=eloabder-20&linkCode=osi&th=1&psc=1">View Product</a></div><div class="product"><a href="https://www.amazon.com/dp/B00PKP4JUM?tag=eloabder-20&linkCode=osi&th=1&psc=1"><img src="https://m.media-amazon.com/images/I/41OzmBpx8bL._SL500_.jpg" alt="Product Image"></a><p>Mary Meyer Lovey Soft Toy, 13-Inches, Oatmeal Bunny</p><p> -14% 0FF </p><p>$17.96</p><a href="https://www.amazon.com/dp/B00PKP4JUM?tag=eloabder-20&linkCode=osi&th=1&psc=1">View Product</a></div><div class="product"><a href="https://www.amazon.com/dp/B08PP8S8KZ?tag=eloabder-20&linkCode=osi&th=1&psc=1"><img src="https://m.media-amazon.com/images/I/41kmsE51naL._SL500_.jpg" alt="Product Image"></a><p>Pro Goleem Dog Security Blanket Brown Soft Puppy Lovey for Boys and Girls Unisex Lovie Baby Gifts for Toddler and Infant Snuggle Toy Stuffed Animal 16 Inch</p><p> -25% 0FF </p><p>$14.99</p><a href="https://www.amazon.com/dp/B08PP8S8KZ?tag=eloabder-20&linkCode=osi&th=1&psc=1">View Product</a></div><div class="product"><a href="https://www.amazon.com/dp/B08SZD1XXG?tag=eloabder-20&linkCode=osi&th=1&psc=1"><img src="https://m.media-amazon.com/images/I/41M7mPD9ieL._SL500_.jpg" alt="Product Image"></a><p>Itzy Ritzy - Itzy Lovey Including Teether - Baby Lovey with Teether, Textured Ribbons & Dangle Arms - Features Crinkle Sound, Sherpa Fabric and Minky Plush (Sloth)</p><p> -31% 0FF </p><p>$8.90</p><a href="https://www.amazon.com/dp/B08SZD1XXG?tag=eloabder-20&linkCode=osi&th=1&psc=1">View Product</a></div>
<div class="product"><a href="https://www.amazon.com/dp/B0B5Z89FZW?tag=eloabder-20&linkCode=osi&th=1&psc=1"><img src="https://m.media-amazon.com/images/I/31HOhMzLqbL._SL500_.jpg" alt="Product Image"></a><p>Yoofoss Waterproof Crib Mattress Protector 2 Pack, Quilted Crib Mattress Pad Cover Ultra Soft and Breathable, Machine Washable Toddler Mattress Protector for Standard Baby Crib Size 52''x28''</p><p> -17% 0FF </p><p>$19.99</p><a href="https://www.amazon.com/dp/B0B5Z89FZW?tag=eloabder-20&linkCode=osi&th=1&psc=1">View Product</a></div><div class="product"><a href="https://www.amazon.com/dp/B0CFG4G839?tag=eloabder-20&linkCode=osi&th=1&psc=1"><img src="https://m.media-amazon.com/images/I/41tYoYajqyL._SL500_.jpg" alt="Product Image"></a><p>SafeRest Sleepure 100% Waterproof Crib Size Mattress Protector - Viscose Derived from Bamboo - Fitted with Stretchable Pockets - Machine Washable Cotton Mattress Cover for Bed</p><p> -40% 0FF </p><p>$20.99</p><a href="https://www.amazon.com/dp/B0CFG4G839?tag=eloabder-20&linkCode=osi&th=1&psc=1">View Product</a></div><div class="product"><a href="https://www.amazon.com/dp/B09B1NNPP9?tag=eloabder-20&linkCode=osi&th=1&psc=1"><img src="https://m.media-amazon.com/images/I/31P+e7ESa8L._SL500_.jpg" alt="Product Image"></a><p>Bassinet Mattress Pad Cover 2 Pack Quilted Bassinet Mattress Protector Waterproof Bassinet Sheets (32"x17") for Boys & Girls, Fit for Hourglass/Oval Bassinet Mattress, White</p><p> -15% 0FF </p><p>$14.23</p><a href="https://www.amazon.com/dp/B09B1NNPP9?tag=eloabder-20&linkCode=osi&th=1&psc=1">View Product</a></div>
<div class="product"><a href="https://www.amazon.com/dp/B07WW1CT4W?tag=eloabder-20&linkCode=osi&th=1&psc=1"><img src="https://m.media-amazon.com/images/I/51jnxJGkipL._SL500_.jpg" alt="Product Image"></a><p>Luka&Lily Month Milestone Blanket- 60"x40" for Baby Boys - First Year Calendar Monthly Growth Chart, Moon - Shower Gifts</p><p> -14% 0FF </p><p>$29.99</p><a href="https://www.amazon.com/dp/B07WW1CT4W?tag=eloabder-20&linkCode=osi&th=1&psc=1">View Product</a></div><div class="product"><a href="https://www.amazon.com/dp/B07BNBTGHD?tag=eloabder-20&linkCode=osi&th=1&psc=1"><img src="https://m.media-amazon.com/images/I/4143Q79bsYL._SL500_.jpg" alt="Product Image"></a><p>Organic Baby Monthly Milestone Blanket Boy or Girl - Months Blanket with Wood Frame and Newborn Announcement Disc - Growth Chart Milestone Blanket Neutral, 1-12 Month Milestones, 47”x47”</p><p> -21% 0FF </p><p>$25.99</p><a href="https://www.amazon.com/dp/B07BNBTGHD?tag=eloabder-20&linkCode=osi&th=1&psc=1">View Product</a></div><div class="product"><a href="https://www.amazon.com/dp/B07SW75W4Q?tag=eloabder-20&linkCode=osi&th=1&psc=1"><img src="https://m.media-amazon.com/images/I/41JMlZBEbQL._SL500_.jpg" alt="Product Image"></a><p>Kate & Milo Baby Monthly Milestone Blanket, Infant Milestone Markers, Newborn Photoshoot Photo Props, Baby Girl or Baby Boy Gift, Large Blanket</p><p> -19% 0FF </p><p>$12.21</p><a href="https://www.amazon.com/dp/B07SW75W4Q?tag=eloabder-20&linkCode=osi&th=1&psc=1">View Product</a></div><div class="product"><a href="https://www.amazon.com/dp/B0986S52N1?tag=eloabder-20&linkCode=osi&th=1&psc=1"><img src="https://m.media-amazon.com/images/I/51v8Yn1ycsL._SL500_.jpg" alt="Product Image"></a><p>Popfavors, Yuzioey Safari Baby Monthly Milestone Blanket, Jungle Animals Baby Month Blanket , Baby Boy Blanket Growth Chart Nursery Decor, Includes Marker, White, 50Inx40In</p><p> -5% 0FF </p><p>$18.99</p><a href="https://www.amazon.com/dp/B0986S52N1?tag=eloabder-20&linkCode=osi&th=1&psc=1">View Product</a></div><div class="product"><a href="https://www.amazon.com/dp/B0CX9W8SND?tag=eloabder-20&linkCode=osi&th=1&psc=1"><img src="https://m.media-amazon.com/images/I/41r8vCzGa2L._SL500_.jpg" alt="Product Image"></a><p>Pearhead Hello World Milestone Blanket and Prop, Baby Monthly Milestone Updates, Growth Blanket with Photo Posing Props, Ideal Mother's Day Gift, Perfect Newborn Gift and Nursery Decor</p><p> -6% 0FF </p><p>$18.79</p><a href="https://www.amazon.com/dp/B0CX9W8SND?tag=eloabder-20&linkCode=osi&th=1&psc=1">View Product</a></div><div class="product"><a href="https://www.amazon.com/dp/B07JKN43H6?tag=eloabder-20&linkCode=osi&th=1&psc=1"><img src="https://m.media-amazon.com/images/I/511MIyg00lL._SL500_.jpg" alt="Product Image"></a><p>Bliss n' Baby Monthly Milestone Blanket for Baby Girl - 60"x40" - Wrinkle Free Baby Age Month Blanket with Growth Chart - Washable & Dryable - w/Wreath & Headband - Floral Theme</p><p> -14% 0FF </p><p>$23.99</p><a href="https://www.amazon.com/dp/B07JKN43H6?tag=eloabder-20&linkCode=osi&th=1&psc=1">View Product</a></div>
<div class="product"><a href="https://www.amazon.com/dp/B001E1JKFU?tag=eloabder-20&linkCode=osi&th=1&psc=1"><img src="https://m.media-amazon.com/images/I/41JBWVeh+QL._SL500_.jpg" alt="Product Image"></a><p>Stansport Mosquito Netting Small (705)</p><p> -39% 0FF </p><p>$16.33</p><a href="https://www.amazon.com/dp/B001E1JKFU?tag=eloabder-20&linkCode=osi&th=1&psc=1">View Product</a></div><div class="product"><a href="https://www.amazon.com/dp/B0BV2RNTR7?tag=eloabder-20&linkCode=osi&th=1&psc=1"><img src="https://m.media-amazon.com/images/I/51-iyQhcHsL._SL500_.jpg" alt="Product Image"></a><p>Mosquito Net for Bed,Large Mosquito Netting Tent Canopy for Beds,Folding Portable Design Travel POP UP Mosquito Netting for Bed,L80*W72*H60inch Queen King Size Mosquito Net</p><p> -14% 0FF </p><p>$31.99</p><a href="https://www.amazon.com/dp/B0BV2RNTR7?tag=eloabder-20&linkCode=osi&th=1&psc=1">View Product</a></div><div class="product"><a href="https://www.amazon.com/dp/B0D8HLQJ5G?tag=eloabder-20&linkCode=osi&th=1&psc=1"><img src="https://m.media-amazon.com/images/I/31hFeMp1LQL._SL500_.jpg" alt="Product Image"></a><p>77 * 30 * 23 Inch Large Pop Up Mosquito Tent, Portable Foldable Mosquito Net for Bed Camping Travel Patio</p><p> -6% 0FF </p><p>$29.99</p><a href="https://www.amazon.com/dp/B0D8HLQJ5G?tag=eloabder-20&linkCode=osi&th=1&psc=1">View Product</a></div><div class="product"><a href="https://www.amazon.com/dp/B0C2YQKF71?tag=eloabder-20&linkCode=osi&th=1&psc=1"><img src="https://m.media-amazon.com/images/I/41yDl7W2ZNL._SL500_.jpg" alt="Product Image"></a><p>Portable Mosquito Net Tent, Folding Mosquito Head Net, Pop Up Mosquito Tent Netting for Bedding Camping Traveling Patio (1 Pack, Large)</p><p> -20% 0FF </p><p>$15.99</p><a href="https://www.amazon.com/dp/B0C2YQKF71?tag=eloabder-20&linkCode=osi&th=1&psc=1">View Product</a></div>
<div class="product"><a href="https://www.amazon.com/dp/B0CL9SJ88Z?tag=eloabder-20&linkCode=osi&th=1&psc=1"><img src="https://m.media-amazon.com/images/I/41iQwRq8cBL._SL500_.jpg" alt="Product Image"></a><p>Muslin Swaddle Blankets for Newborn, 3 Pack Breathable Soft Receiving Blanket, Large 38 x 40 inches Swaddle Wrap Burping Clothes, Essentials Infant Shower Items, Toddler Gift (Bright Colors)</p><p> -5% 0FF </p><p>$18.99</p><a href="https://www.amazon.com/dp/B0CL9SJ88Z?tag=eloabder-20&linkCode=osi&th=1&psc=1">View Product</a></div><div class="product"><a href="https://www.amazon.com/dp/B0C6GP7NXF?tag=eloabder-20&linkCode=osi&th=1&psc=1"><img src="https://m.media-amazon.com/images/I/51vjlWRLQjL._SL500_.jpg" alt="Product Image"></a><p>Konssy 2 Pack Muslin Swaddle Blankets for Baby Boys Girls, Receiving Blanket Large 47 x 47 inches, Soft Breathable Muslin Baby Blanket for Unisex Newborn(Pink, Floral)</p><p> -19% 0FF </p><p>$21.99 ($11.00 / Count)</p><a href="https://www.amazon.com/dp/B0C6GP7NXF?tag=eloabder-20&linkCode=osi&th=1&psc=1">View Product</a></div>
<div class="product"><a href="https://www.amazon.com/dp/B0B8TCTXBV?tag=eloabder-20&linkCode=osi&th=1&psc=1"><img src="https://m.media-amazon.com/images/I/41j61T25VcL._SL500_.jpg" alt="Product Image"></a><p>aden + anais Essentials Swaddle Blanket, Boutique Muslin Blankets for Girls & Boys, Baby Receiving Swaddles, Ideal Newborn & Infant Swaddling Set, Perfect Shower Gifts, 4 Pack, Alphabet Animals</p><p> -29% 0FF </p><p>$28.49</p><a href="https://www.amazon.com/dp/B0B8TCTXBV?tag=eloabder-20&linkCode=osi&th=1&psc=1">View Product</a></div>
<div class="product"><a href="https://www.amazon.com/dp/B0D475YDF5?tag=eloabder-20&linkCode=osi&th=1&psc=1"><img src="https://m.media-amazon.com/images/I/31TAYPOHywL._SL500_.jpg" alt="Product Image"></a><p>Electric Nail Clipper with Nail File, 2 in 1 Rechargeable & Gentle Nail Trimmer with LED Light for Baby and Seniors</p><p> -37% 0FF </p><p>$12.00 ($1.13 / Ounce)</p><a href="https://www.amazon.com/dp/B0D475YDF5?tag=eloabder-20&linkCode=osi&th=1&psc=1">View Product</a></div><div class="product"><a href="https://www.amazon.com/dp/B0D6BCSLNQ?tag=eloabder-20&linkCode=osi&th=1&psc=1"><img src="https://m.media-amazon.com/images/I/413w5b8GCzL._SL500_.jpg" alt="Product Image"></a><p>Automatic Nail Clipper, 2 in-1 Electric Nail Clipper and Nail Polisher, Electric Baby Nail Clippers with Light,USB Rechargeable Suitable for Babies,Women Manicure,Kids, Adults and Seniors（Orange）</p><p> -23% 0FF </p><p>$16.99</p><a href="https://www.amazon.com/dp/B0D6BCSLNQ?tag=eloabder-20&linkCode=osi&th=1&psc=1">View Product</a></div>

<div class="product"><a href="https://www.amazon.com/dp/B0037SEU7Q?tag=eloabder-20&linkCode=osi&th=1&psc=1"><img src="https://m.media-amazon.com/images/I/41yN94m-XlL._SL500_.jpg" alt="Product Image"></a><p>Bepanthen Nappy Care Ointment 5 Percent, 30 g</p><p> -13% 0FF </p><p>$6.79 ($6.47 / Ounce)</p><a href="https://www.amazon.com/dp/B0037SEU7Q?tag=eloabder-20&linkCode=osi&th=1&psc=1">View Product</a></div><div class="product"><a href="https://www.amazon.com/dp/B0BTTT6VW2?tag=eloabder-20&linkCode=osi&th=1&psc=1"><img src="https://m.media-amazon.com/images/I/41cBqj0Z9tL._SL500_.jpg" alt="Product Image"></a><p>Weleda Baby Calendula Diaper Cream, 2.8 Fluid Ounce (Pack of 3), Plant Rich Protection with Calendula, Chamomile, Sweet Almond Oil, Lanolin and Zinc Oxide</p><p> -13% 0FF </p><p>$32.29 ($3.84 / Fl Oz)</p><a href="https://www.amazon.com/dp/B0BTTT6VW2?tag=eloabder-20&linkCode=osi&th=1&psc=1">View Product</a></div><div class="product"><a href="https://www.amazon.com/dp/B074YXP676?tag=eloabder-20&linkCode=osi&th=1&psc=1"><img src="https://m.media-amazon.com/images/I/41y8VvUNCLL._SL500_.jpg" alt="Product Image"></a><p>Nappy Styles Napping Creme Paste</p><p> -12% 0FF </p><p>$14.36 ($1.80 / Ounce)</p><a href="https://www.amazon.com/dp/B074YXP676?tag=eloabder-20&linkCode=osi&th=1&psc=1">View Product</a></div>
<div class="product"><a href="https://www.amazon.com/dp/B00821FLSU?tag=eloabder-20&linkCode=osi&th=1&psc=1"><img src="https://m.media-amazon.com/images/I/31MQYDa7dYL._SL500_.jpg" alt="Product Image"></a><p>Ubbi Steel Diaper Pail, Odor Locking, No Special Bag Required, Award-Winning, Registry Must-Have, Gray</p><p> -12% 0FF </p><p>$69.99</p><a href="https://www.amazon.com/dp/B00821FLSU?tag=eloabder-20&linkCode=osi&th=1&psc=1">View Product</a></div><div class="product"><a href="https://www.amazon.com/dp/B0CNS2FRMZ?tag=eloabder-20&linkCode=osi&th=1&psc=1"><img src="https://m.media-amazon.com/images/I/31O+tXnLaXL._SL500_.jpg" alt="Product Image"></a><p>Diaper Genie Select Pail is Made of Durable Stainless Steel and Includes 1 Starter Square Refill That can Hold up to 165 Newborn-Sized Diapers.</p><p> -20% 0FF </p><p>$35.99</p><a href="https://www.amazon.com/dp/B0CNS2FRMZ?tag=eloabder-20&linkCode=osi&th=1&psc=1">View Product</a></div><div class="product"><a href="https://www.amazon.com/dp/B08XNVW9TW?tag=eloabder-20&linkCode=osi&th=1&psc=1"><img src="https://m.media-amazon.com/images/I/41U7mL6nXRL._SL500_.jpg" alt="Product Image"></a><p>Sassy 250 Count Disposable Diaper Sacks, Lavender Scented, Easy-To-Tie, Diaper Disposal or Pet Waste Bags</p><p> -11% 0FF </p><p>$9.80</p><a href="https://www.amazon.com/dp/B08XNVW9TW?tag=eloabder-20&linkCode=osi&th=1&psc=1">View Product</a></div>


<div class="product"><a href="https://www.amazon.com/dp/B0CTKK5YY5?tag=eloabder-20&linkCode=osi&th=1&psc=1"><img src="https://m.media-amazon.com/images/I/31OhvT5rWmL._SL500_.jpg" alt="Product Image"></a><p>Koalababy Large Flow Electric Nasal Aspirator, Newest Baby Nose Sucker, Nose Cleaner for Toddlers with 3 Suction Levels, Soothing Music and Light, Space Gray</p><p> -33% 0FF </p><p>$29.99</p><a href="https://www.amazon.com/dp/B0CTKK5YY5?tag=eloabder-20&linkCode=osi&th=1&psc=1">View Product</a></div>
<div class="product"><a href="https://www.amazon.com/dp/B07GG1R9WC?tag=eloabder-20&linkCode=osi&th=1&psc=1"><img src="https://m.media-amazon.com/images/I/31T-p4V5gsL._SL500_.jpg" alt="Product Image"></a><p>Gerber Unisex Baby Multi-Pack Long-Sleeve Onesies Bodysuit Mitten Cuff Sizes 6-Pack Mitten Cuff Newborn</p><p> -12% 0FF </p><p>$15.81</p><a href="https://www.amazon.com/dp/B07GG1R9WC?tag=eloabder-20&linkCode=osi&th=1&psc=1">View Product</a></div><div class="product"><a href="https://www.amazon.com/dp/B0BVMXF1DJ?tag=eloabder-20&linkCode=osi&th=1&psc=1"><img src="https://m.media-amazon.com/images/I/31aJYRwZ+-L._SL500_.jpg" alt="Product Image"></a><p>HonestBaby Baby Boys 3-pack Organic Cotton Long Sleeve Side-snap Kimono Bodysuits And Toddler T-Shirt Set, Honestly Pure White, Newborn US</p><p> -63% 0FF </p><p>$11.19</p><a href="https://www.amazon.com/dp/B0BVMXF1DJ?tag=eloabder-20&linkCode=osi&th=1&psc=1">View Product</a></div>
<div class="product"><a href="https://www.amazon.com/dp/B01N47M3V0?tag=eloabder-20&linkCode=osi&th=1&psc=1"><img src="https://m.media-amazon.com/images/I/31WVThyEEcL._SL500_.jpg" alt="Product Image"></a><p>Uigos LED Night Light Lamp with Smart Sensor Dusk to Dawn Sensor, Daylight White, 0.5W Plug-in, 6-Pack</p><p> -23% 0FF </p><p>$9.99</p><a href="https://www.amazon.com/dp/B01N47M3V0?tag=eloabder-20&linkCode=osi&th=1&psc=1">View Product</a></div><div class="product"><a href="https://www.amazon.com/dp/B09B1B6J9S?tag=eloabder-20&linkCode=osi&th=1&psc=1"><img src="https://m.media-amazon.com/images/I/11rEGPdWq7L._SL500_.jpg" alt="Product Image"></a><p>Anico EASZZZ Baby Night Light, Nursery Night Lamp for Breastfeeding, Soft BPA Free Silicone Touch Night Lamp, Eye Caring, Easy Flip Design, Stepless Dimming, 1-Pack</p><p> -25% 0FF </p><p>$29.99</p><a href="https://www.amazon.com/dp/B09B1B6J9S?tag=eloabder-20&linkCode=osi&th=1&psc=1">View Product</a></div><div class="product"><a href="https://www.amazon.com/dp/B097YP171M?tag=eloabder-20&linkCode=osi&th=1&psc=1"><img src="https://m.media-amazon.com/images/I/21jYMKqhB3L._SL500_.jpg" alt="Product Image"></a><p>JolyWell Night Light for Kids, Egg Light for Nursery with 7 RGB Colors Changeable & Stepless Dimming, Rechargeable Tap Light with 1h Timer & Touch Control, Portable Night Light for Babies BPA Free</p><p> -14% 0FF </p><p>$25.99</p><a href="https://www.amazon.com/dp/B097YP171M?tag=eloabder-20&linkCode=osi&th=1&psc=1">View Product</a></div><div class="product"><a href="https://www.amazon.com/dp/B077X48B8Q?tag=eloabder-20&linkCode=osi&th=1&psc=1"><img src="https://m.media-amazon.com/images/I/31TiV9umK-L._SL500_.jpg" alt="Product Image"></a><p>REMINDA 4 Pack Night Light Lamp with Dusk to Dawn Sensor, Plug in, Blue Led Night Light</p><p> -19% 0FF </p><p>$12.99</p><a href="https://www.amazon.com/dp/B077X48B8Q?tag=eloabder-20&linkCode=osi&th=1&psc=1">View Product</a></div>
<div class="product"><a href="https://www.amazon.com/dp/B005MI648C?tag=eloabder-20&linkCode=osi&th=1&psc=1"><img src="https://m.media-amazon.com/images/I/41IsNMYojbL._SL500_.jpg" alt="Product Image"></a><p>Lansinoh Lanolin Nipple Cream Safe for Breastfeeding Baby, 100% Natural Nipple Butter for Mom, Breastfeeding Essentials, 1.41 Ounces</p><p> -17% 0FF </p><p>$8.99 ($6.38 / Ounce)</p><a href="https://www.amazon.com/dp/B005MI648C?tag=eloabder-20&linkCode=osi&th=1&psc=1">View Product</a></div><div class="product"><a href="https://www.amazon.com/dp/B000JVCBBG?tag=eloabder-20&linkCode=osi&th=1&psc=1"><img src="https://m.media-amazon.com/images/I/41TljzHSgHL._SL500_.jpg" alt="Product Image"></a><p>Earth Mama Organic Nipple Butter™ | Nipple Cream Safe for Breastfeeding | Postpartum Essentials for Nursing | Non Lanolin Nipple Cream, 2-Fluid Ounce</p><p> -7% 0FF </p><p>$13.99 ($7.00 / Fl Oz)</p><a href="https://www.amazon.com/dp/B000JVCBBG?tag=eloabder-20&linkCode=osi&th=1&psc=1">View Product</a></div><div class="product"><a href="https://www.amazon.com/dp/B08L68WR4B?tag=eloabder-20&linkCode=osi&th=1&psc=1"><img src="https://m.media-amazon.com/images/I/41qRTIl9vqL._SL500_.jpg" alt="Product Image"></a><p>Medela Purelan Lanolin Nipple Cream for Breastfeeding, 100% All Natural Single Ingredient, Hypoallergenic, Soothing Protection, Safe for Nursing Mom and Baby, 1.3 Ounce Tube</p><p> -29% 0FF </p><p>$7.37</p><a href="https://www.amazon.com/dp/B08L68WR4B?tag=eloabder-20&linkCode=osi&th=1&psc=1">View Product</a></div><div class="product"><a href="https://www.amazon.com/dp/B07X53WM1H?tag=eloabder-20&linkCode=osi&th=1&psc=1"><img src="https://m.media-amazon.com/images/I/41sh4NHSA1L._SL500_.jpg" alt="Product Image"></a><p>Lansinoh Organic Nipple Butter, Nipple Cream Safe for Breastfeeding Baby, Postpartum Essentials for Mom, 2 Ounces</p><p> -37% 0FF </p><p>$9.37</p><a href="https://www.amazon.com/dp/B07X53WM1H?tag=eloabder-20&linkCode=osi&th=1&psc=1">View Product</a></div><div class="product"><a href="https://www.amazon.com/dp/B08PXP59L6?tag=eloabder-20&linkCode=osi&th=1&psc=1"><img src="https://m.media-amazon.com/images/I/31ABi-XhpOL._SL500_.jpg" alt="Product Image"></a><p>The Honest Company Honest Mama Calm Your Nip Balm | USDA Certified Organic Nipple Cream | 1.75 fl oz</p><p> -10% 0FF </p><p>$13.49 ($7.71 / Fl Oz)</p><a href="https://www.amazon.com/dp/B08PXP59L6?tag=eloabder-20&linkCode=osi&th=1&psc=1">View Product</a></div><div class="product"><a href="https://www.amazon.com/dp/B001EPQ1US?tag=eloabder-20&linkCode=osi&th=1&psc=1"><img src="https://m.media-amazon.com/images/I/412ol1D5gFL._SL500_.jpg" alt="Product Image"></a><p>Lansinoh Breast Cream, 1.41 Ounce Tube (Pack of 3)</p><p> -20% 0FF </p><p>$23.99 ($5.67 / Ounce)</p><a href="https://www.amazon.com/dp/B001EPQ1US?tag=eloabder-20&linkCode=osi&th=1&psc=1">View Product</a></div>
<div class="product"><a href="https://www.amazon.com/dp/B0116SFIXS?tag=eloabder-20&linkCode=osi&th=1&psc=1"><img src="https://m.media-amazon.com/images/I/41IXnMjSMRL._SL500_.jpg" alt="Product Image"></a><p>Lansinoh Contact Nipple Shields for Breastfeeding, 2 Nipple Shields (24mm) and Case</p><p> -9% 0FF </p><p>$8.22</p><a href="https://www.amazon.com/dp/B0116SFIXS?tag=eloabder-20&linkCode=osi&th=1&psc=1">View Product</a></div><div class="product"><a href="https://www.amazon.com/dp/B000067PQ0?tag=eloabder-20&linkCode=osi&th=1&psc=1"><img src="https://m.media-amazon.com/images/I/31Bc7JjDLBL._SL500_.jpg" alt="Product Image"></a><p>Medela Contact Nipple Shield, 24mm Medium, Nippleshield for Breastfeeding with Latch Difficulties or Flat or Inverted Nipples, Made Without BPA</p><p> -32% 0FF </p><p>$7.35</p><a href="https://www.amazon.com/dp/B000067PQ0?tag=eloabder-20&linkCode=osi&th=1&psc=1">View Product</a></div><div class="product"><a href="https://www.amazon.com/dp/B08VKRMXGZ?tag=eloabder-20&linkCode=osi&th=1&psc=1"><img src="https://m.media-amazon.com/images/I/41jploOEeaL._SL500_.jpg" alt="Product Image"></a><p>Moogco The Original Silver Nursing Cups - Nipple Shields for Nursing Newborn - Breastfeeding Essentials - Newborn Essentials Must Haves - Nipple Covers Breastfeeding - 925 Silver</p><p> -28% 0FF </p><p>$35.90</p><a href="https://www.amazon.com/dp/B08VKRMXGZ?tag=eloabder-20&linkCode=osi&th=1&psc=1">View Product</a></div><div class="product"><a href="https://www.amazon.com/dp/B07ND58735?tag=eloabder-20&linkCode=osi&th=1&psc=1"><img src="https://m.media-amazon.com/images/I/41EpWEiqvyL._SL500_.jpg" alt="Product Image"></a><p>Koala Babycare The Original Silver Nursing Cups - Nipple Shields for Nursing Newborn -Breastfeeding Essentials - Protect and Soothe - Tri-Laminate Silver - Standard Size</p><p> -13% 0FF </p><p>$34.75</p><a href="https://www.amazon.com/dp/B07ND58735?tag=eloabder-20&linkCode=osi&th=1&psc=1">View Product</a></div>
<div class="product"><a href="https://www.amazon.com/dp/B091FL1QFK?tag=eloabder-20&linkCode=osi&th=1&psc=1"><img src="https://m.media-amazon.com/images/I/41TUb4BsK-L._SL500_.jpg" alt="Product Image"></a><p>Syringe Nasal Irrigator, Professional Baby Nasal Irrigator Portable Infant Nose Cleaner Rinsing Device Fast All Natural Relief-Nasal Irrigation/Nasal Spray/Nasal Hygiene (2 pièces)</p><p> -67% 0FF </p><p>$3.25</p><a href="https://www.amazon.com/dp/B091FL1QFK?tag=eloabder-20&linkCode=osi&th=1&psc=1">View Product</a></div><div class="product"><a href="https://www.amazon.com/dp/B09137WF8K?tag=eloabder-20&linkCode=osi&th=1&psc=1"><img src="https://m.media-amazon.com/images/I/41v2GMmUbZL._SL500_.jpg" alt="Product Image"></a><p>Two Pack 3 in 1 Baby Nose and Ear Gadget, Safe Baby Booger Remover, Nose Cleaning Tweezers, Nose Cleaner for Baby Infants and Toddlers, Dual Earwax and Snot Removal Baby Must Have Items</p><p> -50% 0FF </p><p>$9.95</p><a href="https://www.amazon.com/dp/B09137WF8K?tag=eloabder-20&linkCode=osi&th=1&psc=1">View Product</a></div><div class="product"><a href="https://www.amazon.com/dp/B09Q61B4MM?tag=eloabder-20&linkCode=osi&th=1&psc=1"><img src="https://m.media-amazon.com/images/I/310TWo+qPRL._SL500_.jpg" alt="Product Image"></a><p>Haakaa Silicone Baby Nasal Aspirator | Nose Bulb Syringe | Easy-Squeezy Baby Nose Cleaner, Newborn Infant &Toddler - BPA Free Silicone</p><p> -5% 0FF </p><p>$9.39</p><a href="https://www.amazon.com/dp/B09Q61B4MM?tag=eloabder-20&linkCode=osi&th=1&psc=1">View Product</a></div>
<div class="product"><a href="https://www.amazon.com/dp/B002K6F7AK?tag=eloabder-20&linkCode=osi&th=1&psc=1"><img src="https://m.media-amazon.com/images/I/411elwPHIqL._SL500_.jpg" alt="Product Image"></a><p>Lamaze womens Cotton Spandex Sleep for Nursing and Maternity Full Coverage Bra, Heather Grey, Large US</p><p> -32% 0FF </p><p>$12.28</p><a href="https://www.amazon.com/dp/B002K6F7AK?tag=eloabder-20&linkCode=osi&th=1&psc=1">View Product</a></div>

<div class="product"><a href="https://www.amazon.com/dp/B06XPHR7DF?tag=eloabder-20&linkCode=osi&th=1&psc=1"><img src="https://m.media-amazon.com/images/I/31sNH-POFUL._SL500_.jpg" alt="Product Image"></a><p>Lansinoh Stay Dry Disposable Nursing Pads, Soft and Super Absorbent Breast Pads, Breastfeeding Essentials for Moms, 200 Count</p><p> -21% 0FF </p><p>$18.51</p><a href="https://www.amazon.com/dp/B06XPHR7DF?tag=eloabder-20&linkCode=osi&th=1&psc=1">View Product</a></div><div class="product"><a href="https://www.amazon.com/dp/B0DB3G8G37?tag=eloabder-20&linkCode=osi&th=1&psc=1"><img src="https://m.media-amazon.com/images/I/31Z7+iKhAKL._SL500_.jpg" alt="Product Image"></a><p>Lansinoh Washable Nursing Pads, Made with Organic Bamboo Viscose, Reusable Breast Pads for Breastfeeding with Wash Bag, Breastfeeding Essentials, 10 Count</p><p> -11% 0FF </p><p>$14.28</p><a href="https://www.amazon.com/dp/B0DB3G8G37?tag=eloabder-20&linkCode=osi&th=1&psc=1">View Product</a></div>
<div class="product"><a href="https://www.amazon.com/dp/B09T6V8YH2?tag=eloabder-20&linkCode=osi&th=1&psc=1"><img src="https://m.media-amazon.com/images/I/21knizL1Y1L._SL500_.jpg" alt="Product Image"></a><p>Nursing Pillow and Positioner with Cover for Breastfeeding and Bottle Feeding, Propping Baby, Tummy Time, Baby Sitting Support, Awake-Time Support (Pillow Only, 22" x 17.7" x 5.9")</p><p> -32% 0FF </p><p>$20.49</p><a href="https://www.amazon.com/dp/B09T6V8YH2?tag=eloabder-20&linkCode=osi&th=1&psc=1">View Product</a></div>
<div class="product"><a href="https://www.amazon.com/dp/B00B7TCX0I?tag=eloabder-20&linkCode=osi&th=1&psc=1"><img src="https://m.media-amazon.com/images/I/51n0rXJe9iL._SL500_.jpg" alt="Product Image"></a><p>Leading Lady Women's Nursing Tank Stylish Cami with Inner Shelf Bra, Black Stripe, Large</p><p> -59% 0FF </p><p>$13.98</p><a href="https://www.amazon.com/dp/B00B7TCX0I?tag=eloabder-20&linkCode=osi&th=1&psc=1">View Product</a></div><div class="product"><a href="https://www.amazon.com/dp/B07K72T7Q3?tag=eloabder-20&linkCode=osi&th=1&psc=1"><img src="https://m.media-amazon.com/images/I/31J5oWrxf6L._SL500_.jpg" alt="Product Image"></a><p>Lansinoh Reusable Nursing Pads, Nursing Essentials for Breastfeeding Mothers, 4 Absorbent Nursing Pads With Mesh Wash Bag, White Pads</p><p> -25% 0FF </p><p>$11.99</p><a href="https://www.amazon.com/dp/B07K72T7Q3?tag=eloabder-20&linkCode=osi&th=1&psc=1">View Product</a></div>

<div class="product"><a href="https://www.amazon.com/dp/B086134T3T?tag=eloabder-20&linkCode=osi&th=1&psc=1"><img src="https://m.media-amazon.com/images/I/41KhXKDGe-L._SL500_.jpg" alt="Product Image"></a><p>4our Kiddies Baby-Proof Outlet Covers (60 Pack) - Child Safety Electric Plug Protectors to Prevent Power Shock</p><p> -23% 0FF </p><p>$9.99</p><a href="https://www.amazon.com/dp/B086134T3T?tag=eloabder-20&linkCode=osi&th=1&psc=1">View Product</a></div><div class="product"><a href="https://www.amazon.com/dp/B08FBNKDKB?tag=eloabder-20&linkCode=osi&th=1&psc=1"><img src="https://m.media-amazon.com/images/I/318PTNFomwL._SL500_.jpg" alt="Product Image"></a><p>Outlet Cover Box for Child Safety (2 Pack) Duplex & Decorator Electrical Outlet Plates, Concealed Access Buttons, and Spacious Compartment - Jool Baby</p><p> -35% 0FF </p><p>$14.99</p><a href="https://www.amazon.com/dp/B08FBNKDKB?tag=eloabder-20&linkCode=osi&th=1&psc=1">View Product</a></div>
<div class="product"><a href="https://www.amazon.com/dp/B07TDN9MKC?tag=eloabder-20&linkCode=osi&th=1&psc=1"><img src="https://m.media-amazon.com/images/I/41K55mCBTsL._SL500_.jpg" alt="Product Image"></a><p>Philips Avent Soothie Orthodontic Baby Pacifiers, 100% Silicone Pacifiers, One Piece, BPA-Free, for Babies 0-3 Months, Green, 4 Pack, Model SCF190/41</p><p> -25% 0FF </p><p>$8.94</p><a href="https://www.amazon.com/dp/B07TDN9MKC?tag=eloabder-20&linkCode=osi&th=1&psc=1">View Product</a></div><div class="product"><a href="https://www.amazon.com/dp/B08177ZPKM?tag=eloabder-20&linkCode=osi&th=1&psc=1"><img src="https://m.media-amazon.com/images/I/41+0ETqpizL._SL500_.jpg" alt="Product Image"></a><p>Tommee Tippee Ultra-Light Silicone Pacifier, 0-6 Months, Symmetrical One-Piece Design, BPA-Free Silicone Binkies, Clear/Blue/Green, Pack of 4</p><p> -38% 0FF </p><p>$10.39</p><a href="https://www.amazon.com/dp/B08177ZPKM?tag=eloabder-20&linkCode=osi&th=1&psc=1">View Product</a></div><div class="product"><a href="https://www.amazon.com/dp/B09XJJB478?tag=eloabder-20&linkCode=osi&th=1&psc=1"><img src="https://m.media-amazon.com/images/I/31vbtPyMOGL._SL500_.jpg" alt="Product Image"></a><p>Dr. Brown's HappyPaci 100% Silicone Baby Pacifier, Contoured One-Piece Design, White, Blue, Light Blue, 0-6m, BPA-Free, 3 Pack</p><p> -17% 0FF </p><p>$4.97</p><a href="https://www.amazon.com/dp/B09XJJB478?tag=eloabder-20&linkCode=osi&th=1&psc=1">View Product</a></div><div class="product"><a href="https://www.amazon.com/dp/B09F6YC4MS?tag=eloabder-20&linkCode=osi&th=1&psc=1"><img src="https://m.media-amazon.com/images/I/31j7FmFh-9L._SL500_.jpg" alt="Product Image"></a><p>Itzy Ritzy Natural Rubber Pacifiers, Set of 2 – Natural Rubber Newborn Pacifiers with Cherry-Shaped Nipple & Large Air Holes for Added Safety; Set of 2 in Coconut & Toast, Ages 0 – 6 Months</p><p> -10% 0FF </p><p>$8.97</p><a href="https://www.amazon.com/dp/B09F6YC4MS?tag=eloabder-20&linkCode=osi&th=1&psc=1">View Product</a></div><div class="product"><a href="https://www.amazon.com/dp/B0835TX9TH?tag=eloabder-20&linkCode=osi&th=1&psc=1"><img src="https://m.media-amazon.com/images/I/413oViQleDL._SL500_.jpg" alt="Product Image"></a><p>NUK Orthodontic Pacifier Value Pack</p><p> -48% 0FF </p><p>$6.29</p><a href="https://www.amazon.com/dp/B0835TX9TH?tag=eloabder-20&linkCode=osi&th=1&psc=1">View Product</a></div><div class="product"><a href="https://www.amazon.com/dp/B0BJ4Q64L9?tag=eloabder-20&linkCode=osi&th=1&psc=1"><img src="https://m.media-amazon.com/images/I/31T4DaO7KeL._SL500_.jpg" alt="Product Image"></a><p>Tommee Tippee Ultra-light Silicone Pacifier, Symmetrical One-Piece Design, BPA-Free Silicone Binkies, 6-18 months, Pack of 4 Pacifiers</p><p> -32% 0FF </p><p>$11.51</p><a href="https://www.amazon.com/dp/B0BJ4Q64L9?tag=eloabder-20&linkCode=osi&th=1&psc=1">View Product</a></div><div class="product"><a href="https://www.amazon.com/dp/B0C5B1SLFL?tag=eloabder-20&linkCode=osi&th=1&psc=1"><img src="https://m.media-amazon.com/images/I/41XLQFTsedL._SL500_.jpg" alt="Product Image"></a><p>Philips Avent Ultra Soft Pacifier - 4 x Soft and Flexible Baby Pacifiers for Babies Aged 0-6 Months, BPA Free with Sterilizer Carry Case, SCF091/23</p><p> -7% 0FF </p><p>$12.94</p><a href="https://www.amazon.com/dp/B0C5B1SLFL?tag=eloabder-20&linkCode=osi&th=1&psc=1">View Product</a></div><div class="product"><a href="https://www.amazon.com/dp/B09H7LR2K2?tag=eloabder-20&linkCode=osi&th=1&psc=1"><img src="https://m.media-amazon.com/images/I/31J6KoAN3IL._SL500_.jpg" alt="Product Image"></a><p>MAM Original Start Matte Newborn Baby Pacifier, Best Pacifier for Breastfed Babies, Sterilizer Case, Girl, 0-3 Months (Pack of 2)</p><p> -38% 0FF </p><p>$4.99</p><a href="https://www.amazon.com/dp/B09H7LR2K2?tag=eloabder-20&linkCode=osi&th=1&psc=1">View Product</a></div>
<div class="product"><a href="https://www.amazon.com/dp/B0C98MM24R?tag=eloabder-20&linkCode=osi&th=1&psc=1"><img src="https://m.media-amazon.com/images/I/411zeOj8dIL._SL500_.jpg" alt="Product Image"></a><p>Silicone Pacifier Clip, Seposeve Pack of 3 Baby Pacifier Teether Clip with 4 Texture, Soft Flexible Silicone Pacifier Leashes & Cases for Boy and Girl, Keeps Pacifier Clean, Purple Pink White</p><p> -29% 0FF </p><p>$4.99</p><a href="https://www.amazon.com/dp/B0C98MM24R?tag=eloabder-20&linkCode=osi&th=1&psc=1">View Product</a></div><div class="product"><a href="https://www.amazon.com/dp/B0828BFK15?tag=eloabder-20&linkCode=osi&th=1&psc=1"><img src="https://m.media-amazon.com/images/I/41OXr2mKwYL._SL500_.jpg" alt="Product Image"></a><p>PandaEar Baby Pacifier Clips Solid Color, 4 Pack Universal Holder Leash for Boys and Girls, Teething Toys Teethers (Neutral)</p><p> -17% 0FF </p><p>$4.98</p><a href="https://www.amazon.com/dp/B0828BFK15?tag=eloabder-20&linkCode=osi&th=1&psc=1">View Product</a></div>
<div class="product"><a href="https://www.amazon.com/dp/B09JCJKMF2?tag=eloabder-20&linkCode=osi&th=1&psc=1"><img src="https://m.media-amazon.com/images/I/21hMAxonL8L._SL500_.jpg" alt="Product Image"></a><p>Ubbi On-The-Go Dual Pacifier Holder, Keep's Baby's Binkies Clean and Accessible, Portable for Travel, Diaper Bag Accessory Must Have for Newborns, Sage Green</p><p> -17% 0FF </p><p>$4.99</p><a href="https://www.amazon.com/dp/B09JCJKMF2?tag=eloabder-20&linkCode=osi&th=1&psc=1">View Product</a></div><div class="product"><a href="https://www.amazon.com/dp/B0BG8J1JJR?tag=eloabder-20&linkCode=osi&th=1&psc=1"><img src="https://m.media-amazon.com/images/I/31fDalcDyyL._SL500_.jpg" alt="Product Image"></a><p>PandaEar Pacifier Nipple Holder Case Container Boxes (4 Pack)| Universal Accessories Holders| Travel Cases| BPA Free</p><p> -17% 0FF </p><p>$4.95</p><a href="https://www.amazon.com/dp/B0BG8J1JJR?tag=eloabder-20&linkCode=osi&th=1&psc=1">View Product</a></div>
<div class="product"><a href="https://www.amazon.com/dp/B08625PRQL?tag=eloabder-20&linkCode=osi&th=1&psc=1"><img src="https://m.media-amazon.com/images/I/31PUIalU9CL._SL500_.jpg" alt="Product Image"></a><p>GROWNSY Pacifier Sanitizer Portable, UV Light Sanitizer on The Go, USB Charging Sanitizer Case, Mini Pacifier Sanitizer 99.99% Cleaned in 59 Seconds (White)</p><p> -10% 0FF </p><p>$26.95</p><a href="https://www.amazon.com/dp/B08625PRQL?tag=eloabder-20&linkCode=osi&th=1&psc=1">View Product</a></div><div class="product"><a href="https://www.amazon.com/dp/B0035LQNNE?tag=eloabder-20&linkCode=osi&th=1&psc=1"><img src="https://m.media-amazon.com/images/I/41DJ3x+h47L._SL500_.jpg" alt="Product Image"></a><p>Dr. Brown's Microwave Steam Sterilizer Bags for Baby Bottles, Pacifiers, Pump Parts and Accessories, Travel Baby Bottle Sterilizer, 30 Uses per Bag, 5 Count (Pack of 1)</p><p> -40% 0FF </p><p>$5.99</p><a href="https://www.amazon.com/dp/B0035LQNNE?tag=eloabder-20&linkCode=osi&th=1&psc=1">View Product</a></div>
<div class="product"><a href="https://www.amazon.com/dp/B0CRF9L25B?tag=eloabder-20&linkCode=osi&th=1&psc=1"><img src="https://m.media-amazon.com/images/I/41WW0AQ61YL._SL500_.jpg" alt="Product Image"></a><p>Comfy Cubs Baby Play Gym Set, Wooden Baby Playgym, Interactive Activity Center Hanging Bar with Gym Toys, Foldable for Infants, Newborn Gift for Baby Girl and Boy</p><p> -33% 0FF </p><p>$39.99</p><a href="https://www.amazon.com/dp/B0CRF9L25B?tag=eloabder-20&linkCode=osi&th=1&psc=1">View Product</a></div>
<div class="product"><a href="https://www.amazon.com/dp/B0BCVRHFX8?tag=eloabder-20&linkCode=osi&th=1&psc=1"><img src="https://m.media-amazon.com/images/I/41EoxD6Jb4L._SL500_.jpg" alt="Product Image"></a><p>Baby Playpen,Playpen, Playpen for Babies and Toddlers, Play Pen for Kids, Play Pens for Babies and Toddlers for Apartment (47 * 47 inch Grey with mat)</p><p> -23% 0FF </p><p>$46.21</p><a href="https://www.amazon.com/dp/B0BCVRHFX8?tag=eloabder-20&linkCode=osi&th=1&psc=1">View Product</a></div><div class="product"><a href="https://www.amazon.com/dp/B0BR7NFYTV?tag=eloabder-20&linkCode=osi&th=1&psc=1"><img src="https://m.media-amazon.com/images/I/41fdC8D+84L._SL500_.jpg" alt="Product Image"></a><p>COMOMY Playpens for Babies and Toddlers, Small Baby Play Pens, Activity Center for Baby Safe and Non-Slip Baby Fence, Full Mesh Design, Indoor & Outdoor Kids Activity Center (Dark Grey, 36"x36")</p><p> -20% 0FF </p><p>$39.99</p><a href="https://www.amazon.com/dp/B0BR7NFYTV?tag=eloabder-20&linkCode=osi&th=1&psc=1">View Product</a></div><div class="product"><a href="https://www.amazon.com/dp/B09ZDQ3C2Y?tag=eloabder-20&linkCode=osi&th=1&psc=1"><img src="https://m.media-amazon.com/images/I/41cGSa5tbrL._SL500_.jpg" alt="Product Image"></a><p>Pamo Babe Portable Crib Baby Playpen with Mattress and Carry Bag (Grey)</p><p> -29% 0FF </p><p>$48.99</p><a href="https://www.amazon.com/dp/B09ZDQ3C2Y?tag=eloabder-20&linkCode=osi&th=1&psc=1">View Product</a></div><div class="product"><a href="https://www.amazon.com/dp/B08BT16TH5?tag=eloabder-20&linkCode=osi&th=1&psc=1"><img src="https://m.media-amazon.com/images/I/41T3gWQReTL._SL500_.jpg" alt="Product Image"></a><p>Dream On Me Nest Portable Playard in Black with Carrybag an Shoulder Strap, Lightweight, Packable and Easy Setup Baby Playard, Breathable Mesh Sides and Soft Fabric - Comes with a Removable Padded Mat</p><p> -29% 0FF </p><p>$49.99</p><a href="https://www.amazon.com/dp/B08BT16TH5?tag=eloabder-20&linkCode=osi&th=1&psc=1">View Product</a></div>
<div class="product"><a href="https://www.amazon.com/dp/B07964SFW4?tag=eloabder-20&linkCode=osi&th=1&psc=1"><img src="https://m.media-amazon.com/images/I/415S7evTplL._SL500_.jpg" alt="Product Image"></a><p>Baby Trend Lil' Snooze Deluxe II Nursery Center, Twinkle Twinkle Little Moon</p><p> -10% 0FF </p><p>$89.99</p><a href="https://www.amazon.com/dp/B07964SFW4?tag=eloabder-20&linkCode=osi&th=1&psc=1">View Product</a></div><div class="product"><a href="https://www.amazon.com/dp/B0BMFQFZSH?tag=eloabder-20&linkCode=osi&th=1&psc=1"><img src="https://m.media-amazon.com/images/I/41tYFE0RalL._SL500_.jpg" alt="Product Image"></a><p>Pamo Babe Deluxe Nursery Center, Foldable Playard for Baby & Toddler, Bassinet, Mattress, Changing Table for Newborn(Black)</p><p> -22% 0FF </p><p>$155.99</p><a href="https://www.amazon.com/dp/B0BMFQFZSH?tag=eloabder-20&linkCode=osi&th=1&psc=1">View Product</a></div><div class="product"><a href="https://www.amazon.com/dp/B07HYV86RH?tag=eloabder-20&linkCode=osi&th=1&psc=1"><img src="https://m.media-amazon.com/images/I/41GWwVT9TQL._SL500_.jpg" alt="Product Image"></a><p>Baby Trend Trend-E Nursery Center® Playard, April</p><p> -20% 0FF </p><p>$79.99</p><a href="https://www.amazon.com/dp/B07HYV86RH?tag=eloabder-20&linkCode=osi&th=1&psc=1">View Product</a></div>
<div class="product"><a href="https://www.amazon.com/dp/B0BZQGQVD1?tag=eloabder-20&linkCode=osi&th=1&psc=1"><img src="https://m.media-amazon.com/images/I/41DuYrM0FML._SL500_.jpg" alt="Product Image"></a><p>Kopi Baby Portable Diaper Changing Pad - Baby Changing Pad & Diaper Changer Travel Bag, Smart Design Baby Changing Mat, Portable Changing Pad for Baby - Baby Changing Station, Infant Gift - Grey</p><p> -31% 0FF </p><p>$26.99</p><a href="https://www.amazon.com/dp/B0BZQGQVD1?tag=eloabder-20&linkCode=osi&th=1&psc=1">View Product</a></div><div class="product"><a href="https://www.amazon.com/dp/B085PXT49C?tag=eloabder-20&linkCode=osi&th=1&psc=1"><img src="https://m.media-amazon.com/images/I/51vXCxx-lHL._SL500_.jpg" alt="Product Image"></a><p>Portable Changing Pad for Baby|Travel Baby Changing Pads for Moms, Dads|Waterproof Portable Changing Mat with Built-in Pillow|Excellent Baby Shower/Registry Gifts</p><p> -19% 0FF </p><p>$12.99</p><a href="https://www.amazon.com/dp/B085PXT49C?tag=eloabder-20&linkCode=osi&th=1&psc=1">View Product</a></div><div class="product"><a href="https://www.amazon.com/dp/B082FZ4232?tag=eloabder-20&linkCode=osi&th=1&psc=1"><img src="https://m.media-amazon.com/images/I/51beBs2MbBL._SL500_.jpg" alt="Product Image"></a><p>First Landings Portable Diaper Changing Pad - Convenient Travel Changing Pad and Wipe Holder - Portable Changing Pad - Navy</p><p> -58% 0FF </p><p>$9.99</p><a href="https://www.amazon.com/dp/B082FZ4232?tag=eloabder-20&linkCode=osi&th=1&psc=1">View Product</a></div><div class="product"><a href="https://www.amazon.com/dp/B08N4W4CFC?tag=eloabder-20&linkCode=osi&th=1&psc=1"><img src="https://m.media-amazon.com/images/I/51vHXXugc9L._SL500_.jpg" alt="Product Image"></a><p>Portable Diaper Changing Pad for Baby, Detachable Travel Changing Pad with Baby Wipes Pocket, Gifts for Baby Shower, Newborn Girls and Boys (Grey)</p><p> -29% 0FF </p><p>$19.79</p><a href="https://www.amazon.com/dp/B08N4W4CFC?tag=eloabder-20&linkCode=osi&th=1&psc=1">View Product</a></div><div class="product"><a href="https://www.amazon.com/dp/B0CM9ZDFT7?tag=eloabder-20&linkCode=osi&th=1&psc=1"><img src="https://m.media-amazon.com/images/I/511OkyACRAL._SL500_.jpg" alt="Product Image"></a><p>Portable Changing Pad for Baby, Travel Diaper Changing Pad for Newborn, Large Waterproof Baby Changing Mat, Foldable & Detachable Diaper Changing Station with Baby Wipes Pockets, Baby Stuff by Pillani</p><p> -37% 0FF </p><p>$18.99</p><a href="https://www.amazon.com/dp/B0CM9ZDFT7?tag=eloabder-20&linkCode=osi&th=1&psc=1">View Product</a></div>
<div class="product"><a href="https://www.amazon.com/dp/B00AKKDSNG?tag=eloabder-20&linkCode=osi&th=1&psc=1"><img src="https://m.media-amazon.com/images/I/51nqUmC7OaL._SL500_.jpg" alt="Product Image"></a><p>Guava Lotus Travel Crib with Lightweight Backpack Design | Certified Baby Safe Portable Crib | Folding Play Yard with Comfy Mattress for Babies & Toddlers | Compact Baby Travel Bed</p><p> -18% 0FF </p><p>$229.95</p><a href="https://www.amazon.com/dp/B00AKKDSNG?tag=eloabder-20&linkCode=osi&th=1&psc=1">View Product</a></div><div class="product"><a href="https://www.amazon.com/dp/B07RZQC1T1?tag=eloabder-20&linkCode=osi&th=1&psc=1"><img src="https://m.media-amazon.com/images/I/41EMWNVnnYL._SL500_.jpg" alt="Product Image"></a><p>Pamo Babe Portable Crib for Baby, Portable Baby Playpen with Bassinet and Changing Table</p><p> -15% 0FF </p><p>$109.99</p><a href="https://www.amazon.com/dp/B07RZQC1T1?tag=eloabder-20&linkCode=osi&th=1&psc=1">View Product</a></div><div class="product"><a href="https://www.amazon.com/dp/B01F9FLEL4?tag=eloabder-20&linkCode=osi&th=1&psc=1"><img src="https://m.media-amazon.com/images/I/51HNrjQ09pL._SL500_.jpg" alt="Product Image"></a><p>Baby Trend Nursery Center® Playard, Tanzania</p><p> -20% 0FF </p><p>$79.99</p><a href="https://www.amazon.com/dp/B01F9FLEL4?tag=eloabder-20&linkCode=osi&th=1&psc=1">View Product</a></div>
<div class="product"><a href="https://www.amazon.com/dp/B0CXY9DDW9?tag=eloabder-20&linkCode=osi&th=1&psc=1"><img src="https://m.media-amazon.com/images/I/31MFNOwDz8L._SL500_.jpg" alt="Product Image"></a><p>Bluey Playtime Floor Potty Trainer w/Sound</p><p> -20% 0FF </p><p>$31.99</p><a href="https://www.amazon.com/dp/B0CXY9DDW9?tag=eloabder-20&linkCode=osi&th=1&psc=1">View Product</a></div>



<div class="product"><a href="https://www.amazon.com/dp/B0CD42KQ3K?tag=eloabder-20&linkCode=osi&th=1&psc=1"><img src="https://m.media-amazon.com/images/I/41c9zvmFrLL._SL500_.jpg" alt="Product Image"></a><p>TOHIBEE Baby Montessori Sensory Toys for 0-6 6-12 Months, Food Grade Teething Toys for Babies 0 3 6 9 12 18 Months, Newborn Infant Learning Developmental Toys Gifts for 1 2 Year Old Boys Girls</p><p> -50% 0FF </p><p>$9.99</p><a href="https://www.amazon.com/dp/B0CD42KQ3K?tag=eloabder-20&linkCode=osi&th=1&psc=1">View Product</a></div><div class="product"><a href="https://www.amazon.com/dp/B0CNNZKL6Z?tag=eloabder-20&linkCode=osi&th=1&psc=1"><img src="https://m.media-amazon.com/images/I/419qSwSFEIL._SL500_.jpg" alt="Product Image"></a><p>MIUXUESO 3 Pcs Baby Flower Headbands Baby Girls Nylon Headbands Soft Hairbands Hair Accessories for Newborn Infant Toddler Kids (Beige Pink Khaki)</p><p> -11% 0FF </p><p>$8.89 ($2.96 / Count)</p><a href="https://www.amazon.com/dp/B0CNNZKL6Z?tag=eloabder-20&linkCode=osi&th=1&psc=1">View Product</a></div><div class="product"><a href="https://www.amazon.com/dp/B0CRLDXBYN?tag=eloabder-20&linkCode=osi&th=1&psc=1"><img src="https://m.media-amazon.com/images/I/51U5mzLT4CL._SL500_.jpg" alt="Product Image"></a><p>Cute Castle Baby Sleep Sack 0-6 Months - Lightweight 100% Cotton 2-Way Zipper TOG 0.5 Infant Wearable Blanket, Newborn Essentials Toddler Sleep Clothes (3 Pack Green)</p><p> -41% 0FF </p><p>$26.98</p><a href="https://www.amazon.com/dp/B0CRLDXBYN?tag=eloabder-20&linkCode=osi&th=1&psc=1">View Product</a></div><div class="product"><a href="https://www.amazon.com/dp/B0CNSPHBBG?tag=eloabder-20&linkCode=osi&th=1&psc=1"><img src="https://m.media-amazon.com/images/I/41KtLZ6dp3L._SL500_.jpg" alt="Product Image"></a><p>Arnzion Baby Hooded Towels for Babies and Toddlers, Muslin Baby Bath Towel Soft and Absorbent for Boys and Girls (Dark Grey 1 Pack)</p><p> -10% 0FF </p><p>$8.99</p><a href="https://www.amazon.com/dp/B0CNSPHBBG?tag=eloabder-20&linkCode=osi&th=1&psc=1">View Product</a></div><div class="product"><a href="https://www.amazon.com/dp/B0C6Y89H47?tag=eloabder-20&linkCode=osi&th=1&psc=1"><img src="https://m.media-amazon.com/images/I/41SIANIdhkL._SL500_.jpg" alt="Product Image"></a><p>HelloBaby Upgrade 5’’ Baby Monitor with 26-Hour Battery, 2 Cameras Pan-Tilt-Zoom, 1000ft Range Video Audio Baby Monitor No WiFi, VOX, Night Vision, 2-Way Talk, 8 Lullabies and Temperature</p><p> -22% 0FF </p><p>$139.99</p><a href="https://www.amazon.com/dp/B0C6Y89H47?tag=eloabder-20&linkCode=osi&th=1&psc=1">View Product</a></div><div class="product"><a href="https://www.amazon.com/dp/B0CLGCN5ZS?tag=eloabder-20&linkCode=osi&th=1&psc=1"><img src="https://m.media-amazon.com/images/I/41PuaWmW8rL._SL500_.jpg" alt="Product Image"></a><p>Momcozy Baby Carrier Newborn to Toddler - Ergonomic, Cozy and Lightweight Infant Carrier for 7-44lbs, Effortless to Put On, Ideal for Hands-Free Parenting, Enhanced Lumbar Support, Khaki</p><p> -7% 0FF </p><p>$64.99</p><a href="https://www.amazon.com/dp/B0CLGCN5ZS?tag=eloabder-20&linkCode=osi&th=1&psc=1">View Product</a></div>
<div class="product"><a href="https://www.amazon.com/dp/B09B94C44F?tag=eloabder-20&linkCode=osi&th=1&psc=1"><img src="https://m.media-amazon.com/images/I/41mrmM0elVL._SL500_.jpg" alt="Product Image"></a><p>Fisher-Price Baby to Toddler Learning Toy 2-in-1 Like a Boss Activity Center and Play Table with Lights Music and Sounds</p><p> -33% 0FF </p><p>$73.99</p><a href="https://www.amazon.com/dp/B09B94C44F?tag=eloabder-20&linkCode=osi&th=1&psc=1">View Product</a></div><div class="product"><a href="https://www.amazon.com/dp/B08D8RSLXW?tag=eloabder-20&linkCode=osi&th=1&psc=1"><img src="https://m.media-amazon.com/images/I/41CTM7vmqIL._SL500_.jpg" alt="Product Image"></a><p>Smart Steps® Bounce N’ Play 3-in-1 Activity Center, Woodland Walk</p><p> -14% 0FF </p><p>$59.99</p><a href="https://www.amazon.com/dp/B08D8RSLXW?tag=eloabder-20&linkCode=osi&th=1&psc=1">View Product</a></div><div class="product"><a href="https://www.amazon.com/dp/B08WQB3JQW?tag=eloabder-20&linkCode=osi&th=1&psc=1"><img src="https://m.media-amazon.com/images/I/413UkTCXRJL._SL500_.jpg" alt="Product Image"></a><p>Smart Steps® 3-in-1 Bounce N' Play Activity Center Plus with STEM Learning Toys, Tike Hike</p><p> -33% 0FF </p><p>$59.99</p><a href="https://www.amazon.com/dp/B08WQB3JQW?tag=eloabder-20&linkCode=osi&th=1&psc=1">View Product</a></div><div class="product"><a href="https://www.amazon.com/dp/B0B5JJGGTC?tag=eloabder-20&linkCode=osi&th=1&psc=1"><img src="https://m.media-amazon.com/images/I/41hewN3eW6L._SL500_.jpg" alt="Product Image"></a><p>Fisher-Price Baby to Toddler Toy 3-in-1 SnugaPuppy Activity Center and Play Table with Lights Sounds and Developmental Activities</p><p> -23% 0FF </p><p>$99.99</p><a href="https://www.amazon.com/dp/B0B5JJGGTC?tag=eloabder-20&linkCode=osi&th=1&psc=1">View Product</a></div><div class="product"><a href="https://www.amazon.com/dp/B07BF1V8K8?tag=eloabder-20&linkCode=osi&th=1&psc=1"><img src="https://m.media-amazon.com/images/I/51kWbX5t3FL._SL500_.jpg" alt="Product Image"></a><p>Battat - Activity Cube With Farm Theme - Educational Wooden Toys For Toddlers And Kids - 1 Year +</p><p> -42% 0FF </p><p>$59.95</p><a href="https://www.amazon.com/dp/B07BF1V8K8?tag=eloabder-20&linkCode=osi&th=1&psc=1">View Product</a></div>
<div class="product"><a href="https://www.amazon.com/dp/B07MPCCDM7?tag=eloabder-20&linkCode=osi&th=1&psc=1"><img src="https://m.media-amazon.com/images/I/414WzjZL6XL._SL500_.jpg" alt="Product Image"></a><p>Baby Einstein 4-in-1 Kickin' Tunes Music and Language Play Gym and Piano Tummy Time Activity Mat</p><p> -20% 0FF </p><p>$39.98</p><a href="https://www.amazon.com/dp/B07MPCCDM7?tag=eloabder-20&linkCode=osi&th=1&psc=1">View Product</a></div><div class="product"><a href="https://www.amazon.com/dp/B0793D9WBY?tag=eloabder-20&linkCode=osi&th=1&psc=1"><img src="https://m.media-amazon.com/images/I/51SJobuKTzL._SL500_.jpg" alt="Product Image"></a><p>Fisher-Price Baby Playmat Deluxe Kick & Play Piano Gym, Green Musical Learning Toy with 2 Rattle Maracas for Developmental Play Newborns 0+ Months</p><p> -18% 0FF </p><p>$49.49</p><a href="https://www.amazon.com/dp/B0793D9WBY?tag=eloabder-20&linkCode=osi&th=1&psc=1">View Product</a></div><div class="product"><a href="https://www.amazon.com/dp/B0B5JXBMZJ?tag=eloabder-20&linkCode=osi&th=1&psc=1"><img src="https://m.media-amazon.com/images/I/51zfjAIFbcL._SL500_.jpg" alt="Product Image"></a><p>Fisher-Price Baby Playmat Kick & Play Piano Gym with Musical and Sensory Toys for Newborn to Toddler, Navy Fawn</p><p> -27% 0FF </p><p>$39.88</p><a href="https://www.amazon.com/dp/B0B5JXBMZJ?tag=eloabder-20&linkCode=osi&th=1&psc=1">View Product</a></div><div class="product"><a href="https://www.amazon.com/dp/B0036RKGHQ?tag=eloabder-20&linkCode=osi&th=1&psc=1"><img src="https://m.media-amazon.com/images/I/51ciJPgVi-L._SL500_.jpg" alt="Product Image"></a><p>Bright Starts Disney Baby Finding Nemo Mr. Ray Ocean Lights & Music Gym, Ages Newborn +</p><p> -18% 0FF </p><p>$69.98</p><a href="https://www.amazon.com/dp/B0036RKGHQ?tag=eloabder-20&linkCode=osi&th=1&psc=1">View Product</a></div>
<div class="product"><a href="https://www.amazon.com/dp/B0C8HGTL8Y?tag=eloabder-20&linkCode=osi&th=1&psc=1"><img src="https://m.media-amazon.com/images/I/41JRClg8WzL._SL500_.jpg" alt="Product Image"></a><p>Baby Trend Everlast 7-in-1 High Chair, Charcoal Stone</p><p> -50% 0FF </p><p>$49.99</p><a href="https://www.amazon.com/dp/B0C8HGTL8Y?tag=eloabder-20&linkCode=osi&th=1&psc=1">View Product</a></div><div class="product"><a href="https://www.amazon.com/dp/B08DY55SQZ?tag=eloabder-20&linkCode=osi&th=1&psc=1"><img src="https://m.media-amazon.com/images/I/31Gi5M2n0TL._SL500_.jpg" alt="Product Image"></a><p>Evenflo 4-in-1 Eat & Grow Convertible High Chair,Polyester</p><p> -9% 0FF </p><p>$62.99</p><a href="https://www.amazon.com/dp/B08DY55SQZ?tag=eloabder-20&linkCode=osi&th=1&psc=1">View Product</a></div><div class="product"><a href="https://www.amazon.com/dp/B0BDSWVGJN?tag=eloabder-20&linkCode=osi&th=1&psc=1"><img src="https://m.media-amazon.com/images/I/31RKzujFVpL._SL500_.jpg" alt="Product Image"></a><p>Graco EveryStep 6 in 1 High Chair, Babies and Toddlers Portable Slim High Chair with 6 Growing Stages from Infant to Toddler Seating, Convenient for Dining Time, Featured Design in Misty</p><p> -12% 0FF </p><p>$176.99</p><a href="https://www.amazon.com/dp/B0BDSWVGJN?tag=eloabder-20&linkCode=osi&th=1&psc=1">View Product</a></div><div class="product"><a href="https://www.amazon.com/dp/B0DFGSY7D2?tag=eloabder-20&linkCode=osi&th=1&psc=1"><img src="https://m.media-amazon.com/images/I/41LuMCYsLxL._SL500_.jpg" alt="Product Image"></a><p>High Chair,IJHIJH Baby High Chair,Foldable High Chair,High Chair for Babies and Toddlers,Double-Layer Large Tray,Backrest and Height Adjustable,5-Point Safety Belt,Non-Slip Mat,Space Saving</p><p> -23% 0FF </p><p>$99.99</p><a href="https://www.amazon.com/dp/B0DFGSY7D2?tag=eloabder-20&linkCode=osi&th=1&psc=1">View Product</a></div><div class="product"><a href="https://www.amazon.com/dp/B01MRVWGJH?tag=eloabder-20&linkCode=osi&th=1&psc=1"><img src="https://m.media-amazon.com/images/I/41HxUVOWn-L._SL500_.jpg" alt="Product Image"></a><p>Cosco Simple Fold Full Size High Chair With Adjustable Tray, 28.5x23.5x38.7 Inch (Pack of 1)</p><p> -23% 0FF </p><p>$49.99</p><a href="https://www.amazon.com/dp/B01MRVWGJH?tag=eloabder-20&linkCode=osi&th=1&psc=1">View Product</a></div><div class="product"><a href="https://www.amazon.com/dp/B0B1QRSXW9?tag=eloabder-20&linkCode=osi&th=1&psc=1"><img src="https://m.media-amazon.com/images/I/41k+dOKhnqL._SL500_.jpg" alt="Product Image"></a><p>Baby Trend Sit Right 2.0 3-in-1 High Chair - Cozy Grey</p><p> -25% 0FF </p><p>$59.99</p><a href="https://www.amazon.com/dp/B0B1QRSXW9?tag=eloabder-20&linkCode=osi&th=1&psc=1">View Product</a></div><div class="product"><a href="https://www.amazon.com/dp/B08HKPPJPV?tag=eloabder-20&linkCode=osi&th=1&psc=1"><img src="https://m.media-amazon.com/images/I/31cMtIzV9lL._SL500_.jpg" alt="Product Image"></a><p>Graco® Table2Table LX 6-in-1 Highchair, Arrows with Infant Head Support & One-Hand Removable Tray</p><p> -16% 0FF </p><p>$100.99</p><a href="https://www.amazon.com/dp/B08HKPPJPV?tag=eloabder-20&linkCode=osi&th=1&psc=1">View Product</a></div><div class="product"><a href="https://www.amazon.com/dp/B07Y5RY7QT?tag=eloabder-20&linkCode=osi&th=1&psc=1"><img src="https://m.media-amazon.com/images/I/31IiUCIU1JL._SL500_.jpg" alt="Product Image"></a><p>Graco DuoDiner DLX 6-in-1 Highchair, Mathis</p><p> -7% 0FF </p><p>$139.99</p><a href="https://www.amazon.com/dp/B07Y5RY7QT?tag=eloabder-20&linkCode=osi&th=1&psc=1">View Product</a></div><div class="product"><a href="https://www.amazon.com/dp/B091M5MT2L?tag=eloabder-20&linkCode=osi&th=1&psc=1"><img src="https://m.media-amazon.com/images/I/31ukjyiALGL._SL500_.jpg" alt="Product Image"></a><p>Century Dine On 4-in-1 High Chair, Grows with Child with 4 Modes, Metro</p><p> -11% 0FF </p><p>$79.99</p><a href="https://www.amazon.com/dp/B091M5MT2L?tag=eloabder-20&linkCode=osi&th=1&psc=1">View Product</a></div>
<div class="product"><a href="https://www.amazon.com/dp/B000MR4IX6?tag=eloabder-20&linkCode=osi&th=1&psc=1"><img src="https://m.media-amazon.com/images/I/31QxBnnFyKL._SL500_.jpg" alt="Product Image"></a><p>Crane Adorables Ultrasonic Humidifiers for Bedroom and Baby Nursery, 1 Gallon Cool Mist Air Humidifier for Large Room or Kid's Room, Humidifier Filters Optional, Hello Kitty</p><p> -10% 0FF </p><p>$53.99</p><a href="https://www.amazon.com/dp/B000MR4IX6?tag=eloabder-20&linkCode=osi&th=1&psc=1">View Product</a></div><div class="product"><a href="https://www.amazon.com/dp/B001ADL1SG?tag=eloabder-20&linkCode=osi&th=1&psc=1"><img src="https://m.media-amazon.com/images/I/31jxnLUt3iL._SL500_.jpg" alt="Product Image"></a><p>Crane Ultrasonic Cool Mist Humidifier for Bedroom, Baby Nursery, Kids Room, Plants, or Office, Large 1 Gallon Tank, Filter Optional, Blue and White</p><p> -25% 0FF </p><p>$44.99</p><a href="https://www.amazon.com/dp/B001ADL1SG?tag=eloabder-20&linkCode=osi&th=1&psc=1">View Product</a></div><div class="product"><a href="https://www.amazon.com/dp/B089QWNQXC?tag=eloabder-20&linkCode=osi&th=1&psc=1"><img src="https://m.media-amazon.com/images/I/31SHRor76xL._SL500_.jpg" alt="Product Image"></a><p>Dr. Brown's All-in-One Sterilizer and Dryer for Baby Bottles, Parts & Other Newborn Essentials</p><p> -28% 0FF </p><p>$57.99</p><a href="https://www.amazon.com/dp/B089QWNQXC?tag=eloabder-20&linkCode=osi&th=1&psc=1">View Product</a></div><div class="product"><a href="https://www.amazon.com/dp/B008KJEYLO?tag=eloabder-20&linkCode=osi&th=1&psc=1"><img src="https://m.media-amazon.com/images/I/516vqHBFtxL._SL500_.jpg" alt="Product Image"></a><p>WaterWipes Plastic-Free Original Baby Wipes, 99.9% Water Based Wipes, Unscented & Hypoallergenic for Sensitive Skin, 60 Count (Pack of 12), Packaging May Vary</p><p> -13% 0FF </p><p>$39.97 ($5.55 / 100 Count)</p><a href="https://www.amazon.com/dp/B008KJEYLO?tag=eloabder-20&linkCode=osi&th=1&psc=1">View Product</a></div><div class="product"><a href="https://www.amazon.com/dp/B094YK9MB1?tag=eloabder-20&linkCode=osi&th=1&psc=1"><img src="https://m.media-amazon.com/images/I/31h+m99qpwL._SL500_.jpg" alt="Product Image"></a><p>Westinghouse 28-inch Cool Mist Ultrasonic Tower Humidifier, 6L Top Fill Air Humidifier with Essential Oil Diffuser, Adjustable Mist Volume for Large Bedrooms</p><p> -50% 0FF </p><p>$59.99</p><a href="https://www.amazon.com/dp/B094YK9MB1?tag=eloabder-20&linkCode=osi&th=1&psc=1">View Product</a></div>
<div class="product"><a href="https://www.amazon.com/dp/B0961KZ9X2?tag=eloabder-20&linkCode=osi&th=1&psc=1"><img src="https://m.media-amazon.com/images/I/41AUjJ8u93S._SL500_.jpg" alt="Product Image"></a><p>Philips Avent Anti-Colic Baby Bottle with AirFree Vent, 9oz, 4pk, Clear, SCY703/04</p><p> -20% 0FF </p><p>$23.99</p><a href="https://www.amazon.com/dp/B0961KZ9X2?tag=eloabder-20&linkCode=osi&th=1&psc=1">View Product</a></div><div class="product"><a href="https://www.amazon.com/dp/B00K5KVC52?tag=eloabder-20&linkCode=osi&th=1&psc=1"><img src="https://m.media-amazon.com/images/I/411dDDTfnQL._SL500_.jpg" alt="Product Image"></a><p>Tommee Tippee Natural Start Anti-Colic BPA Free Baby Bottles, 9oz, Slow-Flow Breast-Like Nipple for a Natural Latch, Designed for Seamless Transitions Between Bottle and Breast, Fiesta, Pack of 6</p><p> -44% 0FF </p><p>$23.97</p><a href="https://www.amazon.com/dp/B00K5KVC52?tag=eloabder-20&linkCode=osi&th=1&psc=1">View Product</a></div><div class="product"><a href="https://www.amazon.com/dp/B00H0DH2NS?tag=eloabder-20&linkCode=osi&th=1&psc=1"><img src="https://m.media-amazon.com/images/I/41-a1Bfp4SL._SL500_.jpg" alt="Product Image"></a><p>Lansinoh Anti-Colic Baby Bottles for Breastfeeding Babies, 5 Ounces, 3 Count, Includes 3 Slow Flow Nipples, Size S</p><p> -25% 0FF </p><p>$14.99</p><a href="https://www.amazon.com/dp/B00H0DH2NS?tag=eloabder-20&linkCode=osi&th=1&psc=1">View Product</a></div><div class="product"><a href="https://www.amazon.com/dp/B07M6QQP9Z?tag=eloabder-20&linkCode=osi&th=1&psc=1"><img src="https://m.media-amazon.com/images/I/41DGyuAuyJL._SL500_.jpg" alt="Product Image"></a><p>Dr. Brown's Natural Flow Anti-Colic Options+ Wide-Neck Glass Baby Bottles 5 oz/150 mL, with Level 1 Slow Flow Nipple, 3 Pack, 0m+</p><p> -17% 0FF </p><p>$23.99</p><a href="https://www.amazon.com/dp/B07M6QQP9Z?tag=eloabder-20&linkCode=osi&th=1&psc=1">View Product</a></div>
<div class="product"><a href="https://www.amazon.com/dp/B00MN6IGPK?tag=eloabder-20&linkCode=osi&th=1&psc=1"><img src="https://m.media-amazon.com/images/I/41QKUlWUujL._SL500_.jpg" alt="Product Image"></a><p>Pioneer Photo Albums DA-200COLB/B 200-Pocket Embossed Baby Leatherette Frame Cover Album for 4 by 6-Inch Prints, Blue</p><p> -20% 0FF </p><p>$13.58</p><a href="https://www.amazon.com/dp/B00MN6IGPK?tag=eloabder-20&linkCode=osi&th=1&psc=1">View Product</a></div><div class="product"><a href="https://www.amazon.com/dp/B09G9LD7MR?tag=eloabder-20&linkCode=osi&th=1&psc=1"><img src="https://m.media-amazon.com/images/I/41G9dvP0dRL._SL500_.jpg" alt="Product Image"></a><p>Holoary Baby Photo Album 4” x 6” 160 Photos, Newborn Baby Keepsake Gifts for Baby Boy/Girl and New Parents, Woodland Animals Design</p><p> -15% 0FF </p><p>$16.99</p><a href="https://www.amazon.com/dp/B09G9LD7MR?tag=eloabder-20&linkCode=osi&th=1&psc=1">View Product</a></div>
<div class="product"><a href="https://www.amazon.com/dp/B099FM4W4H?tag=eloabder-20&linkCode=osi&th=1&psc=1"><img src="https://m.media-amazon.com/images/I/41oW5RAdkOL._SL500_.jpg" alt="Product Image"></a><p>Frida Baby 4-in-1 Grow-with-Me Baby Bathtub, Baby Tub for Newborns to Toddler with Removable Bath Seat & Backrest for Bath Support in Tub</p><p> -9% 0FF </p><p>$49.97</p><a href="https://www.amazon.com/dp/B099FM4W4H?tag=eloabder-20&linkCode=osi&th=1&psc=1">View Product</a></div><div class="product"><a href="https://www.amazon.com/dp/B008VWVS14?tag=eloabder-20&linkCode=osi&th=1&psc=1"><img src="https://m.media-amazon.com/images/I/41SmMRWIinL._SL500_.jpg" alt="Product Image"></a><p>Angelcare Baby Bath Support (Aqua) | Ideal for Babies Less than 6 Months Old</p><p> -33% 0FF </p><p>$19.99</p><a href="https://www.amazon.com/dp/B008VWVS14?tag=eloabder-20&linkCode=osi&th=1&psc=1">View Product</a></div><div class="product"><a href="https://www.amazon.com/dp/B0856SSQ1X?tag=eloabder-20&linkCode=osi&th=1&psc=1"><img src="https://m.media-amazon.com/images/I/31uBL4LsJbL._SL500_.jpg" alt="Product Image"></a><p>Fisher-Price Baby to Toddler Bath 4-in-1 Sling ‘n Seat Tub with Removable Infant Support and 2 Toys, Pacific Pebble</p><p> -11% 0FF </p><p>$39.99</p><a href="https://www.amazon.com/dp/B0856SSQ1X?tag=eloabder-20&linkCode=osi&th=1&psc=1">View Product</a></div><div class="product"><a href="https://www.amazon.com/dp/B0BFVBMM2Y?tag=eloabder-20&linkCode=osi&th=1&psc=1"><img src="https://m.media-amazon.com/images/I/31HpHQ7IjxL._SL500_.jpg" alt="Product Image"></a><p>The First Years Renewed Baby Bath Tub - Newborn to Toddler 3-in-1 Baby Tub with Removable Sling - Made with 50% Recycled Material - 0 to 25 LBs</p><p> -10% 0FF </p><p>$26.99</p><a href="https://www.amazon.com/dp/B0BFVBMM2Y?tag=eloabder-20&linkCode=osi&th=1&psc=1">View Product</a></div><div class="product"><a href="https://www.amazon.com/dp/B08XYFMK8K?tag=eloabder-20&linkCode=osi&th=1&psc=1"><img src="https://m.media-amazon.com/images/I/41pzMRjTbyS._SL500_.jpg" alt="Product Image"></a><p>The First Years Rain Shower Baby Bathtub — Baby Spa for Newborn to Toddler — includes Convertible Bathtub and Sling with Soothing Spray — Baby Bath Essentials</p><p> -20% 0FF </p><p>$69.99</p><a href="https://www.amazon.com/dp/B08XYFMK8K?tag=eloabder-20&linkCode=osi&th=1&psc=1">View Product</a></div>
<div class="product"><a href="https://www.amazon.com/dp/B08GFCX964?tag=eloabder-20&linkCode=osi&th=1&psc=1"><img src="https://m.media-amazon.com/images/I/41WRO-OeUjL._SL500_.jpg" alt="Product Image"></a><p>PandaEar Set of 3 Silicone Baby Bibs Waterproof, Soft, Unisex, 10-72 Months (Brown/Blue/Green)</p><p> -27% 0FF </p><p>$8.45</p><a href="https://www.amazon.com/dp/B08GFCX964?tag=eloabder-20&linkCode=osi&th=1&psc=1">View Product</a></div><div class="product"><a href="https://www.amazon.com/dp/B0B152XRC4?tag=eloabder-20&linkCode=osi&th=1&psc=1"><img src="https://m.media-amazon.com/images/I/51OYlHgekxL._SL500_.jpg" alt="Product Image"></a><p>8-Pack Organic Baby Bibs for Boys, Girls - Soft Cotton Drooling and Teething Baby Bibs, Baby Girl Bibs, Baby Boy Bibs, Baby Drool Bibs for Baby Girl, Boy, Newborn Infant Bibs (Sweet Charm)</p><p> -39% 0FF </p><p>$16.96</p><a href="https://www.amazon.com/dp/B0B152XRC4?tag=eloabder-20&linkCode=osi&th=1&psc=1">View Product</a></div>
<div class="product"><a href="https://www.amazon.com/dp/B01CJABFKM?tag=eloabder-20&linkCode=osi&th=1&psc=1"><img src="https://m.media-amazon.com/images/I/41Cy6DIfuuL._SL500_.jpg" alt="Product Image"></a><p>Custom Catch Personalized Baby Blanket for Boys - Blue</p><p> -27% 0FF </p><p>$21.94</p><a href="https://www.amazon.com/dp/B01CJABFKM?tag=eloabder-20&linkCode=osi&th=1&psc=1">View Product</a></div><div class="product"><a href="https://www.amazon.com/dp/B098NY9KW8?tag=eloabder-20&linkCode=osi&th=1&psc=1"><img src="https://m.media-amazon.com/images/I/41k5gWkxQgL._SL500_.jpg" alt="Product Image"></a><p>Momcozy Muslin Swaddle Blankets, Swaddle Blanket for Baby Boys and Girls, 4-Pack Breathable and Skin-Friendly Baby Receiving Blankets Swaddle Wrap, Baby Essentials, Registry & Gift, 47 x 47 inches</p><p> -40% 0FF </p><p>$29.99</p><a href="https://www.amazon.com/dp/B098NY9KW8?tag=eloabder-20&linkCode=osi&th=1&psc=1">View Product</a></div><div class="product"><a href="https://www.amazon.com/dp/B0CNPDMD1R?tag=eloabder-20&linkCode=osi&th=1&psc=1"><img src="https://m.media-amazon.com/images/I/41P19H8j35L._SL500_.jpg" alt="Product Image"></a><p>Yurhap Fleece Baby Blanket Heart Checkered Blanket, Ultra Soft Cozy Baby Blankets for Girls Boys, Fluffy Infant Toddler Newborn Receiving Blankets for Crib Stroller 30”×40” (Light Pink)</p><p> -33% 0FF </p><p>$9.99</p><a href="https://www.amazon.com/dp/B0CNPDMD1R?tag=eloabder-20&linkCode=osi&th=1&psc=1">View Product</a></div><div class="product"><a href="https://www.amazon.com/dp/B0B3J7RYTF?tag=eloabder-20&linkCode=osi&th=1&psc=1"><img src="https://m.media-amazon.com/images/I/41xEsOQY4yL._SL500_.jpg" alt="Product Image"></a><p>Konssy Waffle Baby Blankets, Nursery Blankets for Boys Girls, Swaddle Blankets Neutral Soft Lightweight Toddler and Kids Throw Blankets(Oat)</p><p> -23% 0FF </p><p>$22.99</p><a href="https://www.amazon.com/dp/B0B3J7RYTF?tag=eloabder-20&linkCode=osi&th=1&psc=1">View Product</a></div><div class="product"><a href="https://www.amazon.com/dp/B0BD6TPYXR?tag=eloabder-20&linkCode=osi&th=1&psc=1"><img src="https://m.media-amazon.com/images/I/51SPJrzTpKL._SL500_.jpg" alt="Product Image"></a><p>Konssy Baby Blankets for Unisex Boys Girls, Super Soft Nursery Minky Blankets with Muslin Cotton Front and Dotted Fleece Backing, Printed Bed Throws Newborn</p><p> -10% 0FF </p><p>$18.99</p><a href="https://www.amazon.com/dp/B0BD6TPYXR?tag=eloabder-20&linkCode=osi&th=1&psc=1">View Product</a></div>
<div class="product"><a href="https://www.amazon.com/dp/B081FTXL88?tag=eloabder-20&linkCode=osi&th=1&psc=1"><img src="https://m.media-amazon.com/images/I/31S6fvevhIL._SL500_.jpg" alt="Product Image"></a><p>Munchkin® Bristle™ Bottle Brush, Grey</p><p> -23% 0FF </p><p>$4.47</p><a href="https://www.amazon.com/dp/B081FTXL88?tag=eloabder-20&linkCode=osi&th=1&psc=1">View Product</a></div><div class="product"><a href="https://www.amazon.com/dp/B082PZ44M9?tag=eloabder-20&linkCode=osi&th=1&psc=1"><img src="https://m.media-amazon.com/images/I/21NI5khXnaL._SL500_.jpg" alt="Product Image"></a><p>Boon Cacti Bottle Cleaning Brush Set - Includes Bottle Brush, Nipple Brush, Detail Brush, and Straw Brush - Baby Bottle Brush Set for Bottle Drying Rack - Baby Essentials - 4 Count</p><p> -12% 0FF </p><p>$13.49</p><a href="https://www.amazon.com/dp/B082PZ44M9?tag=eloabder-20&linkCode=osi&th=1&psc=1">View Product</a></div><div class="product"><a href="https://www.amazon.com/dp/B0CQKF5CWS?tag=eloabder-20&linkCode=osi&th=1&psc=1"><img src="https://m.media-amazon.com/images/I/31RoBDDbg3L._SL500_.jpg" alt="Product Image"></a><p>Munchkin® Bristle™ Bottle Brush, Modern Design, Grey</p><p> -23% 0FF </p><p>$4.47</p><a href="https://www.amazon.com/dp/B0CQKF5CWS?tag=eloabder-20&linkCode=osi&th=1&psc=1">View Product</a></div><div class="product"><a href="https://www.amazon.com/dp/B01968GERY?tag=eloabder-20&linkCode=osi&th=1&psc=1"><img src="https://m.media-amazon.com/images/I/21rubIV8FNL._SL500_.jpg" alt="Product Image"></a><p>NUK Triple Action Baby Bottle & Nipple Brush, 3 Powerful Cleaning Materials - Bristles, Sponge, & Scruber, Non-Slip Handle, Odor Resistant, Top Rack Dishwasher Safe</p><p> -54% 0FF </p><p>$4.49</p><a href="https://www.amazon.com/dp/B01968GERY?tag=eloabder-20&linkCode=osi&th=1&psc=1">View Product</a></div>
<div class="product"><a href="https://www.amazon.com/dp/B09CGTPJSL?tag=eloabder-20&linkCode=osi&th=1&psc=1"><img src="https://m.media-amazon.com/images/I/31O1L+MYMxL._SL500_.jpg" alt="Product Image"></a><p>Baby Bottle Sterilizer | Esterilizador de Biberones, 6-in-1 HAUTURE Bottle Sterilizer and Dryer, Electric Steam Bottle Sanitizer for Baby Stuffs, Baby Bottles & Breast Pump Accessories</p><p> -10% 0FF </p><p>$69.98</p><a href="https://www.amazon.com/dp/B09CGTPJSL?tag=eloabder-20&linkCode=osi&th=1&psc=1">View Product</a></div><div class="product"><a href="https://www.amazon.com/dp/B007VBXKG2?tag=eloabder-20&linkCode=osi&th=1&psc=1"><img src="https://m.media-amazon.com/images/I/315F64OEQHL._SL500_.jpg" alt="Product Image"></a><p>Philips AVENT Microwave Steam Sterilizer for Baby Bottles, Pacifiers, Cups and More, SCF281/05</p><p> -29% 0FF </p><p>$22.79</p><a href="https://www.amazon.com/dp/B007VBXKG2?tag=eloabder-20&linkCode=osi&th=1&psc=1">View Product</a></div><div class="product"><a href="https://www.amazon.com/dp/B09HJDX5S6?tag=eloabder-20&linkCode=osi&th=1&psc=1"><img src="https://m.media-amazon.com/images/I/41rjM6KCAmL._SL500_.jpg" alt="Product Image"></a><p>Baby Brezza Bottle Sterilizer and Dryer Advanced – Electric Steam Sterilization Machine Universal Sterilizing for All Bottles: Plastic + Glass Pacifiers Breast Pump Parts - HEPA Filtration</p><p> -15% 0FF </p><p>$118.99</p><a href="https://www.amazon.com/dp/B09HJDX5S6?tag=eloabder-20&linkCode=osi&th=1&psc=1">View Product</a></div><div class="product"><a href="https://www.amazon.com/dp/B0D474DSB6?tag=eloabder-20&linkCode=osi&th=1&psc=1"><img src="https://m.media-amazon.com/images/I/41p78Of58KL._SL500_.jpg" alt="Product Image"></a><p>Bottle Sterilizer and Dryer, HIYAKOI Electric Steam Baby Bottle Sterilizer and Dryer, All-in-One Sterilizer 2 Layers Large for Baby Bottles, Parts & Other Newborn Essentials - HEPA Filtration</p><p> -38% 0FF </p><p>$49.99</p><a href="https://www.amazon.com/dp/B0D474DSB6?tag=eloabder-20&linkCode=osi&th=1&psc=1">View Product</a></div><div class="product"><a href="https://www.amazon.com/dp/B0CQQFFQKJ?tag=eloabder-20&linkCode=osi&th=1&psc=1"><img src="https://m.media-amazon.com/images/I/41tQNekOelL._SL500_.jpg" alt="Product Image"></a><p>Momcozy Bottle Sterilizer and Dryer, 8-in-1 Electric Steam Baby Bottle Sterilizer for Baby Bottles, Baby stuffs & Breast Pump Accessories</p><p> -36% 0FF </p><p>$63.99</p><a href="https://www.amazon.com/dp/B0CQQFFQKJ?tag=eloabder-20&linkCode=osi&th=1&psc=1">View Product</a></div><div class="product"><a href="https://www.amazon.com/dp/B09HH7HSGV?tag=eloabder-20&linkCode=osi&th=1&psc=1"><img src="https://m.media-amazon.com/images/I/31tOSRxwFYL._SL500_.jpg" alt="Product Image"></a><p>GROWNSY Bottle Sterilizer and Dryer, 2024 Compact Electric Steam Baby Bottle Sterilizer (Esterilizador de Biberones), Bottle Sanitizer for Baby Bottles, Pacifiers, Pump Parts</p><p> -33% 0FF </p><p>$59.99</p><a href="https://www.amazon.com/dp/B09HH7HSGV?tag=eloabder-20&linkCode=osi&th=1&psc=1">View Product</a></div>
<div class="product"><a href="https://www.amazon.com/dp/B07G4KBQJ7?tag=eloabder-20&linkCode=osi&th=1&psc=1"><img src="https://m.media-amazon.com/images/I/41WM4mOjQiL._SL500_.jpg" alt="Product Image"></a><p>Evenflo Feeding Classic Tinted Plastic Standard Neck Bottles for Baby, Infant and Newborn, Pink/Lavender/Teal, 8 Ounce (Pack of 12)</p><p> -27% 0FF </p><p>$10.19</p><a href="https://www.amazon.com/dp/B07G4KBQJ7?tag=eloabder-20&linkCode=osi&th=1&psc=1">View Product</a></div><div class="product"><a href="https://www.amazon.com/dp/B00N9X4YZW?tag=eloabder-20&linkCode=osi&th=1&psc=1"><img src="https://m.media-amazon.com/images/I/51kDCJ8oQmL._SL500_.jpg" alt="Product Image"></a><p>Evenflo Feeding Classic Tinted Plastic Standard Neck Bottles for Baby, Infant and Newborn - Teal/Green/Blue, 8 Ounce (Pack of 12)</p><p> -31% 0FF </p><p>$9.68</p><a href="https://www.amazon.com/dp/B00N9X4YZW?tag=eloabder-20&linkCode=osi&th=1&psc=1">View Product</a></div><div class="product"><a href="https://www.amazon.com/dp/B07DCQKC33?tag=eloabder-20&linkCode=osi&th=1&psc=1"><img src="https://m.media-amazon.com/images/I/41jfe6zVMgL._SL500_.jpg" alt="Product Image"></a><p>Dr. Brown's Anti-Colic Baby Feeding Set with Slow Flow Nipples, Travel Caps, Silicone Pacifier - Pink</p><p> -20% 0FF </p><p>$18.41</p><a href="https://www.amazon.com/dp/B07DCQKC33?tag=eloabder-20&linkCode=osi&th=1&psc=1">View Product</a></div>
<div class="product"><a href="https://www.amazon.com/dp/B095F28Q6J?tag=eloabder-20&linkCode=osi&th=1&psc=1"><img src="https://m.media-amazon.com/images/I/311FVQReZOL._SL500_.jpg" alt="Product Image"></a><p>Baby Delight Alpine Deluxe Portable Bouncer, Infant, 0-6 Months, 100% GOTS Certified Cotton Fabrics, Organic Oat</p><p> -22% 0FF </p><p>$69.99</p><a href="https://www.amazon.com/dp/B095F28Q6J?tag=eloabder-20&linkCode=osi&th=1&psc=1">View Product</a></div><div class="product"><a href="https://www.amazon.com/dp/B0BLP5G5FJ?tag=eloabder-20&linkCode=osi&th=1&psc=1"><img src="https://m.media-amazon.com/images/I/41F7YHDOEGL._SL500_.jpg" alt="Product Image"></a><p>Bright Starts Playful Paradise Comfy Baby Bouncer Seat with Soothing Vibration and Toys, Unisex, 0-6 Months</p><p> -26% 0FF </p><p>$22.11</p><a href="https://www.amazon.com/dp/B0BLP5G5FJ?tag=eloabder-20&linkCode=osi&th=1&psc=1">View Product</a></div><div class="product"><a href="https://www.amazon.com/dp/B016DAWD3W?tag=eloabder-20&linkCode=osi&th=1&psc=1"><img src="https://m.media-amazon.com/images/I/31SssXA+BHL._SL500_.jpg" alt="Product Image"></a><p>BabyBjörn Bouncer Balance Soft, Cotton/Jersey, Dark Gray/Gray (005084US)</p><p> -14% 0FF </p><p>$179.99</p><a href="https://www.amazon.com/dp/B016DAWD3W?tag=eloabder-20&linkCode=osi&th=1&psc=1">View Product</a></div><div class="product"><a href="https://www.amazon.com/dp/B07C9ZR2VC?tag=eloabder-20&linkCode=osi&th=1&psc=1"><img src="https://m.media-amazon.com/images/I/41wSBC1+j4L._SL500_.jpg" alt="Product Image"></a><p>Smart Steps Trend EZ Bouncer, Bluebell</p><p> -45% 0FF </p><p>$29.99</p><a href="https://www.amazon.com/dp/B07C9ZR2VC?tag=eloabder-20&linkCode=osi&th=1&psc=1">View Product</a></div>
<div class="product"><a href="https://www.amazon.com/dp/B07XMN3SK6?tag=eloabder-20&linkCode=osi&th=1&psc=1"><img src="https://m.media-amazon.com/images/I/41bHS4nTJ2L._SL500_.jpg" alt="Product Image"></a><p>Infantino Flip 4-in-1 Carrier - Ergonomic for Newborns and Older Babies 8-32 lbs</p><p> -21% 0FF </p><p>$29.99</p><a href="https://www.amazon.com/dp/B07XMN3SK6?tag=eloabder-20&linkCode=osi&th=1&psc=1">View Product</a></div><div class="product"><a href="https://www.amazon.com/dp/B0743L6R1T?tag=eloabder-20&linkCode=osi&th=1&psc=1"><img src="https://m.media-amazon.com/images/I/31ZGsR+w+1L._SL500_.jpg" alt="Product Image"></a><p>Ergobaby Omni 360 All-Position Baby Carrier for Newborn to Toddler with Lumbar Support (7-45 Pounds), Pearl Grey, One Size (Pack of 1)</p><p> -39% 0FF </p><p>$110.00</p><a href="https://www.amazon.com/dp/B0743L6R1T?tag=eloabder-20&linkCode=osi&th=1&psc=1">View Product</a></div><div class="product"><a href="https://www.amazon.com/dp/B0CDQ1XH6W?tag=eloabder-20&linkCode=osi&th=1&psc=1"><img src="https://m.media-amazon.com/images/I/41kAV5NXZBL._SL500_.jpg" alt="Product Image"></a><p>Momcozy Baby Carrier Newborn to Toddler - Ergonomic, Cozy and Lightweight Infant Carrier for 7-44lbs, Effortless to Put On, Ideal for Hands-Free Parenting, Enhanced Lumbar Support, Leopard</p><p> -8% 0FF </p><p>$59.99</p><a href="https://www.amazon.com/dp/B0CDQ1XH6W?tag=eloabder-20&linkCode=osi&th=1&psc=1">View Product</a></div><div class="product"><a href="https://www.amazon.com/dp/B005SP2LWW?tag=eloabder-20&linkCode=osi&th=1&psc=1"><img src="https://m.media-amazon.com/images/I/31fYPOjdFrL._SL500_.jpg" alt="Product Image"></a><p>Boba Baby Wrap Carrier - Original Baby Carrier Wrap Sling for Newborns - Baby Wearing Essentials - Newborn Wrap Swaddle Holder, Newborn to Toddler Infant Sling (Grey)</p><p> -19% 0FF </p><p>$32.49</p><a href="https://www.amazon.com/dp/B005SP2LWW?tag=eloabder-20&linkCode=osi&th=1&psc=1">View Product</a></div><div class="product"><a href="https://www.amazon.com/dp/B098X8WS7Y?tag=eloabder-20&linkCode=osi&th=1&psc=1"><img src="https://m.media-amazon.com/images/I/41az3xS82UL._SL500_.jpg" alt="Product Image"></a><p>Momcozy Baby Wrap Carrier, Easy to Wear Infant Carrier Slings, Lightweight Hands Free Baby Sling, Adjustable Baby Carriers for Newborn to Toddler 8-35 lbs, Black</p><p> -28% 0FF </p><p>$32.99</p><a href="https://www.amazon.com/dp/B098X8WS7Y?tag=eloabder-20&linkCode=osi&th=1&psc=1">View Product</a></div>
<div class="product"><a href="https://www.amazon.com/dp/B01N3MYVZM?tag=eloabder-20&linkCode=osi&th=1&psc=1"><img src="https://m.media-amazon.com/images/I/41CLrlYJDnL._SL500_.jpg" alt="Product Image"></a><p>Graco SlimFit 3-in-1 Convertible Car Seat, Ultra-Space-Saving Design, Darcie, Suitable for Rear and Forward-Facing, Highback Booster Seat with 10-Position Headrest</p><p> -21% 0FF </p><p>$157.99</p><a href="https://www.amazon.com/dp/B01N3MYVZM?tag=eloabder-20&linkCode=osi&th=1&psc=1">View Product</a></div><div class="product"><a href="https://www.amazon.com/dp/B07J37RTPG?tag=eloabder-20&linkCode=osi&th=1&psc=1"><img src="https://m.media-amazon.com/images/I/41fGAx7LcGL._SL500_.jpg" alt="Product Image"></a><p>Graco 4Ever DLX 4-in-1 Car Seat, Grey, Infant to Toddler Car Seat, with 10 Years of Use, Rear-facing, Forward-facing and Booster Modes, Safe, Comfortable and Convenient</p><p> -7% 0FF </p><p>$279.00</p><a href="https://www.amazon.com/dp/B07J37RTPG?tag=eloabder-20&linkCode=osi&th=1&psc=1">View Product</a></div><div class="product"><a href="https://www.amazon.com/dp/B07R9H1JC9?tag=eloabder-20&linkCode=osi&th=1&psc=1"><img src="https://m.media-amazon.com/images/I/41NwO9xrBGL._SL500_.jpg" alt="Product Image"></a><p>Graco Grows4Me 4-in-1 Car Seat, Convertible Infant to Toddler Car Seat and Booster, West Point Design, for 10 Years of Safe, Comfortable Journeys</p><p> -29% 0FF </p><p>$199.99</p><a href="https://www.amazon.com/dp/B07R9H1JC9?tag=eloabder-20&linkCode=osi&th=1&psc=1">View Product</a></div>
<div class="product"><a href="https://www.amazon.com/dp/B08RN8G58P?tag=eloabder-20&linkCode=osi&th=1&psc=1"><img src="https://m.media-amazon.com/images/I/41Qid-FWhYL._SL500_.jpg" alt="Product Image"></a><p>Baby Portable Changing Pad Travel - Waterproof Compact Diaper Changing Mat with Built-in Pillow - Lightweight & Foldable Changing Station, Newborn Shower Gifts</p><p> -29% 0FF </p><p>$9.99</p><a href="https://www.amazon.com/dp/B08RN8G58P?tag=eloabder-20&linkCode=osi&th=1&psc=1">View Product</a></div><div class="product"><a href="https://www.amazon.com/dp/B089XVKJSL?tag=eloabder-20&linkCode=osi&th=1&psc=1"><img src="https://m.media-amazon.com/images/I/51qlzLJHUWL._SL500_.jpg" alt="Product Image"></a><p>Portable Diaper Changing Pad - Waterproof Foldable Baby Changing Mat - Travel Diaper Change Mat - Lightweight Changing Pads for Baby - Baby Changer - Machine Washable (Black Geo)</p><p> -7% 0FF </p><p>$12.96</p><a href="https://www.amazon.com/dp/B089XVKJSL?tag=eloabder-20&linkCode=osi&th=1&psc=1">View Product</a></div><div class="product"><a href="https://www.amazon.com/dp/B08PH9Y6QS?tag=eloabder-20&linkCode=osi&th=1&psc=1"><img src="https://m.media-amazon.com/images/I/21cBsus1AHL._SL500_.jpg" alt="Product Image"></a><p>Regalo Baby Basics Infant Changing Pad, White , 31x16x4 Inch (Pack of 1)</p><p> -33% 0FF </p><p>$19.99</p><a href="https://www.amazon.com/dp/B08PH9Y6QS?tag=eloabder-20&linkCode=osi&th=1&psc=1">View Product</a></div>
<div class="product"><a href="https://www.amazon.com/dp/B07GFNVLS2?tag=eloabder-20&linkCode=osi&th=1&psc=1"><img src="https://m.media-amazon.com/images/I/31T-p4V5gsL._SL500_.jpg" alt="Product Image"></a><p>Gerber Unisex Baby Multi-Pack Long-Sleeve Onesies Bodysuit Mitten Cuff Sizes 6-Pack Mitten Cuff 0-3 Months</p><p> -12% 0FF </p><p>$15.81</p><a href="https://www.amazon.com/dp/B07GFNVLS2?tag=eloabder-20&linkCode=osi&th=1&psc=1">View Product</a></div><div class="product"><a href="https://www.amazon.com/dp/B0CP3NQCN3?tag=eloabder-20&linkCode=osi&th=1&psc=1"><img src="https://m.media-amazon.com/images/I/41MpsB3rYcL._SL500_.jpg" alt="Product Image"></a><p>Kaipiclos Newborn Infant Girl Clothes Rib Knit Romper Daisy Print Pants Headband Baby Clothes for Girls 0 3 6 12 18 24 Months</p><p> -10% 0FF </p><p>$14.99</p><a href="https://www.amazon.com/dp/B0CP3NQCN3?tag=eloabder-20&linkCode=osi&th=1&psc=1">View Product</a></div><div class="product"><a href="https://www.amazon.com/dp/B0D88Z7VLZ?tag=eloabder-20&linkCode=osi&th=1&psc=1"><img src="https://m.media-amazon.com/images/I/41Au0yzblbL._SL500_.jpg" alt="Product Image"></a><p>Burt's Bees Baby Baby Boys Pajamas, Sleep and Play Loose Fit, 100% Organic Cotton, Soft One-piece PJs, Diagonal Zip Up Jumpsuit Newborn Essentials with Interior Zipper Guard in sizes NB to 6-9 Months</p><p> -49% 0FF </p><p>$7.60</p><a href="https://www.amazon.com/dp/B0D88Z7VLZ?tag=eloabder-20&linkCode=osi&th=1&psc=1">View Product</a></div>
<div class="product"><a href="https://www.amazon.com/dp/B002FQK8IQ?tag=eloabder-20&linkCode=osi&th=1&psc=1"><img src="https://m.media-amazon.com/images/I/41WTSrhkJ4L._SL500_.jpg" alt="Product Image"></a><p>Safety 1st Easy Grip Brush and Comb, Colors May Vary</p><p> -23% 0FF </p><p>$4.59</p><a href="https://www.amazon.com/dp/B002FQK8IQ?tag=eloabder-20&linkCode=osi&th=1&psc=1">View Product</a></div><div class="product"><a href="https://www.amazon.com/dp/B07T16DQ31?tag=eloabder-20&linkCode=osi&th=1&psc=1"><img src="https://m.media-amazon.com/images/I/41Grt+V3Q7L._SL500_.jpg" alt="Product Image"></a><p>Frida Baby The 3-Step Cradle Cap System, DermaFrida The FlakeFixer, Sponge, Brush, Comb and Storage Stand for Babies with Cradle Cap, White-Blue</p><p> -15% 0FF </p><p>$14.44</p><a href="https://www.amazon.com/dp/B07T16DQ31?tag=eloabder-20&linkCode=osi&th=1&psc=1">View Product</a></div>
<div class="product"><a href="https://www.amazon.com/dp/B071K5T5Q2?tag=eloabder-20&linkCode=osi&th=1&psc=1"><img src="https://m.media-amazon.com/images/I/21rvQFmQBLL._SL500_.jpg" alt="Product Image"></a><p>The Honest Company Silicone-Free Conditioner | Gentle for Baby | Naturally Derived, Tear-free, Hypoallergenic | Fragrance Free Sensitive, 10 fl oz</p><p> -16% 0FF </p><p>$10.10 ($1.01 / Fl Oz)</p><a href="https://www.amazon.com/dp/B071K5T5Q2?tag=eloabder-20&linkCode=osi&th=1&psc=1">View Product</a></div><div class="product"><a href="https://www.amazon.com/dp/B07DGJ57P7?tag=eloabder-20&linkCode=osi&th=1&psc=1"><img src="https://m.media-amazon.com/images/I/31AEfjD6FyL._SL500_.jpg" alt="Product Image"></a><p>Johnson's Baby No More Tangles 2-in-1 Detangling Hair Shampoo & Conditioner for Kids & Toddlers, Gentle & Tear-Free, Hypoallergenic & Free of Parabens, Phthalates, Sulfates & Dyes, 20.3 fl. oz</p><p> -7% 0FF </p><p>$6.29 ($0.31 / Fl Oz)</p><a href="https://www.amazon.com/dp/B07DGJ57P7?tag=eloabder-20&linkCode=osi&th=1&psc=1">View Product</a></div><div class="product"><a href="https://www.amazon.com/dp/B07S89SL7D?tag=eloabder-20&linkCode=osi&th=1&psc=1"><img src="https://m.media-amazon.com/images/I/313C69-mF6L._SL500_.jpg" alt="Product Image"></a><p>Johnson's Baby Curl Defining Tear-Free Kids' Leave-in Conditioner with Shea Butter, Paraben-, Sulfate- & Dye-Free Formula, Hypoallergenic & Gentle for Toddlers' Hair, 6.8 fl. Oz</p><p> -28% 0FF </p><p>$6.11 ($0.90 / Fl Oz)</p><a href="https://www.amazon.com/dp/B07S89SL7D?tag=eloabder-20&linkCode=osi&th=1&psc=1">View Product</a></div><div class="product"><a href="https://www.amazon.com/dp/B07S7BPB2Q?tag=eloabder-20&linkCode=osi&th=1&psc=1"><img src="https://m.media-amazon.com/images/I/31DemfdZoNL._SL500_.jpg" alt="Product Image"></a><p>Johnson's Baby Shiny & Soft Tear-Free Kids' Hair Conditioning Spray with Argan Oil & Silk Proteins, Paraben, Sulfate & Dye-Free Formula, Hypoallergenic & Gentle for Toddlers, 10 Fl Oz</p><p> -33% 0FF </p><p>$5.66 ($0.57 / Fl Oz)</p><a href="https://www.amazon.com/dp/B07S7BPB2Q?tag=eloabder-20&linkCode=osi&th=1&psc=1">View Product</a></div><div class="product"><a href="https://www.amazon.com/dp/B0CJP91HN7?tag=eloabder-20&linkCode=osi&th=1&psc=1"><img src="https://m.media-amazon.com/images/I/41Z4G7wsFWL._SL500_.jpg" alt="Product Image"></a><p>ECOLATIÈR Kids Hair Balm Easy Detangling 3+ - Toddler Hair Conditioner, Tear-Free, 96.8% Natural, Vegan, Strengthens & Softens Kids' Hair, No Irritation - 8.5 Fl Oz</p><p> -14% 0FF </p><p>$9.49 ($1.12 / Ounce)</p><a href="https://www.amazon.com/dp/B0CJP91HN7?tag=eloabder-20&linkCode=osi&th=1&psc=1">View Product</a></div>
<div class="product"><a href="https://www.amazon.com/dp/B07Y3WQHZ6?tag=eloabder-20&linkCode=osi&th=1&psc=1"><img src="https://m.media-amazon.com/images/I/41Ai-kbx6LL._SL500_.jpg" alt="Product Image"></a><p>Delta Children Essex 4-in-1 Convertible Baby Crib, Bianca White with Natural Legs</p><p> -34% 0FF </p><p>$145.96</p><a href="https://www.amazon.com/dp/B07Y3WQHZ6?tag=eloabder-20&linkCode=osi&th=1&psc=1">View Product</a></div><div class="product"><a href="https://www.amazon.com/dp/B00LFP61PW?tag=eloabder-20&linkCode=osi&th=1&psc=1"><img src="https://m.media-amazon.com/images/I/41jj-ehw-vL._SL500_.jpg" alt="Product Image"></a><p>Graco Benton 5-in-1 Convertible Crib (White) – GREENGUARD Gold Certified, Converts from Baby Crib to Toddler Bed, Daybed and Full-Size Bed, Fits Standard Full-Size Crib Mattress</p><p> -20% 0FF </p><p>$159.99</p><a href="https://www.amazon.com/dp/B00LFP61PW?tag=eloabder-20&linkCode=osi&th=1&psc=1">View Product</a></div><div class="product"><a href="https://www.amazon.com/dp/B00EANJX5Q?tag=eloabder-20&linkCode=osi&th=1&psc=1"><img src="https://m.media-amazon.com/images/I/41+kxqP4icL._SL500_.jpg" alt="Product Image"></a><p>Dream On Me Synergy 5-In-1 Convertible Crib In White, Greenguard Gold Certified</p><p> -31% 0FF </p><p>$137.20</p><a href="https://www.amazon.com/dp/B00EANJX5Q?tag=eloabder-20&linkCode=osi&th=1&psc=1">View Product</a></div><div class="product"><a href="https://www.amazon.com/dp/B08D4N5RKW?tag=eloabder-20&linkCode=osi&th=1&psc=1"><img src="https://m.media-amazon.com/images/I/41sUNWg3sBL._SL500_.jpg" alt="Product Image"></a><p>Graco Hadley 5-in-1 Convertible Crib and Changer with Drawer (White) – GREENGUARD Gold Certified, Crib and Changing -Table Combo with Drawer, Includes Baby Changing Pad, Converts to Full-Size Bed</p><p> -18% 0FF </p><p>$359.99</p><a href="https://www.amazon.com/dp/B08D4N5RKW?tag=eloabder-20&linkCode=osi&th=1&psc=1">View Product</a></div><div class="product"><a href="https://www.amazon.com/dp/B08PMJBN33?tag=eloabder-20&linkCode=osi&th=1&psc=1"><img src="https://m.media-amazon.com/images/I/416ZYsREZOL._SL500_.jpg" alt="Product Image"></a><p>Oxford Baby North Bay 4-in-1 Convertible Baby Crib, Dove Gray, GreenGuard Gold Certified</p><p> -18% 0FF </p><p>$188.09</p><a href="https://www.amazon.com/dp/B08PMJBN33?tag=eloabder-20&linkCode=osi&th=1&psc=1">View Product</a></div><div class="product"><a href="https://www.amazon.com/dp/B078WTVBVW?tag=eloabder-20&linkCode=osi&th=1&psc=1"><img src="https://m.media-amazon.com/images/I/41NpHX4YnfL._SL500_.jpg" alt="Product Image"></a><p>Dream On Me Jayden 4-in-1 Mini Convertible Crib And Changer in Storm Grey, Greenguard Gold Certified, Non-Toxic Finish, New Zealand Pinewood, 1" Mattress Pad</p><p> -35% 0FF </p><p>$259.99</p><a href="https://www.amazon.com/dp/B078WTVBVW?tag=eloabder-20&linkCode=osi&th=1&psc=1">View Product</a></div>
<div class="product"><a href="https://www.amazon.com/dp/B01M4QMQ4B?tag=eloabder-20&linkCode=osi&th=1&psc=1"><img src="https://m.media-amazon.com/images/I/317ardc5Y-L._SL500_.jpg" alt="Product Image"></a><p>The Honest Company 2-in-1 Cleansing Shampoo + Body Wash | Gentle for Baby | Naturally Derived, Tear-free, Hypoallergenic | Lavender Calm, 10 fl oz</p><p> -8% 0FF </p><p>$10.99 ($1.10 / Fl Oz)</p><a href="https://www.amazon.com/dp/B01M4QMQ4B?tag=eloabder-20&linkCode=osi&th=1&psc=1">View Product</a></div><div class="product"><a href="https://www.amazon.com/dp/B09MVMNW5M?tag=eloabder-20&linkCode=osi&th=1&psc=1"><img src="https://m.media-amazon.com/images/I/41GDxpQsmOL._SL500_.jpg" alt="Product Image"></a><p>Cetaphil Baby Wash & Shampoo, 13.5oz Pack of 2, Hypoallergenic, Gentle Enough for Everyday Use, Soap Free</p><p> -10% 0FF </p><p>$16.99</p><a href="https://www.amazon.com/dp/B09MVMNW5M?tag=eloabder-20&linkCode=osi&th=1&psc=1">View Product</a></div><div class="product"><a href="https://www.amazon.com/dp/B0CZY44GD2?tag=eloabder-20&linkCode=osi&th=1&psc=1"><img src="https://m.media-amazon.com/images/I/31Gh3bZjFXL._SL500_.jpg" alt="Product Image"></a><p>Aveeno Baby Healthy Start Nourishing Newborn Wash, Hypoallergenic Baby Body Wash with Prebiotic Oat Gently Cleanses Delicate Newborn Skin, Fragrance-Free, Tear-Free, Paraben-Free, 8 fl. oz</p><p> -21% 0FF </p><p>$7.01 ($0.88 / Fl Oz)</p><a href="https://www.amazon.com/dp/B0CZY44GD2?tag=eloabder-20&linkCode=osi&th=1&psc=1">View Product</a></div>
<div class="product"><a href="https://www.amazon.com/dp/B07M6FL57T?tag=eloabder-20&linkCode=osi&th=1&psc=1"><img src="https://m.media-amazon.com/images/I/51iE4BjVpYL._SL500_.jpg" alt="Product Image"></a><p>Huggies Newborn Diapers, Little Snugglers Baby Diapers, Size Newborn (up to 10 lbs), 31 Count</p><p> -19% 0FF </p><p>$9.94 ($0.32 / Count)</p><a href="https://www.amazon.com/dp/B07M6FL57T?tag=eloabder-20&linkCode=osi&th=1&psc=1">View Product</a></div><div class="product"><a href="https://www.amazon.com/dp/B0CHGCDYJJ?tag=eloabder-20&linkCode=osi&th=1&psc=1"><img src="https://m.media-amazon.com/images/I/41csgXalIEL._SL500_.jpg" alt="Product Image"></a><p>Huggies Size Newborn Diapers, Skin Essentials Baby Diapers, Size Newborn (6-9 lbs), 31 Count</p><p> -19% 0FF </p><p>$9.94 ($0.32 / Count)</p><a href="https://www.amazon.com/dp/B0CHGCDYJJ?tag=eloabder-20&linkCode=osi&th=1&psc=1">View Product</a></div><div class="product"><a href="https://www.amazon.com/dp/B082QBHW74?tag=eloabder-20&linkCode=osi&th=1&psc=1"><img src="https://m.media-amazon.com/images/I/41z+Jw1td2L._SL500_.jpg" alt="Product Image"></a><p>Pampers Pure Protection Diapers Newborn - Size 0, 76 Count, Hypoallergenic Premium Disposable Baby Diapers</p><p> -19% 0FF </p><p>$22.79 ($0.30 / Count)</p><a href="https://www.amazon.com/dp/B082QBHW74?tag=eloabder-20&linkCode=osi&th=1&psc=1">View Product</a></div><div class="product"><a href="https://www.amazon.com/dp/B07M6FL9V2?tag=eloabder-20&linkCode=osi&th=1&psc=1"><img src="https://m.media-amazon.com/images/I/51JPrk+N-RL._SL500_.jpg" alt="Product Image"></a><p>Huggies Size 4 Diapers, Little Movers Baby Diapers, Size 4 (22-37 lbs), 22 Count (Packaging May Vary)</p><p> -19% 0FF </p><p>$9.94 ($0.45 / Count)</p><a href="https://www.amazon.com/dp/B07M6FL9V2?tag=eloabder-20&linkCode=osi&th=1&psc=1">View Product</a></div><div class="product"><a href="https://www.amazon.com/dp/B07T2QM32L?tag=eloabder-20&linkCode=osi&th=1&psc=1"><img src="https://m.media-amazon.com/images/I/41w5IxTMsnL._SL500_.jpg" alt="Product Image"></a><p>Amazon Brand - Mama Bear Gentle Touch Diapers, Hypoallergenic, Size 6, 27 Count, White</p><p> -10% 0FF </p><p>$11.32</p><a href="https://www.amazon.com/dp/B07T2QM32L?tag=eloabder-20&linkCode=osi&th=1&psc=1">View Product</a></div>
<div class="product"><a href="https://www.amazon.com/dp/B001OC5UMQ?tag=eloabder-20&linkCode=osi&th=1&psc=1"><img src="https://m.media-amazon.com/images/I/413nT5TZ9sL._SL500_.jpg" alt="Product Image"></a><p>Regalo Easy Step 38.5-Inch Wide Walk Thru Baby Gate, Includes 6-Inch Extension Kit, Pressure Mount Kit, Wall Cups</p><p> -22% 0FF </p><p>$34.99</p><a href="https://www.amazon.com/dp/B001OC5UMQ?tag=eloabder-20&linkCode=osi&th=1&psc=1">View Product</a></div><div class="product"><a href="https://www.amazon.com/dp/B075XQ2XYV?tag=eloabder-20&linkCode=osi&th=1&psc=1"><img src="https://m.media-amazon.com/images/I/51+9Fa+FH3L._SL500_.jpg" alt="Product Image"></a><p>Evenflo Position & Lock Baby Gate, Pressure-Mounted, Farmhouse Collection</p><p> -9% 0FF </p><p>$19.98</p><a href="https://www.amazon.com/dp/B075XQ2XYV?tag=eloabder-20&linkCode=osi&th=1&psc=1">View Product</a></div><div class="product"><a href="https://www.amazon.com/dp/B01BTUNHSQ?tag=eloabder-20&linkCode=osi&th=1&psc=1"><img src="https://m.media-amazon.com/images/I/31nuC-O3n9L._SL500_.jpg" alt="Product Image"></a><p>Safety 1st Easy Install 28" High Walk Thru Gate, Fits Between 29" and 38"</p><p> -10% 0FF </p><p>$44.99</p><a href="https://www.amazon.com/dp/B01BTUNHSQ?tag=eloabder-20&linkCode=osi&th=1&psc=1">View Product</a></div><div class="product"><a href="https://www.amazon.com/dp/B07WFZSW72?tag=eloabder-20&linkCode=osi&th=1&psc=1"><img src="https://m.media-amazon.com/images/I/41nc627IqxL._SL500_.jpg" alt="Product Image"></a><p>Cumbor 29.7-46" Baby Gate for Stairs, Mom's Choice Awards Winner-Auto Close Dog Gate for the House, Easy Install Pressure Mounted Pet Gates for Doorways, Easy Walk Thru Wide Safety Gate for Dog, Black</p><p> -10% 0FF </p><p>$89.99</p><a href="https://www.amazon.com/dp/B07WFZSW72?tag=eloabder-20&linkCode=osi&th=1&psc=1">View Product</a></div><div class="product"><a href="https://www.amazon.com/dp/B09F36M2T5?tag=eloabder-20&linkCode=osi&th=1&psc=1"><img src="https://m.media-amazon.com/images/I/416tulkEC2L._SL500_.jpg" alt="Product Image"></a><p>COMOMY 36" Extra Tall Baby Gate for Stairs Doorways, Fits Openings 29.5" to 48.8" Wide, Auto Close Extra Wide Dog Gate for House, Pressure Mounted Easy Walk Through Pet Gate with Door, Black</p><p> -13% 0FF </p><p>$69.99</p><a href="https://www.amazon.com/dp/B09F36M2T5?tag=eloabder-20&linkCode=osi&th=1&psc=1">View Product</a></div><div class="product"><a href="https://www.amazon.com/dp/B01EMK5JQI?tag=eloabder-20&linkCode=osi&th=1&psc=1"><img src="https://m.media-amazon.com/images/I/417uxACGTTL._SL500_.jpg" alt="Product Image"></a><p>Regalo Easy Step 49-Inch Extra Wide Baby Gate, Includes 4-Inch and 12-Inch Extension Kit, 4 Pack of Pressure Mount Kit and 4 Pack of Wall Mount Kit, Black</p><p> -20% 0FF </p><p>$39.99</p><a href="https://www.amazon.com/dp/B01EMK5JQI?tag=eloabder-20&linkCode=osi&th=1&psc=1">View Product</a></div><div class="product"><a href="https://www.amazon.com/dp/B07JGDGG23?tag=eloabder-20&linkCode=osi&th=1&psc=1"><img src="https://m.media-amazon.com/images/I/51eFFFBIYUL._SL500_.jpg" alt="Product Image"></a><p>Toddleroo by North States Superyard 6 Panel Baby Play Yard. Playpen or Extra Wide Baby Gate, Wall Mount Kit Included. Made in USA. 38.5" - 201" wide, 5.5 ft corner to corner play yard (26" tall, Gray)</p><p> -29% 0FF </p><p>$61.46</p><a href="https://www.amazon.com/dp/B07JGDGG23?tag=eloabder-20&linkCode=osi&th=1&psc=1">View Product</a></div>
<div class="product"><a href="https://www.amazon.com/dp/B0D8J8RGMN?tag=eloabder-20&linkCode=osi&th=1&psc=1"><img src="https://m.media-amazon.com/images/I/51IQYrOgXVL._SL500_.jpg" alt="Product Image"></a><p>3 Pack Baby Beanie Hats with Earflaps, 2 Size Baby Winter Hat for Newborn Infant Toddler Kids Children with Cute Smiley Face, Soft Warm Fleece Lined Knit Hat for Girls Boys-01</p><p> -47% 0FF </p><p>$15.99</p><a href="https://www.amazon.com/dp/B0D8J8RGMN?tag=eloabder-20&linkCode=osi&th=1&psc=1">View Product</a></div><div class="product"><a href="https://www.amazon.com/dp/B08V4HJF5T?tag=eloabder-20&linkCode=osi&th=1&psc=1"><img src="https://m.media-amazon.com/images/I/41JnGlILpnL._SL500_.jpg" alt="Product Image"></a><p>6 Pieces Newborn Baby Hat Bear Ears Infant Caps Baby Boy Girl Toddler Hats Infant Beanie Caps for 0-3 Months (Black White, Black, Navy Blue, Black Gray, Gray, White,Classic)</p><p> -8% 0FF </p><p>$11.99</p><a href="https://www.amazon.com/dp/B08V4HJF5T?tag=eloabder-20&linkCode=osi&th=1&psc=1">View Product</a></div><div class="product"><a href="https://www.amazon.com/dp/B091D4KRJS?tag=eloabder-20&linkCode=osi&th=1&psc=1"><img src="https://m.media-amazon.com/images/I/41IspZQwuhL._SL500_.jpg" alt="Product Image"></a><p>Baby Boy Sun Hat Bucket Hats for Toddler 6-12,12-24 months</p><p> -20% 0FF </p><p>$14.39</p><a href="https://www.amazon.com/dp/B091D4KRJS?tag=eloabder-20&linkCode=osi&th=1&psc=1">View Product</a></div>
<div class="product"><a href="https://www.amazon.com/dp/B07BVN1YMN?tag=eloabder-20&linkCode=osi&th=1&psc=1"><img src="https://m.media-amazon.com/images/I/41+i0x5p4TL._SL500_.jpg" alt="Product Image"></a><p>Baby Trend Tot Spot 3-in-1 High Chair, Bluebell</p><p> -40% 0FF </p><p>$59.99</p><a href="https://www.amazon.com/dp/B07BVN1YMN?tag=eloabder-20&linkCode=osi&th=1&psc=1">View Product</a></div><div class="product"><a href="https://www.amazon.com/dp/B01JRY07BQ?tag=eloabder-20&linkCode=osi&th=1&psc=1"><img src="https://m.media-amazon.com/images/I/41zyGMxJY0L._SL500_.jpg" alt="Product Image"></a><p>Cosco Simple Fold High Chair, Comet</p><p> -23% 0FF </p><p>$49.99</p><a href="https://www.amazon.com/dp/B01JRY07BQ?tag=eloabder-20&linkCode=osi&th=1&psc=1">View Product</a></div><div class="product"><a href="https://www.amazon.com/dp/B017VNNWXA?tag=eloabder-20&linkCode=osi&th=1&psc=1"><img src="https://m.media-amazon.com/images/I/41VGIO1sPhL._SL500_.jpg" alt="Product Image"></a><p>Cosco Simple Fold Deluxe High Chair with 3-Position Tray, Monster Syd</p><p> -17% 0FF </p><p>$49.99</p><a href="https://www.amazon.com/dp/B017VNNWXA?tag=eloabder-20&linkCode=osi&th=1&psc=1">View Product</a></div><div class="product"><a href="https://www.amazon.com/dp/B089PKYWJ8?tag=eloabder-20&linkCode=osi&th=1&psc=1"><img src="https://m.media-amazon.com/images/I/31MgSLR6W8L._SL500_.jpg" alt="Product Image"></a><p>Dream On Me Portable 2-in-1 Tabletalk High Chair, Convertible Compact High Chair, Light Weight Portable Highchair, Aqua</p><p> -45% 0FF </p><p>$55.13</p><a href="https://www.amazon.com/dp/B089PKYWJ8?tag=eloabder-20&linkCode=osi&th=1&psc=1">View Product</a></div><div class="product"><a href="https://www.amazon.com/dp/B0CPXDDPDY?tag=eloabder-20&linkCode=osi&th=1&psc=1"><img src="https://m.media-amazon.com/images/I/41qNrW3wklL._SL500_.jpg" alt="Product Image"></a><p>Fodoss 3-in-1 Wooden High Chair for Babies and Toddlers,Convertible Easy Clean Infant Highchair,Silla Modern Design para Comer De Bebe</p><p> -10% 0FF </p><p>$80.98</p><a href="https://www.amazon.com/dp/B0CPXDDPDY?tag=eloabder-20&linkCode=osi&th=1&psc=1">View Product</a></div>
<div class="product"><a href="https://www.amazon.com/dp/B0BG7B1GHP?tag=eloabder-20&linkCode=osi&th=1&psc=1"><img src="https://m.media-amazon.com/images/I/51MRfMlZsSL._SL500_.jpg" alt="Product Image"></a><p>Yoofoss Hooded Baby Towels for Newborn 2 Pack 100% Muslin Cotton Baby Bath Towel with Hood for Babies, Infant, Toddler and Kids, Large 32x32Inch, Soft and Absorbent Newborn Essential</p><p> -20% 0FF </p><p>$15.99</p><a href="https://www.amazon.com/dp/B0BG7B1GHP?tag=eloabder-20&linkCode=osi&th=1&psc=1">View Product</a></div><div class="product"><a href="https://www.amazon.com/dp/B0C6RKZLXW?tag=eloabder-20&linkCode=osi&th=1&psc=1"><img src="https://m.media-amazon.com/images/I/51HX88nmMOL._SL500_.jpg" alt="Product Image"></a><p>Gerber Baby 4 Piece Animal Character Hooded Towel and Washcloth Set, Brown Lion, One Size</p><p> -49% 0FF </p><p>$9.24</p><a href="https://www.amazon.com/dp/B0C6RKZLXW?tag=eloabder-20&linkCode=osi&th=1&psc=1">View Product</a></div><div class="product"><a href="https://www.amazon.com/dp/B0CKXKR1RV?tag=eloabder-20&linkCode=osi&th=1&psc=1"><img src="https://m.media-amazon.com/images/I/41PjOK7YCBL._SL500_.jpg" alt="Product Image"></a><p>Momcozy Baby Hooded Towel, 2 Pack Baby Towel Set, Super Soft Bath Towel with Original Design, Shower Gifts for Infant, Toddler (28 X 28 Inch, Lemon Leaves)</p><p> -19% 0FF </p><p>$21.99</p><a href="https://www.amazon.com/dp/B0CKXKR1RV?tag=eloabder-20&linkCode=osi&th=1&psc=1">View Product</a></div><div class="product"><a href="https://www.amazon.com/dp/B00X21O4L0?tag=eloabder-20&linkCode=osi&th=1&psc=1"><img src="https://m.media-amazon.com/images/I/51fEvVAVyfL._SL500_.jpg" alt="Product Image"></a><p>Luvable Friends Unisex Baby Hooded Towel with Five Washcloths, Boy Fox, One Size</p><p> -17% 0FF </p><p>$9.99</p><a href="https://www.amazon.com/dp/B00X21O4L0?tag=eloabder-20&linkCode=osi&th=1&psc=1">View Product</a></div>
<div class="product"><a href="https://www.amazon.com/dp/B07DGKXBD7?tag=eloabder-20&linkCode=osi&th=1&psc=1"><img src="https://m.media-amazon.com/images/I/31FyDL3570L._SL500_.jpg" alt="Product Image"></a><p>Johnson's Moisturizing Mild Pink Baby Lotion with Coconut Oil for Delicate Baby Skin, Paraben-, Phthalate- & Dye-Free, Hypoallergenic & Dermatologist-Tested, Baby Skin Care, 27.1 Fl. Oz</p><p> -33% 0FF </p><p>$7.19 ($0.27 / Fl Oz)</p><a href="https://www.amazon.com/dp/B07DGKXBD7?tag=eloabder-20&linkCode=osi&th=1&psc=1">View Product</a></div><div class="product"><a href="https://www.amazon.com/dp/B00JF3RYPM?tag=eloabder-20&linkCode=osi&th=1&psc=1"><img src="https://m.media-amazon.com/images/I/31n9VJQSijL._SL500_.jpg" alt="Product Image"></a><p>CeraVe Baby Lotion | Gentle Baby Skin Care with Ceramides, Niacinamide & Vitamin E | Fragrance, Paraben, Dye & Phthalates Free | Lightweight Baby Moisturizer | 8 Ounce | Packaging May Vary</p><p> -10% 0FF </p><p>$8.97 ($1.12 / Fl Oz)</p><a href="https://www.amazon.com/dp/B00JF3RYPM?tag=eloabder-20&linkCode=osi&th=1&psc=1">View Product</a></div><div class="product"><a href="https://www.amazon.com/dp/B094RH4GHC?tag=eloabder-20&linkCode=osi&th=1&psc=1"><img src="https://m.media-amazon.com/images/I/31xi7tuBJAL._SL500_.jpg" alt="Product Image"></a><p>Johnson's Baby Moisturizing Mild Pink Baby Lotion with Coconut Oil for Delicate Baby Skin, Paraben-, Phthalate- & Dye-Free, Hypoallergenic & Dermatologist-Tested, Baby Skin Care, 13.6 Fl. Oz</p><p> -34% 0FF </p><p>$4.49 ($0.33 / Fl Oz)</p><a href="https://www.amazon.com/dp/B094RH4GHC?tag=eloabder-20&linkCode=osi&th=1&psc=1">View Product</a></div><div class="product"><a href="https://www.amazon.com/dp/B0030UF6EW?tag=eloabder-20&linkCode=osi&th=1&psc=1"><img src="https://m.media-amazon.com/images/I/31RKFp5lxLL._SL500_.jpg" alt="Product Image"></a><p>Aveeno Baby Daily Moisture Body Lotion for Sensitive Skin, Hypoallergenic Moisturizing Baby Lotion with Nourishing Oatmeal to Deeply Moisturize Baby's Skin, Fragrance-Free, 18 fl. oz</p><p> -32% 0FF </p><p>$11.06</p><a href="https://www.amazon.com/dp/B0030UF6EW?tag=eloabder-20&linkCode=osi&th=1&psc=1">View Product</a></div><div class="product"><a href="https://www.amazon.com/dp/B00U2VQW72?tag=eloabder-20&linkCode=osi&th=1&psc=1"><img src="https://m.media-amazon.com/images/I/31nMuDcXtPL._SL500_.jpg" alt="Product Image"></a><p>Aveeno Baby Calming Comfort Moisturizing Body Lotion with Relaxing Lavender & Vanilla Scents, Non-Greasy Baby Lotion, Nourishing Prebiotic Oatmeal, Paraben- & Phthalate-Free, 18 fl. oz</p><p> -29% 0FF </p><p>$11.69 ($0.65 / Fl Oz)</p><a href="https://www.amazon.com/dp/B00U2VQW72?tag=eloabder-20&linkCode=osi&th=1&psc=1">View Product</a></div><div class="product"><a href="https://www.amazon.com/dp/B07DGL23H4?tag=eloabder-20&linkCode=osi&th=1&psc=1"><img src="https://m.media-amazon.com/images/I/31YO49z1TsL._SL500_.jpg" alt="Product Image"></a><p>Johnson's Moisturizing Bedtime Baby Lotion with Coconut Oil & NaturalCalm Aromas to Help Relax Baby, Hypoallergenic & Free of Parabens, Phthalates & Dyes, Mild Baby Skin Care, 27.1 fl. oz</p><p> -36% 0FF </p><p>$9.50 ($0.35 / Fl Oz)</p><a href="https://www.amazon.com/dp/B07DGL23H4?tag=eloabder-20&linkCode=osi&th=1&psc=1">View Product</a></div><div class="product"><a href="https://www.amazon.com/dp/B01A59VMSO?tag=eloabder-20&linkCode=osi&th=1&psc=1"><img src="https://m.media-amazon.com/images/I/31P-2Bf0eYL._SL500_.jpg" alt="Product Image"></a><p>Eucerin Baby Body Lotion, Hypoallergenic and Fragrance Free Baby Lotion, Baby Moisturizer with Pro-Vitamin B5 and Shea Butter, 13.5 Fl Oz Bottle</p><p> -17% 0FF </p><p>$9.78 ($0.72 / Fl Oz)</p><a href="https://www.amazon.com/dp/B01A59VMSO?tag=eloabder-20&linkCode=osi&th=1&psc=1">View Product</a></div><div class="product"><a href="https://www.amazon.com/dp/B07DGKXBDD?tag=eloabder-20&linkCode=osi&th=1&psc=1"><img src="https://m.media-amazon.com/images/I/31IvagYz0ML._SL500_.jpg" alt="Product Image"></a><p>Johnson's Baby CottonTouch Newborn Baby Face and Body Lotion, Hypoallergenic and Paraben-Free Moisturization for Baby's Sensitive Skin, Made with Real Cotton, 27.1 fl. oz</p><p> -37% 0FF </p><p>$9.35 ($0.35 / Fl Oz)</p><a href="https://www.amazon.com/dp/B07DGKXBDD?tag=eloabder-20&linkCode=osi&th=1&psc=1">View Product</a></div>
<div class="product"><a href="https://www.amazon.com/dp/B08HSNXSM6?tag=eloabder-20&linkCode=osi&th=1&psc=1"><img src="https://m.media-amazon.com/images/I/4193Km1SQcL._SL500_.jpg" alt="Product Image"></a><p>The Peanutshell Crib Mobile for Boys or Girls - White Musical Baby Crib Mobile with 12 Lullabies, Jungle Animal, Baby Mobile Crib Safari Animals Nursery Decor</p><p> -11% 0FF </p><p>$39.99</p><a href="https://www.amazon.com/dp/B08HSNXSM6?tag=eloabder-20&linkCode=osi&th=1&psc=1">View Product</a></div><div class="product"><a href="https://www.amazon.com/dp/B088TCNZ52?tag=eloabder-20&linkCode=osi&th=1&psc=1"><img src="https://m.media-amazon.com/images/I/41Nuh1UJwkL._SL500_.jpg" alt="Product Image"></a><p>EVERLOVE Montessori Mobile Baby for Crib (TINITIGIES) - Black and White Mobile Give Visual Stimulation to Engage Your Newborn - Baby Crib Mobile for Boys & Girls - Baby Mobile for Crib</p><p> -12% 0FF </p><p>$37.99</p><a href="https://www.amazon.com/dp/B088TCNZ52?tag=eloabder-20&linkCode=osi&th=1&psc=1">View Product</a></div><div class="product"><a href="https://www.amazon.com/dp/B07DM86Z43?tag=eloabder-20&linkCode=osi&th=1&psc=1"><img src="https://m.media-amazon.com/images/I/41wBVQgCTUL._SL500_.jpg" alt="Product Image"></a><p>Baby Einstein Sea Dreams Soother Musical Crib Toy and Sound Machine, Newborn and up</p><p> -15% 0FF </p><p>$33.90</p><a href="https://www.amazon.com/dp/B07DM86Z43?tag=eloabder-20&linkCode=osi&th=1&psc=1">View Product</a></div><div class="product"><a href="https://www.amazon.com/dp/B0B38G1MBD?tag=eloabder-20&linkCode=osi&th=1&psc=1"><img src="https://m.media-amazon.com/images/I/51ES4bHBHqL._SL500_.jpg" alt="Product Image"></a><p>Eners Baby Crib Mobile with Music and Lights, Mobile for Crib with Remote Control, Rotation, Moon and Star Projection, Baby Crib Toys for Boys Girls (Blue)</p><p> -6% 0FF </p><p>$33.99</p><a href="https://www.amazon.com/dp/B0B38G1MBD?tag=eloabder-20&linkCode=osi&th=1&psc=1">View Product</a></div>
<div class="product"><a href="https://www.amazon.com/dp/B09GM8JZM9?tag=eloabder-20&linkCode=osi&th=1&psc=1"><img src="https://m.media-amazon.com/images/I/41XmH3g0-aL._SL500_.jpg" alt="Product Image"></a><p>HelloBaby Upgrade Baby Monitor, 5'' Screen with 30-Hour Battery, Pan-Tilt-Zoom Video Baby Monitor with Camera and Audio, Night Vision, VOX, 2-Way Talk, 8 Lullabies and 1000ft Range No WiFi</p><p> -20% 0FF </p><p>$79.99</p><a href="https://www.amazon.com/dp/B09GM8JZM9?tag=eloabder-20&linkCode=osi&th=1&psc=1">View Product</a></div><div class="product"><a href="https://www.amazon.com/dp/B00JEV5UI8?tag=eloabder-20&linkCode=osi&th=1&psc=1"><img src="https://m.media-amazon.com/images/I/41va56lWJ6L._SL500_.jpg" alt="Product Image"></a><p>VTech Upgraded Audio Baby Monitor with Rechargeable Battery, Long Range, and Crystal-Clear Sound</p><p> -9% 0FF </p><p>$19.99</p><a href="https://www.amazon.com/dp/B00JEV5UI8?tag=eloabder-20&linkCode=osi&th=1&psc=1">View Product</a></div><div class="product"><a href="https://www.amazon.com/dp/B0BZ8BN87L?tag=eloabder-20&linkCode=osi&th=1&psc=1"><img src="https://m.media-amazon.com/images/I/41Bi8mMjlBL._SL500_.jpg" alt="Product Image"></a><p>OKAIDI Video Baby Monitor with Camera and Audio, 5" Display Baby Monitor No WiFi, 30H Battery and 1000ft Range Baby Monitor, Remote Pan-Tilt-Zoom Baby Camera, Night Vision, 2-Way Talk, VOX,Temperature</p><p> -25% 0FF </p><p>$44.99</p><a href="https://www.amazon.com/dp/B0BZ8BN87L?tag=eloabder-20&linkCode=osi&th=1&psc=1">View Product</a></div><div class="product"><a href="https://www.amazon.com/dp/B0B316NPZ6?tag=eloabder-20&linkCode=osi&th=1&psc=1"><img src="https://m.media-amazon.com/images/I/41IWDeVuDfL._SL500_.jpg" alt="Product Image"></a><p>HelloBaby Monitor with Camera and Audio, 1000ft Long Range Video Baby Monitor-No WiFi, Night Vision, VOX Mode-Power Saving, 2.4'' Portable Travel Screen, Baby Safety Camera, for Baby/Pet, Plug & Play</p><p> -10% 0FF </p><p>$29.98</p><a href="https://www.amazon.com/dp/B0B316NPZ6?tag=eloabder-20&linkCode=osi&th=1&psc=1">View Product</a></div><div class="product"><a href="https://www.amazon.com/dp/B0CYCDTZ6G?tag=eloabder-20&linkCode=osi&th=1&psc=1"><img src="https://m.media-amazon.com/images/I/41PTcAHdqoL._SL500_.jpg" alt="Product Image"></a><p>HelloBaby Baby Monitor with Camera and Audio, 6'' World First IPS Screen Baby Camera Monitor No WiFi, 30-Hrs Battery, ECO, VOX, 2-Way Talk, Night Vision, 1000ft, Video Baby Monitor Portable</p><p> -25% 0FF </p><p>$89.99</p><a href="https://www.amazon.com/dp/B0CYCDTZ6G?tag=eloabder-20&linkCode=osi&th=1&psc=1">View Product</a></div><div class="product"><a href="https://www.amazon.com/dp/B007NG5UF4?tag=eloabder-20&linkCode=osi&th=1&psc=1"><img src="https://m.media-amazon.com/images/I/41SdqvzVNuL._SL500_.jpg" alt="Product Image"></a><p>VTech DM221 Audio Baby Monitor with up to 1,000 ft of Range, Vibrating Sound-Alert, Talk Back Intercom & Night Light Loop, White/Silver</p><p> -13% 0FF </p><p>$33.95</p><a href="https://www.amazon.com/dp/B007NG5UF4?tag=eloabder-20&linkCode=osi&th=1&psc=1">View Product</a></div><div class="product"><a href="https://www.amazon.com/dp/B0CZDYF95R?tag=eloabder-20&linkCode=osi&th=1&psc=1"><img src="https://m.media-amazon.com/images/I/41hYOyPQ9dL._SL500_.jpg" alt="Product Image"></a><p>VTimes Baby Monitor with Camera and Audio, Video Baby Monitor No WiFi Night Vision, 2.4" LCD Screen Portable Baby Camera VOX Mode Pan-Tilt-Zoom Alarm and 1000ft Range, Ideal for Baby/Elderly/Pet</p><p> -40% 0FF </p><p>$29.99</p><a href="https://www.amazon.com/dp/B0CZDYF95R?tag=eloabder-20&linkCode=osi&th=1&psc=1">View Product</a></div>
<div class="product"><a href="https://www.amazon.com/dp/B0119493OY?tag=eloabder-20&linkCode=osi&th=1&psc=1"><img src="https://m.media-amazon.com/images/I/31o0TllpwAL._SL500_.jpg" alt="Product Image"></a><p>Safety 1st Fold-Up Nail Clippers - 2pk</p><p> -25% 0FF </p><p>$2.99</p><a href="https://www.amazon.com/dp/B0119493OY?tag=eloabder-20&linkCode=osi&th=1&psc=1">View Product</a></div><div class="product"><a href="https://www.amazon.com/dp/B01644OCVS?tag=eloabder-20&linkCode=osi&th=1&psc=1"><img src="https://m.media-amazon.com/images/I/41oX5dLMB1L._SL500_.jpg" alt="Product Image"></a><p>Frida Baby NailFrida The SnipperClipper Set, Baby Nail Clippers & Nail Filer, Baby Essential Nail Kit for Newborns and Up</p><p> -36% 0FF </p><p>$8.31</p><a href="https://www.amazon.com/dp/B01644OCVS?tag=eloabder-20&linkCode=osi&th=1&psc=1">View Product</a></div><div class="product"><a href="https://www.amazon.com/dp/B084JZ27SM?tag=eloabder-20&linkCode=osi&th=1&psc=1"><img src="https://m.media-amazon.com/images/I/31JsNl8WpML._SL500_.jpg" alt="Product Image"></a><p>Safety 1st Light Zoom Nail Clippers, One Size</p><p> -27% 0FF </p><p>$7.29</p><a href="https://www.amazon.com/dp/B084JZ27SM?tag=eloabder-20&linkCode=osi&th=1&psc=1">View Product</a></div><div class="product"><a href="https://www.amazon.com/dp/B0D9BCJWC7?tag=eloabder-20&linkCode=osi&th=1&psc=1"><img src="https://m.media-amazon.com/images/I/41vknqnodfL._SL500_.jpg" alt="Product Image"></a><p>Yeeeasy Baby Nail Clippers Kit Baby Grooming Set with Nail Clippers, Scissors, Nail File & Tweezers Baby Care Kit Fingernail Cutter for Baby,Newborn,Infant,Toddler,Kid(Purple)</p><p> -55% 0FF </p><p>$4.49</p><a href="https://www.amazon.com/dp/B0D9BCJWC7?tag=eloabder-20&linkCode=osi&th=1&psc=1">View Product</a></div>
<div class="product"><a href="https://www.amazon.com/dp/B08CMWHD3B?tag=eloabder-20&linkCode=osi&th=1&psc=1"><img src="https://m.media-amazon.com/images/I/41+F2Dv0iiL._SL500_.jpg" alt="Product Image"></a><p>GROWNSY Nasal Aspirator for Baby, Baby Nose Sucker Pro with 3 Soft Silicone Tips, Adjustable Suction, Electric Nose Suction for Baby, Built-in Music & Light Soothing</p><p> -20% 0FF </p><p>$39.99 ($39.99 / Count)</p><a href="https://www.amazon.com/dp/B08CMWHD3B?tag=eloabder-20&linkCode=osi&th=1&psc=1">View Product</a></div><div class="product"><a href="https://www.amazon.com/dp/B00RP0GHBO?tag=eloabder-20&linkCode=osi&th=1&psc=1"><img src="https://m.media-amazon.com/images/I/41pIJoWu-UL._SL500_.jpg" alt="Product Image"></a><p>Frida Baby NoseFrida SnotSucker Nasal Aspirator for Baby, Baby Nose Sucker with 24 Extra Hygiene Filters, Baby Congestion Relief, FSA/HSA Eligible</p><p> -25% 0FF </p><p>$14.99</p><a href="https://www.amazon.com/dp/B00RP0GHBO?tag=eloabder-20&linkCode=osi&th=1&psc=1">View Product</a></div><div class="product"><a href="https://www.amazon.com/dp/B0C3CHQHJP?tag=eloabder-20&linkCode=osi&th=1&psc=1"><img src="https://m.media-amazon.com/images/I/51IO9JHchbL._SL500_.jpg" alt="Product Image"></a><p>X-Bosak Baby Nasal Aspirator, Electric Nose Sucker with 5 Levels Suction, Soothing Light & Nursery Rhymes</p><p> -18% 0FF </p><p>$30.99</p><a href="https://www.amazon.com/dp/B0C3CHQHJP?tag=eloabder-20&linkCode=osi&th=1&psc=1">View Product</a></div><div class="product"><a href="https://www.amazon.com/dp/B094Z43BQF?tag=eloabder-20&linkCode=osi&th=1&psc=1"><img src="https://m.media-amazon.com/images/I/41elOKysySL._SL500_.jpg" alt="Product Image"></a><p>Frida Baby Electric NoseFrida Nasal Aspirator for Baby, Nose Sucker for Baby & Toddler, Nasal Aspirator for Congestion Relief with 3 Suction Levels, 2 Silicone Tips, USB Rechargeable</p><p> -13% 0FF </p><p>$34.99</p><a href="https://www.amazon.com/dp/B094Z43BQF?tag=eloabder-20&linkCode=osi&th=1&psc=1">View Product</a></div><div class="product"><a href="https://www.amazon.com/dp/B01N093BYV?tag=eloabder-20&linkCode=osi&th=1&psc=1"><img src="https://m.media-amazon.com/images/I/316hpVBAmNL._SL500_.jpg" alt="Product Image"></a><p>Frida Baby Nasal Aspirator for Baby, NoseFrida Baby Nose Sucker with 10 Extra Filters + All-Natural Saline Nasal Spray for Babies, Nasal Spray Decongestant, 0.68 fl oz</p><p> -15% 0FF </p><p>$16.97</p><a href="https://www.amazon.com/dp/B01N093BYV?tag=eloabder-20&linkCode=osi&th=1&psc=1">View Product</a></div><div class="product"><a href="https://www.amazon.com/dp/B0BSVG8S59?tag=eloabder-20&linkCode=osi&th=1&psc=1"><img src="https://m.media-amazon.com/images/I/31Rju6jEphL._SL500_.jpg" alt="Product Image"></a><p>Dr. Talbot's Nasal Aspirator for Babies - Silicone - Includes Storage Case - Clear</p><p> -20% 0FF </p><p>$6.39</p><a href="https://www.amazon.com/dp/B0BSVG8S59?tag=eloabder-20&linkCode=osi&th=1&psc=1">View Product</a></div>
<div class="product"><a href="https://www.amazon.com/dp/B00WEBVM5U?tag=eloabder-20&linkCode=osi&th=1&psc=1"><img src="https://m.media-amazon.com/images/I/31oMSFi3dGL._SL500_.jpg" alt="Product Image"></a><p>Johnson's Baby Oil, Mineral Oil Enriched with Shea & Cocoa Butter to Prevent Moisture Loss, Hypoallergenic, 20 fl. oz</p><p> -35% 0FF </p><p>$5.90 ($0.30 / Fl Oz)</p><a href="https://www.amazon.com/dp/B00WEBVM5U?tag=eloabder-20&linkCode=osi&th=1&psc=1">View Product</a></div><div class="product"><a href="https://www.amazon.com/dp/B00J51Q1IA?tag=eloabder-20&linkCode=osi&th=1&psc=1"><img src="https://m.media-amazon.com/images/I/31WSLNGqaEL._SL500_.jpg" alt="Product Image"></a><p>Johnson & Johnson SLC (Cosmetics) Baby Oil, 20 Fl Oz</p><p> -33% 0FF </p><p>$6.02 ($0.30 / Fl Oz)</p><a href="https://www.amazon.com/dp/B00J51Q1IA?tag=eloabder-20&linkCode=osi&th=1&psc=1">View Product</a></div><div class="product"><a href="https://www.amazon.com/dp/B00LPC15FQ?tag=eloabder-20&linkCode=osi&th=1&psc=1"><img src="https://m.media-amazon.com/images/I/315PcqnZ4qL._SL500_.jpg" alt="Product Image"></a><p>Johnson's Baby Johnson & Johnson Baby Oil, Aloe Vera & Vitamin E, Multicolor, 14 Fl Oz</p><p> -23% 0FF </p><p>$5.49 ($0.39 / Fl Oz)</p><a href="https://www.amazon.com/dp/B00LPC15FQ?tag=eloabder-20&linkCode=osi&th=1&psc=1">View Product</a></div><div class="product"><a href="https://www.amazon.com/dp/B001UAA2UC?tag=eloabder-20&linkCode=osi&th=1&psc=1"><img src="https://m.media-amazon.com/images/I/31-74Q7XbxL._SL500_.jpg" alt="Product Image"></a><p>Johnson's Baby Oil Gel, Moisturizing Baby Massage Mineral Oil Enriched with Shea & Cocoa Butter, Dry Skin Relief for Babies, Kids & Adults, Nourishing & Gentle on Delicate Skin, 6.5 fl. oz</p><p> -16% 0FF </p><p>$5.98 ($0.92 / Fl Oz)</p><a href="https://www.amazon.com/dp/B001UAA2UC?tag=eloabder-20&linkCode=osi&th=1&psc=1">View Product</a></div>
<div class="product"><a href="https://www.amazon.com/dp/B0D88Y4955?tag=eloabder-20&linkCode=osi&th=1&psc=1"><img src="https://m.media-amazon.com/images/I/41Au0yzblbL._SL500_.jpg" alt="Product Image"></a><p>Burt's Bees Baby Baby Boys Pajamas, Sleep and Play Loose Fit, 100% Organic Cotton, Soft One-piece PJs, Diagonal Zip Up Jumpsuit Newborn Essentials with Interior Zipper Guard in sizes NB to 6-9 Months</p><p> -49% 0FF </p><p>$7.60</p><a href="https://www.amazon.com/dp/B0D88Y4955?tag=eloabder-20&linkCode=osi&th=1&psc=1">View Product</a></div><div class="product"><a href="https://www.amazon.com/dp/B08GHLBW8P?tag=eloabder-20&linkCode=osi&th=1&psc=1"><img src="https://m.media-amazon.com/images/I/512q+TZZ2UL._SL500_.jpg" alt="Product Image"></a><p>Gerber Baby Boys' 4-Pack Footed Pajamas, Dinosaurs Space Grey, 18 Months</p><p> -9% 0FF </p><p>$29.98</p><a href="https://www.amazon.com/dp/B08GHLBW8P?tag=eloabder-20&linkCode=osi&th=1&psc=1">View Product</a></div>
<div class="product"><a href="https://www.amazon.com/dp/B09XHGG4B8?tag=eloabder-20&linkCode=osi&th=1&psc=1"><img src="https://m.media-amazon.com/images/I/51drx-WonLL._SL500_.jpg" alt="Product Image"></a><p>Yeeeasy Tummy Time Water Mat丨Inflatable Tummy Time Water Play Mat for Babies, Infants and Toddlers 3 to 12 Months Promote Development Toys Baby Gifts</p><p> -33% 0FF </p><p>$9.99</p><a href="https://www.amazon.com/dp/B09XHGG4B8?tag=eloabder-20&linkCode=osi&th=1&psc=1">View Product</a></div>
<div class="product"><a href="https://www.amazon.com/dp/B0009STDJW?tag=eloabder-20&linkCode=osi&th=1&psc=1"><img src="https://m.media-amazon.com/images/I/31XlMHyMw4L._SL500_.jpg" alt="Product Image"></a><p>Johnson's Baby Powder, Naturally Derived Cornstarch with Aloe & Vitamin E for Delicate Skin, Hypoallergenic and Free of Parabens, Phthalates, and Dyes for Gentle Baby Skin Care, 15 oz</p><p> -31% 0FF </p><p>$4.98 ($0.33 / Ounce)</p><a href="https://www.amazon.com/dp/B0009STDJW?tag=eloabder-20&linkCode=osi&th=1&psc=1">View Product</a></div><div class="product"><a href="https://www.amazon.com/dp/B005IHT880?tag=eloabder-20&linkCode=osi&th=1&psc=1"><img src="https://m.media-amazon.com/images/I/31Yy8plMS3L._SL500_.jpg" alt="Product Image"></a><p>Johnson's Baby Naturally Derived Cornstarch Baby Powder with Aloe and Vitamin E for Delicate Skin, Hypoallergenic and Free of Parabens, Phthalates, and Dyes for Gentle Baby Skin Care, 1.5 oz</p><p> -31% 0FF </p><p>$1.97 ($1.31 / Ounce)</p><a href="https://www.amazon.com/dp/B005IHT880?tag=eloabder-20&linkCode=osi&th=1&psc=1">View Product</a></div><div class="product"><a href="https://www.amazon.com/dp/B00I5MVFB8?tag=eloabder-20&linkCode=osi&th=1&psc=1"><img src="https://m.media-amazon.com/images/I/41kU-erHU1L._SL500_.jpg" alt="Product Image"></a><p>Johnson's Baby Powder, Pure Cornstarch, Aloe & Vitamin E, 22 Ounce (Pack of 3) - Packaging May Vary</p><p> -31% 0FF </p><p>$18.87 ($0.29 / Ounce)</p><a href="https://www.amazon.com/dp/B00I5MVFB8?tag=eloabder-20&linkCode=osi&th=1&psc=1">View Product</a></div><div class="product"><a href="https://www.amazon.com/dp/B004Z4MNGQ?tag=eloabder-20&linkCode=osi&th=1&psc=1"><img src="https://m.media-amazon.com/images/I/31szXN97ucL._SL500_.jpg" alt="Product Image"></a><p>Johnson's Baby Powder with Naturally Derived Cornstarch Aloe & Vitamin E, Hypoallergenic, 9 oz</p><p> -26% 0FF </p><p>$3.95 ($0.44 / Ounce)</p><a href="https://www.amazon.com/dp/B004Z4MNGQ?tag=eloabder-20&linkCode=osi&th=1&psc=1">View Product</a></div><div class="product"><a href="https://www.amazon.com/dp/B0CCPK861Q?tag=eloabder-20&linkCode=osi&th=1&psc=1"><img src="https://m.media-amazon.com/images/I/51jIdMql0FL._SL500_.jpg" alt="Product Image"></a><p>Burt's Bees Christmas Gifts, Baby Dusting Powder, 100% Natural Origin, Talc-Free, Pediatrician Tested Stocking Stuffers, 7.5 Ounces, Pack of 3, Pack May Vary</p><p> -29% 0FF </p><p>$19.17 ($0.85 / Ounce)</p><a href="https://www.amazon.com/dp/B0CCPK861Q?tag=eloabder-20&linkCode=osi&th=1&psc=1">View Product</a></div><div class="product"><a href="https://www.amazon.com/dp/B012FUZ8NG?tag=eloabder-20&linkCode=osi&th=1&psc=1"><img src="https://m.media-amazon.com/images/I/41t4DM92+aL._SL500_.jpg" alt="Product Image"></a><p>Gold Bond Comfort Body Powder, 10 oz., Talc-Free, Fresh Clean Scent With Aloe & Chamomile</p><p> -7% 0FF </p><p>$6.79 ($0.68 / Ounce)</p><a href="https://www.amazon.com/dp/B012FUZ8NG?tag=eloabder-20&linkCode=osi&th=1&psc=1">View Product</a></div>
<div class="product"><a href="https://www.amazon.com/dp/B00JHKTDQG?tag=eloabder-20&linkCode=osi&th=1&psc=1"><img src="https://m.media-amazon.com/images/I/41u2OOs0uOL._SL500_.jpg" alt="Product Image"></a><p>Safety 1st Plug Protectors, 36 Count</p><p> -22% 0FF </p><p>$3.49</p><a href="https://www.amazon.com/dp/B00JHKTDQG?tag=eloabder-20&linkCode=osi&th=1&psc=1">View Product</a></div><div class="product"><a href="https://www.amazon.com/dp/B0CZRKFS5Z?tag=eloabder-20&linkCode=osi&th=1&psc=1"><img src="https://m.media-amazon.com/images/I/413bGIIY4WL._SL500_.jpg" alt="Product Image"></a><p>Baby Proofing Kit, Oven Door Lock Child proof Safety Product for Kitchen, Double Button, Heat-Resistant, Easy to Install (1 Pack,Grey)</p><p> -20% 0FF </p><p>$7.99</p><a href="https://www.amazon.com/dp/B0CZRKFS5Z?tag=eloabder-20&linkCode=osi&th=1&psc=1">View Product</a></div><div class="product"><a href="https://www.amazon.com/dp/B00YKG2YS6?tag=eloabder-20&linkCode=osi&th=1&psc=1"><img src="https://m.media-amazon.com/images/I/41+wB4D0smL._SL500_.jpg" alt="Product Image"></a><p>Safety 1st Safety Essentials Kit , White , 1 Count</p><p> -38% 0FF </p><p>$7.48</p><a href="https://www.amazon.com/dp/B00YKG2YS6?tag=eloabder-20&linkCode=osi&th=1&psc=1">View Product</a></div>
<div class="product"><a href="https://www.amazon.com/dp/B000BNCA4K?tag=eloabder-20&linkCode=osi&th=1&psc=1"><img src="https://m.media-amazon.com/images/I/51+hwco0h6L._SL500_.jpg" alt="Product Image"></a><p>Manhattan Toy Winkel Rattle & Sensory Teether Toy, Blue/Green/Orange, 5 Inch x 4 Inch x 3.5 Inch</p><p> -29% 0FF </p><p>$9.99</p><a href="https://www.amazon.com/dp/B000BNCA4K?tag=eloabder-20&linkCode=osi&th=1&psc=1">View Product</a></div><div class="product"><a href="https://www.amazon.com/dp/B000FMQWS2?tag=eloabder-20&linkCode=osi&th=1&psc=1"><img src="https://m.media-amazon.com/images/I/4108+CwoQfL._SL500_.jpg" alt="Product Image"></a><p>Bright Starts Grab & Spin Baby Rattle & BPA-Free Teether Toy, Ages 3 Months+</p><p> -15% 0FF </p><p>$2.97</p><a href="https://www.amazon.com/dp/B000FMQWS2?tag=eloabder-20&linkCode=osi&th=1&psc=1">View Product</a></div><div class="product"><a href="https://www.amazon.com/dp/B071YCHDX1?tag=eloabder-20&linkCode=osi&th=1&psc=1"><img src="https://m.media-amazon.com/images/I/512uBUjyccL._SL500_.jpg" alt="Product Image"></a><p>iPlay, iLearn 10pcs Baby Rattles Toys Set, Infant Grab Shake Rattle, Sensory Teether, Babies Development Learning Music Toy, Newborn First Christmas Gifts 0 1 2 3 4 5 6 7 8 9 10 12 Month Boy Girl</p><p> -15% 0FF </p><p>$22.99</p><a href="https://www.amazon.com/dp/B071YCHDX1?tag=eloabder-20&linkCode=osi&th=1&psc=1">View Product</a></div><div class="product"><a href="https://www.amazon.com/dp/B019ICFYNI?tag=eloabder-20&linkCode=osi&th=1&psc=1"><img src="https://m.media-amazon.com/images/I/51oYX33BlzL._SL500_.jpg" alt="Product Image"></a><p>VTech Baby Rattle and Sing Puppy</p><p> -18% 0FF </p><p>$8.99</p><a href="https://www.amazon.com/dp/B019ICFYNI?tag=eloabder-20&linkCode=osi&th=1&psc=1">View Product</a></div><div class="product"><a href="https://www.amazon.com/dp/B000V2Y5BW?tag=eloabder-20&linkCode=osi&th=1&psc=1"><img src="https://m.media-amazon.com/images/I/41Bz5Kz2OzL._SL500_.jpg" alt="Product Image"></a><p>The First Years First Keys Infant and Baby Toy</p><p> -67% 0FF </p><p>$2.44</p><a href="https://www.amazon.com/dp/B000V2Y5BW?tag=eloabder-20&linkCode=osi&th=1&psc=1">View Product</a></div>
<div class="product"><a href="https://www.amazon.com/dp/B005SPESKK?tag=eloabder-20&linkCode=osi&th=1&psc=1"><img src="https://m.media-amazon.com/images/I/410ZKnRS3aL._SL500_.jpg" alt="Product Image"></a><p>Aveeno Baby Bathtime Solutions Baby & Me Gift Set with Baby Wash & Shampoo, Calming Baby Bath, Baby Daily Moisturizing Lotion & Stress Relief Body Wash for Mom, Oatmeal, 4 Items</p><p> -35% 0FF </p><p>$20.69</p><a href="https://www.amazon.com/dp/B005SPESKK?tag=eloabder-20&linkCode=osi&th=1&psc=1">View Product</a></div><div class="product"><a href="https://www.amazon.com/dp/B005UEB96K?tag=eloabder-20&linkCode=osi&th=1&psc=1"><img src="https://m.media-amazon.com/images/I/41irWX472ZL._SL500_.jpg" alt="Product Image"></a><p>Aquaphor Baby Healing Ointment Advanced Therapy Skin Protectant, Dry Skin and Diaper Rash Ointment, 14 Oz Jar</p><p> -8% 0FF </p><p>$18.37</p><a href="https://www.amazon.com/dp/B005UEB96K?tag=eloabder-20&linkCode=osi&th=1&psc=1">View Product</a></div><div class="product"><a href="https://www.amazon.com/dp/B0CNXKT6S7?tag=eloabder-20&linkCode=osi&th=1&psc=1"><img src="https://m.media-amazon.com/images/I/41UPubKIJYL._SL500_.jpg" alt="Product Image"></a><p>Blissful Diary Baby Diaper Caddy Organizer, Stylish Nursery Storage Basket - Gift for Baby Shower, Baby Registry Must Have, Newborn Essentials - Baby Caddy Organizer for Diaper Station - Sage Green</p><p> -7% 0FF </p><p>$22.99</p><a href="https://www.amazon.com/dp/B0CNXKT6S7?tag=eloabder-20&linkCode=osi&th=1&psc=1">View Product</a></div><div class="product"><a href="https://www.amazon.com/dp/B07RX5BD32?tag=eloabder-20&linkCode=osi&th=1&psc=1"><img src="https://m.media-amazon.com/images/I/41p16YTuexL._SL500_.jpg" alt="Product Image"></a><p>Portable Diaper Changing Pad, Portable Changing pad for Newborn Girl & Boy - Baby Changing Pad with Smart Wipes Pocket – Waterproof Travel Changing Kit - Baby Gift by Kopi Baby</p><p> -42% 0FF </p><p>$21.89</p><a href="https://www.amazon.com/dp/B07RX5BD32?tag=eloabder-20&linkCode=osi&th=1&psc=1">View Product</a></div>
<div class="product"><a href="https://www.amazon.com/dp/B07DGKWFJM?tag=eloabder-20&linkCode=osi&th=1&psc=1"><img src="https://m.media-amazon.com/images/I/313M7YzzHPL._SL500_.jpg" alt="Product Image"></a><p>Johnson's Baby Shampoo with Tear-Free Formula, Shampoo for Baby's Delicate Scalp & Skin, Gently Washes Away Dirt & Germs, Paraben-, Phthalate-, Sulfate- & Dye-Free, 20.3 fl. oz</p><p> -35% 0FF </p><p>$5.90 ($0.29 / Fl Oz)</p><a href="https://www.amazon.com/dp/B07DGKWFJM?tag=eloabder-20&linkCode=osi&th=1&psc=1">View Product</a></div><div class="product"><a href="https://www.amazon.com/dp/B07DGK9FQG?tag=eloabder-20&linkCode=osi&th=1&psc=1"><img src="https://m.media-amazon.com/images/I/31ZmgkaoecL._SL500_.jpg" alt="Product Image"></a><p>Johnson's Baby Tear Free Shampoo, No Parabens/Phthalates/Sulfates/Dyes, Fresh, 13.6 Fl Oz</p><p> -30% 0FF </p><p>$4.78 ($0.35 / Fl Oz)</p><a href="https://www.amazon.com/dp/B07DGK9FQG?tag=eloabder-20&linkCode=osi&th=1&psc=1">View Product</a></div><div class="product"><a href="https://www.amazon.com/dp/B07D2JMJPS?tag=eloabder-20&linkCode=osi&th=1&psc=1"><img src="https://m.media-amazon.com/images/I/31GFcXvNoSL._SL500_.jpg" alt="Product Image"></a><p>Johnson's Head-to-Toe Gentle Tear-Free Baby & Newborn Wash & Shampoo, Sulfate-, Paraben- Phthalate- & Dye-Free, Hypoallergenic Wash for Sensitive Skin & Hair, 27.1 fl. Oz</p><p> -33% 0FF </p><p>$7.19 ($0.27 / Fl Oz)</p><a href="https://www.amazon.com/dp/B07D2JMJPS?tag=eloabder-20&linkCode=osi&th=1&psc=1">View Product</a></div><div class="product"><a href="https://www.amazon.com/dp/B07NSBTZ22?tag=eloabder-20&linkCode=osi&th=1&psc=1"><img src="https://m.media-amazon.com/images/I/316UK0+xv+L._SL500_.jpg" alt="Product Image"></a><p>Aveeno Baby Daily Moisture Gentle Bath Wash & Shampoo with Natural Oat Extract, Hypoallergenic, Tear-Free & Paraben-Free Formula For Sensitive Hair & Skin, Lightly Scented, 33 fl. oz</p><p> -43% 0FF </p><p>$13.98 ($0.42 / Fl Oz)</p><a href="https://www.amazon.com/dp/B07NSBTZ22?tag=eloabder-20&linkCode=osi&th=1&psc=1">View Product</a></div><div class="product"><a href="https://www.amazon.com/dp/B07DGPL4Y7?tag=eloabder-20&linkCode=osi&th=1&psc=1"><img src="https://m.media-amazon.com/images/I/310oJnMMURS._SL500_.jpg" alt="Product Image"></a><p>Johnson's Baby Calming Baby Shampoo with Soothing NaturalCalm Scent, Hypoallergenic & Tear-Free Baby Hair Shampoo, Free of Parabens, Phthalates, Sulfates & Dyes, 20.3 fl. oz</p><p> -9% 0FF </p><p>$5.39 ($0.27 / Fl Oz)</p><a href="https://www.amazon.com/dp/B07DGPL4Y7?tag=eloabder-20&linkCode=osi&th=1&psc=1">View Product</a></div><div class="product"><a href="https://www.amazon.com/dp/B072QXWXS6?tag=eloabder-20&linkCode=osi&th=1&psc=1"><img src="https://m.media-amazon.com/images/I/31nATTwRNrL._SL500_.jpg" alt="Product Image"></a><p>The Honest Company 2-in-1 Cleansing Shampoo + Body Wash | Gentle for Baby | Naturally Derived, Tear-free, Hypoallergenic | Fragrance Free Sensitive, 10 fl oz</p><p> -8% 0FF </p><p>$10.99 ($1.10 / Fl Oz)</p><a href="https://www.amazon.com/dp/B072QXWXS6?tag=eloabder-20&linkCode=osi&th=1&psc=1">View Product</a></div><div class="product"><a href="https://www.amazon.com/dp/B0BXB874ZB?tag=eloabder-20&linkCode=osi&th=1&psc=1"><img src="https://m.media-amazon.com/images/I/61I9qaFfznL._SL500_.jpg" alt="Product Image"></a><p>SheaMoisture Baby Shampoo & Bath Milk Manuka Honey & Lavender for Delicate Hair and Skin Nighttime Skin and Hair Care Regimen 13 oz</p><p> -10% 0FF </p><p>$8.97 ($0.69 / Fl Oz)</p><a href="https://www.amazon.com/dp/B0BXB874ZB?tag=eloabder-20&linkCode=osi&th=1&psc=1">View Product</a></div>
<div class="product"><a href="https://www.amazon.com/dp/B07JP112TD?tag=eloabder-20&linkCode=osi&th=1&psc=1"><img src="https://m.media-amazon.com/images/I/31-1TtUqz2L._SL500_.jpg" alt="Product Image"></a><p>Stride Rite Baby Girls Sr Taye 2.0 First Walker Shoe, Pink, 3 Infant US</p><p> -30% 0FF </p><p>$25.72</p><a href="https://www.amazon.com/dp/B07JP112TD?tag=eloabder-20&linkCode=osi&th=1&psc=1">View Product</a></div><div class="product"><a href="https://www.amazon.com/dp/B08M5M2ZNJ?tag=eloabder-20&linkCode=osi&th=1&psc=1"><img src="https://m.media-amazon.com/images/I/31qHgEG+WSL._SL500_.jpg" alt="Product Image"></a><p>Baby Booties 6-12 Months Unisex Cozy Fleece Newborn Booties Non-Slip Newborn First Walkers Shoes Toddler Slippers for Baby Boys & Baby Girls Gifts, Black</p><p> -33% 0FF </p><p>$9.99</p><a href="https://www.amazon.com/dp/B08M5M2ZNJ?tag=eloabder-20&linkCode=osi&th=1&psc=1">View Product</a></div><div class="product"><a href="https://www.amazon.com/dp/B0BV2J28DN?tag=eloabder-20&linkCode=osi&th=1&psc=1"><img src="https://m.media-amazon.com/images/I/41n15Z33RlL._SL500_.jpg" alt="Product Image"></a><p>Baby Walking Shoes First Boy Girl Walker Infant Sock Tennis Mesh Sneakers Breathable 6 9 12 18 24 Months Camel Size 6-12 Months Infant</p><p> -18% 0FF </p><p>$26.99</p><a href="https://www.amazon.com/dp/B0BV2J28DN?tag=eloabder-20&linkCode=osi&th=1&psc=1">View Product</a></div><div class="product"><a href="https://www.amazon.com/dp/B0C9ZTGHWF?tag=eloabder-20&linkCode=osi&th=1&psc=1"><img src="https://m.media-amazon.com/images/I/41jzu4SNmLL._SL500_.jpg" alt="Product Image"></a><p>BMCiTYBM Baby Boy Girl Shoes Infant First Walker Shoes Breathable Walking Shoes Lightweight Non-Slip Sneakers 6 9 12 18 24 Months Gray Size 12-18 Months Infant</p><p> -12% 0FF </p><p>$29.99</p><a href="https://www.amazon.com/dp/B0C9ZTGHWF?tag=eloabder-20&linkCode=osi&th=1&psc=1">View Product</a></div>
<div class="product"><a href="https://www.amazon.com/dp/B0B6Z9SVXG?tag=eloabder-20&linkCode=osi&th=1&psc=1"><img src="https://m.media-amazon.com/images/I/41yQhQfpuJL._SL500_.jpg" alt="Product Image"></a><p>Shiaon Baby Sling Carrier Newborn to Toddler, Lightweight Baby Carrier Sling, Baby Wrap Sling, Baby Hip Seat Carrier for Toddler Sling, Baby Holder Carrier, Nursing Sling, Carrying 7-45 lbs, Grey</p><p> -20% 0FF </p><p>$32.99</p><a href="https://www.amazon.com/dp/B0B6Z9SVXG?tag=eloabder-20&linkCode=osi&th=1&psc=1">View Product</a></div><div class="product"><a href="https://www.amazon.com/dp/B07SK6GVCJ?tag=eloabder-20&linkCode=osi&th=1&psc=1"><img src="https://m.media-amazon.com/images/I/41o7bWiYEUL._SL500_.jpg" alt="Product Image"></a><p>CUBY Water Baby Sling Carrier Breathable Mesh Baby Wraps Carrier Adjustable Ring Sling Baby Carrier Infant Carrier for Summer Swimming Pool Beach (Light Grey)</p><p> -27% 0FF </p><p>$18.99</p><a href="https://www.amazon.com/dp/B07SK6GVCJ?tag=eloabder-20&linkCode=osi&th=1&psc=1">View Product</a></div><div class="product"><a href="https://www.amazon.com/dp/B07YQYRVDX?tag=eloabder-20&linkCode=osi&th=1&psc=1"><img src="https://m.media-amazon.com/images/I/41nKHqgPniL._SL500_.jpg" alt="Product Image"></a><p>Baby Sling and Ring Sling 100% Cotton Muslin Infant Carrier, Front and Chest Newborn Carrier Wrap, Toddler Carrier – Grey</p><p> -31% 0FF </p><p>$44.95</p><a href="https://www.amazon.com/dp/B07YQYRVDX?tag=eloabder-20&linkCode=osi&th=1&psc=1">View Product</a></div>
<div class="product"><a href="https://www.amazon.com/dp/B07N13W76L?tag=eloabder-20&linkCode=osi&th=1&psc=1"><img src="https://m.media-amazon.com/images/I/41d8emuEA8L._SL500_.jpg" alt="Product Image"></a><p>Baby Dove Sensitive Skin Care Baby Wash Calming Moisture For a Calming Bath Wash Hypoallergenic and Tear-Free, Washes Away Bacteria 13 oz</p><p> -6% 0FF </p><p>$7.99 ($0.61 / Ounce)</p><a href="https://www.amazon.com/dp/B07N13W76L?tag=eloabder-20&linkCode=osi&th=1&psc=1">View Product</a></div><div class="product"><a href="https://www.amazon.com/dp/B097NRRRNT?tag=eloabder-20&linkCode=osi&th=1&psc=1"><img src="https://m.media-amazon.com/images/I/31qcQUGmwRS._SL500_.jpg" alt="Product Image"></a><p>Johnson's Skin Nourishing Moisture Baby Body Wash With Vanilla & Oat Scents, Hypoallergenic & Tear Free Baby Bath Wash, Paraben-, Dye-, Sulfate & Phthalate-Free, 20.3 fl. oz</p><p> -26% 0FF </p><p>$6.78 ($0.33 / Fl Oz)</p><a href="https://www.amazon.com/dp/B097NRRRNT?tag=eloabder-20&linkCode=osi&th=1&psc=1">View Product</a></div><div class="product"><a href="https://www.amazon.com/dp/B07D2G6CLG?tag=eloabder-20&linkCode=osi&th=1&psc=1"><img src="https://m.media-amazon.com/images/I/31EQ6Pb153L._SL500_.jpg" alt="Product Image"></a><p>Johnson's Bedtime Baby Bath with Soothing NaturalCalm Aromas, Hypoallergenic & Tear Free Formula, 27.1 fl. oz</p><p> -33% 0FF </p><p>$9.98 ($0.37 / Fl Oz)</p><a href="https://www.amazon.com/dp/B07D2G6CLG?tag=eloabder-20&linkCode=osi&th=1&psc=1">View Product</a></div>
<div class="product"><a href="https://www.amazon.com/dp/B006VB29D8?tag=eloabder-20&linkCode=osi&th=1&psc=1"><img src="https://m.media-amazon.com/images/I/41avOtC2ssL._SL500_.jpg" alt="Product Image"></a><p>Munchkin® Soft Tip™ Baby Spoons, BPA Free, 12 Pack</p><p> -17% 0FF </p><p>$6.98</p><a href="https://www.amazon.com/dp/B006VB29D8?tag=eloabder-20&linkCode=osi&th=1&psc=1">View Product</a></div><div class="product"><a href="https://www.amazon.com/dp/B0CKJXWM44?tag=eloabder-20&linkCode=osi&th=1&psc=1"><img src="https://m.media-amazon.com/images/I/41n4jr8b6VL._SL500_.jpg" alt="Product Image"></a><p>Nuby Baby's First Spoons Set - (3-Pack) Feeding Utensils for Babies - 6+ Months</p><p> -40% 0FF </p><p>$5.97</p><a href="https://www.amazon.com/dp/B0CKJXWM44?tag=eloabder-20&linkCode=osi&th=1&psc=1">View Product</a></div><div class="product"><a href="https://www.amazon.com/dp/B0CKWJNQP4?tag=eloabder-20&linkCode=osi&th=1&psc=1"><img src="https://m.media-amazon.com/images/I/413epEJW7PL._SL500_.jpg" alt="Product Image"></a><p>Munchkin® Gentle Dip™ Multistage First Spoon Set for Baby Led Weaning, Self Feeding, Solids & Purees, 3 Pack, Coral/Purple</p><p> -35% 0FF </p><p>$6.49</p><a href="https://www.amazon.com/dp/B0CKWJNQP4?tag=eloabder-20&linkCode=osi&th=1&psc=1">View Product</a></div><div class="product"><a href="https://www.amazon.com/dp/B08MVST7H1?tag=eloabder-20&linkCode=osi&th=1&psc=1"><img src="https://m.media-amazon.com/images/I/319zTmlUj8L._SL500_.jpg" alt="Product Image"></a><p>PrimaStella Silicone Chew Spoon Set for Babies and Toddlers | Safety Tested | BPA Free | Microwave, Dishwasher and Freezer Safe</p><p> -33% 0FF </p><p>$7.99</p><a href="https://www.amazon.com/dp/B08MVST7H1?tag=eloabder-20&linkCode=osi&th=1&psc=1">View Product</a></div>
<div class="product"><a href="https://www.amazon.com/dp/B0D5Q2GKMX?tag=eloabder-20&linkCode=osi&th=1&psc=1"><img src="https://m.media-amazon.com/images/I/51PSbL1vo1L._SL500_.jpg" alt="Product Image"></a><p>Accombe 2 in 1 Baby Stroller, Convertible Bassinet Pushchair for Infants and Newborns 0-36 Months</p><p> -23% 0FF </p><p>$154.99</p><a href="https://www.amazon.com/dp/B0D5Q2GKMX?tag=eloabder-20&linkCode=osi&th=1&psc=1">View Product</a></div><div class="product"><a href="https://www.amazon.com/dp/B01FCDWZFC?tag=eloabder-20&linkCode=osi&th=1&psc=1"><img src="https://m.media-amazon.com/images/I/41jrn+R3+0L._SL500_.jpg" alt="Product Image"></a><p>Baby Trend Range Jogger Stroller, Millennium</p><p> -36% 0FF </p><p>$90.08</p><a href="https://www.amazon.com/dp/B01FCDWZFC?tag=eloabder-20&linkCode=osi&th=1&psc=1">View Product</a></div><div class="product"><a href="https://www.amazon.com/dp/B0BSP4K34F?tag=eloabder-20&linkCode=osi&th=1&psc=1"><img src="https://m.media-amazon.com/images/I/41zs0EAVv0L._SL500_.jpg" alt="Product Image"></a><p>Summer by Ingenuity 3Dquickclose CS+ Compact Fold Stroller, Car-Seat Compatible, Lightweight Stroller with Oversized Canopy, Extra-Large Storage</p><p> -19% 0FF </p><p>$80.74</p><a href="https://www.amazon.com/dp/B0BSP4K34F?tag=eloabder-20&linkCode=osi&th=1&psc=1">View Product</a></div><div class="product"><a href="https://www.amazon.com/dp/B08K2YFNDW?tag=eloabder-20&linkCode=osi&th=1&psc=1"><img src="https://m.media-amazon.com/images/I/41USzhsByBL._SL500_.jpg" alt="Product Image"></a><p>Graco Ready2Grow LX 2.0 Double Stroller Features Bench Seat and Standing Platform Options, Clark</p><p> -20% 0FF </p><p>$215.99</p><a href="https://www.amazon.com/dp/B08K2YFNDW?tag=eloabder-20&linkCode=osi&th=1&psc=1">View Product</a></div><div class="product"><a href="https://www.amazon.com/dp/B09FL82SRC?tag=eloabder-20&linkCode=osi&th=1&psc=1"><img src="https://m.media-amazon.com/images/I/41oWEq1J+SL._SL500_.jpg" alt="Product Image"></a><p>Mompush Wiz 2-in-1 Convertible Baby Stroller with Bassinet Mode - Foldable Infant Stroller to Explore More as a Family - Toddler Stroller with Reversible Stroller Seat</p><p> -30% 0FF </p><p>$159.99</p><a href="https://www.amazon.com/dp/B09FL82SRC?tag=eloabder-20&linkCode=osi&th=1&psc=1">View Product</a></div><div class="product"><a href="https://www.amazon.com/dp/B01JRY00C2?tag=eloabder-20&linkCode=osi&th=1&psc=1"><img src="https://m.media-amazon.com/images/I/41oyBwt71IL._SL500_.jpg" alt="Product Image"></a><p>Safety 1st Smooth Ride Travel System Stroller and Car Seat OnBoard™ FLX - Efficient Infant Car Seat Stroller and Infant Car Seat and Stroller Combo, Monument</p><p> -9% 0FF </p><p>$199.99</p><a href="https://www.amazon.com/dp/B01JRY00C2?tag=eloabder-20&linkCode=osi&th=1&psc=1">View Product</a></div>
<div class="product"><a href="https://www.amazon.com/dp/B08K2CN246?tag=eloabder-20&linkCode=osi&th=1&psc=1"><img src="https://m.media-amazon.com/images/I/41kw6Z5JVpL._SL500_.jpg" alt="Product Image"></a><p>Graco Soothe My Way with Removable Rocker, Madden - Versatile Baby Swing & Portable Rocker</p><p> -5% 0FF </p><p>$199.99</p><a href="https://www.amazon.com/dp/B08K2CN246?tag=eloabder-20&linkCode=osi&th=1&psc=1">View Product</a></div><div class="product"><a href="https://www.amazon.com/dp/B0CPTD1PS8?tag=eloabder-20&linkCode=osi&th=1&psc=1"><img src="https://m.media-amazon.com/images/I/31mjNCs4A0L._SL500_.jpg" alt="Product Image"></a><p>Maxi-Cosi Cassia Baby Swings for Infants: Smart Portable Baby Swing with Music, Lightweight & Foldable Baby Swing, 360 Rotation Infant Swing, Classic Oat</p><p> -14% 0FF </p><p>$172.65</p><a href="https://www.amazon.com/dp/B0CPTD1PS8?tag=eloabder-20&linkCode=osi&th=1&psc=1">View Product</a></div>
<div class="product"><a href="https://www.amazon.com/dp/B0795ZW85G?tag=eloabder-20&linkCode=osi&th=1&psc=1"><img src="https://m.media-amazon.com/images/I/41MJ3gfs90L._SL500_.jpg" alt="Product Image"></a><p>Kinsa Smart,Fever, Digital Medical Baby, Kid and Adult Termometro - Accurate, Fast, FDA Cleared Thermometer for Oral, Armpit or Rectal Temperature Reading - QuickCare</p><p> -27% 0FF </p><p>$21.97</p><a href="https://www.amazon.com/dp/B0795ZW85G?tag=eloabder-20&linkCode=osi&th=1&psc=1">View Product</a></div>
<div class="product"><a href="https://www.amazon.com/dp/B0866RV9SM?tag=eloabder-20&linkCode=osi&th=1&psc=1"><img src="https://m.media-amazon.com/images/I/41n5jaf1l8L._SL500_.jpg" alt="Product Image"></a><p>Dr. Brown's Infant-to-Toddler Training Toothbrush Set with Fluoride-Free Baby Toothpaste, Strawberry - Giraffe - 1.4oz - 0-3 years</p><p> -9% 0FF </p><p>$8.19</p><a href="https://www.amazon.com/dp/B0866RV9SM?tag=eloabder-20&linkCode=osi&th=1&psc=1">View Product</a></div>
<div class="product"><a href="https://www.amazon.com/dp/B079KV58DJ?tag=eloabder-20&linkCode=osi&th=1&psc=1"><img src="https://m.media-amazon.com/images/I/31a0bFQr94L._SL500_.jpg" alt="Product Image"></a><p>Dr. Talbot's Baby Toothpaste Naturally Inspired with Citroganix and Silicone Finger Gum Massager, Vanilla Milk Flavor</p><p> -35% 0FF </p><p>$3.87</p><a href="https://www.amazon.com/dp/B079KV58DJ?tag=eloabder-20&linkCode=osi&th=1&psc=1">View Product</a></div><div class="product"><a href="https://www.amazon.com/dp/B07GT9YRXD?tag=eloabder-20&linkCode=osi&th=1&psc=1"><img src="https://m.media-amazon.com/images/I/416EJX6PtPL._SL500_.jpg" alt="Product Image"></a><p>Baby Toothpaste 6 to 12 Months - Rain Fluoride Free Tooth Paste Gel for Infant Toddler Kids 0-6 Years and Up, Safe to Swallow, 2.8 Oz, Babies Training, Xylitol, Vitamin C, Vegan, SLS Free, Gluten Free</p><p> -25% 0FF </p><p>$13.94</p><a href="https://www.amazon.com/dp/B07GT9YRXD?tag=eloabder-20&linkCode=osi&th=1&psc=1">View Product</a></div>
<div class="product"><a href="https://www.amazon.com/dp/B0B9BMFS4X?tag=eloabder-20&linkCode=osi&th=1&psc=1"><img src="https://m.media-amazon.com/images/I/51QOy--SVyL._SL500_.jpg" alt="Product Image"></a><p>HOMEXCEL Baby Washcloths 24 Pack-Microfiber Coral Fleece Baby Bath Face Towel 7 x 9 Inch Extra Absorbent and Soft Burp Cloth and Wash Cloths for Newborn-Infants and Toddlers-Gentle On Sensitive Skin</p><p> -10% 0FF </p><p>$8.99</p><a href="https://www.amazon.com/dp/B0B9BMFS4X?tag=eloabder-20&linkCode=osi&th=1&psc=1">View Product</a></div>
<div class="product"><a href="https://www.amazon.com/dp/B00M2AAYG6?tag=eloabder-20&linkCode=osi&th=1&psc=1"><img src="https://m.media-amazon.com/images/I/41fixA-oZyL._SL500_.jpg" alt="Product Image"></a><p>Smart Steps 3.0 Activity Walker, Emily</p><p> -20% 0FF </p><p>$39.98</p><a href="https://www.amazon.com/dp/B00M2AAYG6?tag=eloabder-20&linkCode=osi&th=1&psc=1">View Product</a></div><div class="product"><a href="https://www.amazon.com/dp/B0C4PB4QN3?tag=eloabder-20&linkCode=osi&th=1&psc=1"><img src="https://m.media-amazon.com/images/I/41a0CSHVcBL._SL500_.jpg" alt="Product Image"></a><p>Wismind Baby Walker Foldable with 9 Adjustable Heights, Baby Walkers and Activity Center for Boys Girls Babies 7-18 Months, Baby Walker with Wheels Portable</p><p> -30% 0FF </p><p>$69.99</p><a href="https://www.amazon.com/dp/B0C4PB4QN3?tag=eloabder-20&linkCode=osi&th=1&psc=1">View Product</a></div><div class="product"><a href="https://www.amazon.com/dp/B074ZDNJBD?tag=eloabder-20&linkCode=osi&th=1&psc=1"><img src="https://m.media-amazon.com/images/I/41WJhym-67L._SL500_.jpg" alt="Product Image"></a><p>Fisher-Price Baby Toy Laugh & Learn Smart Stages Learn with Puppy Walker with Music Lights & Activities for Infants Ages 6+ Months</p><p> -20% 0FF </p><p>$19.97</p><a href="https://www.amazon.com/dp/B074ZDNJBD?tag=eloabder-20&linkCode=osi&th=1&psc=1">View Product</a></div><div class="product"><a href="https://www.amazon.com/dp/B0CPP7HFVY?tag=eloabder-20&linkCode=osi&th=1&psc=1"><img src="https://m.media-amazon.com/images/I/51L9TuZYYDL._SL500_.jpg" alt="Product Image"></a><p>Tiny Land Wooden Baby Walker, Baby Push Walker, Montessori Walker Toy, Adjustable Speed Baby Walker for Boys and Girls, Baby Activity Center, Push Toys for Kids Development</p><p> -6% 0FF </p><p>$79.99</p><a href="https://www.amazon.com/dp/B0CPP7HFVY?tag=eloabder-20&linkCode=osi&th=1&psc=1">View Product</a></div><div class="product"><a href="https://www.amazon.com/dp/B09QNK7BD9?tag=eloabder-20&linkCode=osi&th=1&psc=1"><img src="https://m.media-amazon.com/images/I/417kGxszQCL._SL500_.jpg" alt="Product Image"></a><p>Bright Starts Disney Baby Minnie Mouse Forever Besties 2-in-1 Baby Activity Walker - Easy Fold Frame and Removable -Toy Station, 6 Months and up</p><p> -17% 0FF </p><p>$49.98</p><a href="https://www.amazon.com/dp/B09QNK7BD9?tag=eloabder-20&linkCode=osi&th=1&psc=1">View Product</a></div>
<div class="product"><a href="https://www.amazon.com/dp/B078XYF78X?tag=eloabder-20&linkCode=osi&th=1&psc=1"><img src="https://m.media-amazon.com/images/I/41cDmYF13wL._SL500_.jpg" alt="Product Image"></a><p>Huggies Simply Clean Fragrance-Free Baby Wipes, Unscented Diaper Wipes, 1 Flip-Top Pack (64 Wipes Total)</p><p> -21% 0FF </p><p>$2.17 ($3.39 / 100 Count)</p><a href="https://www.amazon.com/dp/B078XYF78X?tag=eloabder-20&linkCode=osi&th=1&psc=1">View Product</a></div><div class="product"><a href="https://www.amazon.com/dp/B08QRT84WJ?tag=eloabder-20&linkCode=osi&th=1&psc=1"><img src="https://m.media-amazon.com/images/I/51vfRHDV3QL._SL500_.jpg" alt="Product Image"></a><p>Huggies Natural Care Sensitive Baby Wipes, Unscented, Hypoallergenic, 6 Flip-Top Packs (288 Wipes Total)</p><p> -15% 0FF </p><p>$11.33 ($3.93 / 100 Count)</p><a href="https://www.amazon.com/dp/B08QRT84WJ?tag=eloabder-20&linkCode=osi&th=1&psc=1">View Product</a></div><div class="product"><a href="https://www.amazon.com/dp/B0CNSCVGPH?tag=eloabder-20&linkCode=osi&th=1&psc=1"><img src="https://m.media-amazon.com/images/I/51oFmARUYLL._SL500_.jpg" alt="Product Image"></a><p>Huggies Simply Clean Fresh Scent Baby Wipes, 3 Flip-Top Packs of 64 (192 Wipes Total)</p><p> -13% 0FF </p><p>$6.77 ($3.53 / 100 Count)</p><a href="https://www.amazon.com/dp/B0CNSCVGPH?tag=eloabder-20&linkCode=osi&th=1&psc=1">View Product</a></div><div class="product"><a href="https://www.amazon.com/dp/B07KGL6L56?tag=eloabder-20&linkCode=osi&th=1&psc=1"><img src="https://m.media-amazon.com/images/I/41mNPe9fqbL._SL500_.jpg" alt="Product Image"></a><p>Pampers Baby Clean Wipes, Baby Fresh Scented Baby Wipes, 72 Baby Wipes Total (1 Flip-Top Pack)</p><p> -27% 0FF </p><p>$2.49 ($3.46 / 100 Count)</p><a href="https://www.amazon.com/dp/B07KGL6L56?tag=eloabder-20&linkCode=osi&th=1&psc=1">View Product</a></div><div class="product"><a href="https://www.amazon.com/dp/B07XMFVN95?tag=eloabder-20&linkCode=osi&th=1&psc=1"><img src="https://m.media-amazon.com/images/I/51-VIf1JGuL._SL500_.jpg" alt="Product Image"></a><p>Amazon Brand - Mama Bear Gentle Fragrance Free Baby Wipes, Hypoallergenic, Sensitive Skin, Unscented, 800 Count (8 Packs of 100)</p><p> -11% 0FF </p><p>$20.59</p><a href="https://www.amazon.com/dp/B07XMFVN95?tag=eloabder-20&linkCode=osi&th=1&psc=1">View Product</a></div>
<div class="product"><a href="https://www.amazon.com/dp/B082PSKBXV?tag=eloabder-20&linkCode=osi&th=1&psc=1"><img src="https://m.media-amazon.com/images/I/41e-U+REwlL._SL500_.jpg" alt="Product Image"></a><p>Baby Wrap Carrier Jeroray Hands Free Infant Carrier,Lightweight,Breathable,Softness,Heather Grey</p><p> -11% 0FF </p><p>$19.59</p><a href="https://www.amazon.com/dp/B082PSKBXV?tag=eloabder-20&linkCode=osi&th=1&psc=1">View Product</a></div>
<div class="product"><a href="https://www.amazon.com/dp/B0771L5HN5?tag=eloabder-20&linkCode=osi&th=1&psc=1"><img src="https://m.media-amazon.com/images/I/51pAl1My4tL._SL500_.jpg" alt="Product Image"></a><p>Corner Protector for Baby, Protectors Guards, Furniture Corner Guard & Edge Safety Bumpers - Baby Proof Bumper Cushion - Clear & Transparent (12 Pack)</p><p> -11% 0FF </p><p>$7.98 ($0.66 / Count)</p><a href="https://www.amazon.com/dp/B0771L5HN5?tag=eloabder-20&linkCode=osi&th=1&psc=1">View Product</a></div><div class="product"><a href="https://www.amazon.com/dp/B07CNS8W5Y?tag=eloabder-20&linkCode=osi&th=1&psc=1"><img src="https://m.media-amazon.com/images/I/41Hxr+wFkkL._SL500_.jpg" alt="Product Image"></a><p>12 Pack Corner Guards Corner Protectors Baby Proof Furniture Corner & Edge Safety Bumpers, Table Corner Protector for Furniture Corner Covers Baby Safety</p><p> -17% 0FF </p><p>$4.99</p><a href="https://www.amazon.com/dp/B07CNS8W5Y?tag=eloabder-20&linkCode=osi&th=1&psc=1">View Product</a></div>
<div class="product"><a href="https://www.amazon.com/dp/B0BDFB3LW6?tag=eloabder-20&linkCode=osi&th=1&psc=1"><img src="https://m.media-amazon.com/images/I/31HyDb7637L._SL500_.jpg" alt="Product Image"></a><p>Baby Proofing Cabinets,Cabinet Locks for Babies,U-Shaped Child Locks for Cabinets, Child Proof Cabinet Latches,Child Safety Cabinet Locks with Adjustable by SPISPI (Pack of 2)</p><p> -30% 0FF </p><p>$6.99</p><a href="https://www.amazon.com/dp/B0BDFB3LW6?tag=eloabder-20&linkCode=osi&th=1&psc=1">View Product</a></div><div class="product"><a href="https://www.amazon.com/dp/B07GRNTXJZ?tag=eloabder-20&linkCode=osi&th=1&psc=1"><img src="https://m.media-amazon.com/images/I/41WR7vsRvML._SL500_.jpg" alt="Product Image"></a><p>Upgraded Invisible Baby Proofing Cabinet Latch Locks (10 Pack) - No Drilling or Tools Required for Installation, Works with Most Cabinets and Drawers, Works with Countertop Overhangs, Highly Secure</p><p> -33% 0FF </p><p>$19.99</p><a href="https://www.amazon.com/dp/B07GRNTXJZ?tag=eloabder-20&linkCode=osi&th=1&psc=1">View Product</a></div><div class="product"><a href="https://www.amazon.com/dp/B07TV9QY16?tag=eloabder-20&linkCode=osi&th=1&psc=1"><img src="https://m.media-amazon.com/images/I/31CzUhfEf9S._SL500_.jpg" alt="Product Image"></a><p>Child Safety Cabinet Locks - (10 Pack) Baby Proofing Latches to Drawer Door Fridge Oven Toilet Seat Kitchen Cupboard Appliance Trash Can with 3M Adhesive - Adjustable Strap No Drill No Tool</p><p> -25% 0FF </p><p>$14.99</p><a href="https://www.amazon.com/dp/B07TV9QY16?tag=eloabder-20&linkCode=osi&th=1&psc=1">View Product</a></div><div class="product"><a href="https://www.amazon.com/dp/B0D7W79D9T?tag=eloabder-20&linkCode=osi&th=1&psc=1"><img src="https://m.media-amazon.com/images/I/31awaiU9CVL._SL500_.jpg" alt="Product Image"></a><p>Baby Proofing Cabinets, Sliding Cabinet Locks for Babies, Adjustable U Shaped Baby Safety Locks, Childproof Cabinet Latch for Kitchen, Bathroom, Drawer, Cupboard Doors Knobs & Handles (2Pack White)</p><p> -25% 0FF </p><p>$2.99</p><a href="https://www.amazon.com/dp/B0D7W79D9T?tag=eloabder-20&linkCode=osi&th=1&psc=1">View Product</a></div><div class="product"><a href="https://www.amazon.com/dp/B07K2PWN19?tag=eloabder-20&linkCode=osi&th=1&psc=1"><img src="https://m.media-amazon.com/images/I/41UlC3lEJaS._SL500_.jpg" alt="Product Image"></a><p>Cabinet Locks - Adoric Life Child Safety Locks 4 Pack - Baby Safety Cabinet Locks - Baby Proofing Cabinet Kitchen System with Strong Adhesive Tape</p><p> -46% 0FF </p><p>$6.99</p><a href="https://www.amazon.com/dp/B07K2PWN19?tag=eloabder-20&linkCode=osi&th=1&psc=1">View Product</a></div>
<div class="product"><a href="https://www.amazon.com/dp/B007IUOG5A?tag=eloabder-20&linkCode=osi&th=1&psc=1"><img src="https://m.media-amazon.com/images/I/31+8zGGzplL._SL500_.jpg" alt="Product Image"></a><p>Safety Innovations Twin Door Baby Safety Outlet Cover Box for Babyproofing Outlets - More Interior Space for Extra Large Electrical Plugs and Adapters - Easy to Install - Easy to Use, (1-Pack)</p><p> -33% 0FF </p><p>$9.95</p><a href="https://www.amazon.com/dp/B007IUOG5A?tag=eloabder-20&linkCode=osi&th=1&psc=1">View Product</a></div><div class="product"><a href="https://www.amazon.com/dp/B000HKVG9C?tag=eloabder-20&linkCode=osi&th=1&psc=1"><img src="https://m.media-amazon.com/images/I/41RdFKMVyCL._SL500_.jpg" alt="Product Image"></a><p>Safety 1st Outlet Cover with Cord Shortener for Baby Proofing</p><p> -9% 0FF </p><p>$4.98</p><a href="https://www.amazon.com/dp/B000HKVG9C?tag=eloabder-20&linkCode=osi&th=1&psc=1">View Product</a></div><div class="product"><a href="https://www.amazon.com/dp/B01N7H7J47?tag=eloabder-20&linkCode=osi&th=1&psc=1"><img src="https://m.media-amazon.com/images/I/414dT3xocLL._SL500_.jpg" alt="Product Image"></a><p>Outlet Covers Baby Proofing (50 Pack) Safe & Secure Electric Plug Protectors | Sturdy Childproof Socket Covers for Home & Office | Easy Installation | Protect Toddlers & Babies | White</p><p> -31% 0FF </p><p>$8.99</p><a href="https://www.amazon.com/dp/B01N7H7J47?tag=eloabder-20&linkCode=osi&th=1&psc=1">View Product</a></div>
<div class="product"><a href="https://www.amazon.com/dp/B08SQYKXCH?tag=eloabder-20&linkCode=osi&th=1&psc=1"><img src="https://m.media-amazon.com/images/I/51NMUNJ6CmL._SL500_.jpg" alt="Product Image"></a><p>Baby Proofing Edge Corner Protector, Table Bumper Guard, Soft Rubber Foam Guard, 3M Pre-Taped Corners, 20.5 ft (18.1ft Edge + 8 Corners) Baby Proof Corner Guard Heavy-Duty (18.1ft, Cream White)</p><p> -5% 0FF </p><p>$15.75</p><a href="https://www.amazon.com/dp/B08SQYKXCH?tag=eloabder-20&linkCode=osi&th=1&psc=1">View Product</a></div>
<div class="product"><a href="https://www.amazon.com/dp/B082LN53Y4?tag=eloabder-20&linkCode=osi&th=1&psc=1"><img src="https://m.media-amazon.com/images/I/51MQ1RC2tuL._SL500_.jpg" alt="Product Image"></a><p>Baby Car Mirror Most Stable Backseat Mirror with Premium Matte Finish-Super Clear PMMA Material Mirror-Safe, Secure and Shatterproof,Black</p><p> -53% 0FF </p><p>$7.99</p><a href="https://www.amazon.com/dp/B082LN53Y4?tag=eloabder-20&linkCode=osi&th=1&psc=1">View Product</a></div><div class="product"><a href="https://www.amazon.com/dp/B07MT8HXVC?tag=eloabder-20&linkCode=osi&th=1&psc=1"><img src="https://m.media-amazon.com/images/I/51lvNQUNxjL._SL500_.jpg" alt="Product Image"></a><p>Baby Car Mirror, DARVIQS Seat Safely Monitor Infant Child in Rear Facing Seat, Wide View Shatterproof Adjustable Acrylic 360°for Backseat, Crash Tested and Certified for Safety</p><p> -15% 0FF </p><p>$12.69</p><a href="https://www.amazon.com/dp/B07MT8HXVC?tag=eloabder-20&linkCode=osi&th=1&psc=1">View Product</a></div><div class="product"><a href="https://www.amazon.com/dp/B01K478YBA?tag=eloabder-20&linkCode=osi&th=1&psc=1"><img src="https://m.media-amazon.com/images/I/413tQ4nkWHL._SL500_.jpg" alt="Product Image"></a><p>Shynerk Baby Car Mirror, Rear Facing Car Seat Mirror Safety for Infant Newborn, Baby Mirror with Wide Rearview & 360° Rotation, Shatterproof & Easy Assembled Crash Tested</p><p> -38% 0FF </p><p>$15.99</p><a href="https://www.amazon.com/dp/B01K478YBA?tag=eloabder-20&linkCode=osi&th=1&psc=1">View Product</a></div><div class="product"><a href="https://www.amazon.com/dp/B08FLH1SHC?tag=eloabder-20&linkCode=osi&th=1&psc=1"><img src="https://m.media-amazon.com/images/I/31HQAIIlPlL._SL500_.jpg" alt="Product Image"></a><p>Munchkin® Brica® 360 Pivot Baby in-Sight® Wide Angle Adjustable Car Mirror, Crash Tested and Shatter Resistant, Black</p><p> -11% 0FF </p><p>$20.52</p><a href="https://www.amazon.com/dp/B08FLH1SHC?tag=eloabder-20&linkCode=osi&th=1&psc=1">View Product</a></div><div class="product"><a href="https://www.amazon.com/dp/B0DD43HCBS?tag=eloabder-20&linkCode=osi&th=1&psc=1"><img src="https://m.media-amazon.com/images/I/411RbPJWuRL._SL500_.jpg" alt="Product Image"></a><p>WZBB Baby Car Mirror with Light - Remote Control, 360° Adjustable, Shatter Resistant, Clear Night Vision, Easy Installation for Rear Facing Infants and Toddlers</p><p> -22% 0FF </p><p>$27.98</p><a href="https://www.amazon.com/dp/B0DD43HCBS?tag=eloabder-20&linkCode=osi&th=1&psc=1">View Product</a></div>
<div class="product"><a href="https://www.amazon.com/dp/B000JVCJDQ?tag=eloabder-20&linkCode=osi&th=1&psc=1"><img src="https://m.media-amazon.com/images/I/41o-rEGfj5L._SL500_.jpg" alt="Product Image"></a><p>Earth Mama Organic Diaper Balm | Diaper Cream with Calendula | Calm Skin Baby Essentials for Diaper Bag |Multipurpose Baby Ointment, 2-Fluid Ounce (2-Pack)</p><p> -30% 0FF </p><p>$26.58</p><a href="https://www.amazon.com/dp/B000JVCJDQ?tag=eloabder-20&linkCode=osi&th=1&psc=1">View Product</a></div><div class="product"><a href="https://www.amazon.com/dp/B006YTX0HQ?tag=eloabder-20&linkCode=osi&th=1&psc=1"><img src="https://m.media-amazon.com/images/I/41WJwvRm5aL._SL500_.jpg" alt="Product Image"></a><p>Burt's Bees Christmas Gifts, Baby 100% Natural Multipurpose Healing Ointment, Face & Body Baby Ointment – 7.5 Ounce Tub</p><p> -16% 0FF </p><p>$7.59 ($1.01 / Ounce)</p><a href="https://www.amazon.com/dp/B006YTX0HQ?tag=eloabder-20&linkCode=osi&th=1&psc=1">View Product</a></div><div class="product"><a href="https://www.amazon.com/dp/B01HI7VY84?tag=eloabder-20&linkCode=osi&th=1&psc=1"><img src="https://m.media-amazon.com/images/I/41tnCnueEWL._SL500_.jpg" alt="Product Image"></a><p>Aveeno Baby Eczema Therapy Nighttime Moisturizing Body Balm, Nourishing Skin Protectant Soothes & Relieves Dry, Itchy Skin from Eczema, Hypoallergenic, Fragrance- & Steroid-Free, 11 oz</p><p> -28% 0FF </p><p>$19.37 ($1.76 / Ounce)</p><a href="https://www.amazon.com/dp/B01HI7VY84?tag=eloabder-20&linkCode=osi&th=1&psc=1">View Product</a></div><div class="product"><a href="https://www.amazon.com/dp/B078B9JPLX?tag=eloabder-20&linkCode=osi&th=1&psc=1"><img src="https://m.media-amazon.com/images/I/31V-kg6EG5L._SL500_.jpg" alt="Product Image"></a><p>Earth Mama Organic Baby Face Nose & Cheek Balm | Moisturizer with Calendula Oil for Dry Skin Care, Natural Petroleum Jelly Alternative (2-Fluid Ounce)</p><p> -9% 0FF </p><p>$9.99 ($5.00 / Ounce)</p><a href="https://www.amazon.com/dp/B078B9JPLX?tag=eloabder-20&linkCode=osi&th=1&psc=1">View Product</a></div>
<div class="product"><a href="https://www.amazon.com/dp/B0C6V4KH59?tag=eloabder-20&linkCode=osi&th=1&psc=1"><img src="https://m.media-amazon.com/images/I/41-m52lOZwL._SL500_.jpg" alt="Product Image"></a><p>HALO Baby Flex BassiNest, Adjustable Travel Bassinet, Easy Folding, Lightweight with Mattress and Carrying Bag, Morning Mist</p><p> -50% 0FF </p><p>$49.99</p><a href="https://www.amazon.com/dp/B0C6V4KH59?tag=eloabder-20&linkCode=osi&th=1&psc=1">View Product</a></div><div class="product"><a href="https://www.amazon.com/dp/B0C7VRMHYY?tag=eloabder-20&linkCode=osi&th=1&psc=1"><img src="https://m.media-amazon.com/images/I/41XOT8oQMML._SL500_.jpg" alt="Product Image"></a><p>AirClub Bassinet Bedside Sleeper, Baby Crib for Newborn, Baby Bassinets Bedside Sleeper with 4 Auto-Lock & Adjustable Height, Breathable Mesh & Mattress, Bedside Bassinet</p><p> -25% 0FF </p><p>$149.99</p><a href="https://www.amazon.com/dp/B0C7VRMHYY?tag=eloabder-20&linkCode=osi&th=1&psc=1">View Product</a></div><div class="product"><a href="https://www.amazon.com/dp/B0CB3HVPL7?tag=eloabder-20&linkCode=osi&th=1&psc=1"><img src="https://m.media-amazon.com/images/I/41AO8J-9fZL._SL500_.jpg" alt="Product Image"></a><p>Fodoss Baby Bassinets Bedside Sleeper - All Mesh Bedside Bassinet with Wheels, 7 Height Adjustable Baby Bassinet for Infants, Beige</p><p> -10% 0FF </p><p>$89.99</p><a href="https://www.amazon.com/dp/B0CB3HVPL7?tag=eloabder-20&linkCode=osi&th=1&psc=1">View Product</a></div><div class="product"><a href="https://www.amazon.com/dp/B0CXG8NVBP?tag=eloabder-20&linkCode=osi&th=1&psc=1"><img src="https://m.media-amazon.com/images/I/3173PjIYwrL._SL500_.jpg" alt="Product Image"></a><p>Graco® SmartSense™ Soothing Baby Bassinet – Smart Newborn Bassinet Detects and Automatically Responds to Baby's Cries – for Newborn Babies to 6 Months</p><p> -20% 0FF </p><p>$319.99</p><a href="https://www.amazon.com/dp/B0CXG8NVBP?tag=eloabder-20&linkCode=osi&th=1&psc=1">View Product</a></div><div class="product"><a href="https://www.amazon.com/dp/B08K3314ZL?tag=eloabder-20&linkCode=osi&th=1&psc=1"><img src="https://m.media-amazon.com/images/I/41pUDfJ9dAL._SL500_.jpg" alt="Product Image"></a><p>Graco Pack 'n Play Close2Baby Bassinet Playard Features Portable Bassinet Diaper Changer and More, Derby</p><p> -6% 0FF </p><p>$188.09</p><a href="https://www.amazon.com/dp/B08K3314ZL?tag=eloabder-20&linkCode=osi&th=1&psc=1">View Product</a></div><div class="product"><a href="https://www.amazon.com/dp/B0CTKT6641?tag=eloabder-20&linkCode=osi&th=1&psc=1"><img src="https://m.media-amazon.com/images/I/31pNKDUBgDL._SL500_.jpg" alt="Product Image"></a><p>Baby Delight Beside Me Dreamer Bassinet | Bedside Sleeper & Baby Bassinet | 6-Position Height Adjustment | 100% GOTS Certified Organic Cotton Fabric | Organic Mocha</p><p> -22% 0FF </p><p>$139.99</p><a href="https://www.amazon.com/dp/B0CTKT6641?tag=eloabder-20&linkCode=osi&th=1&psc=1">View Product</a></div><div class="product"><a href="https://www.amazon.com/dp/B09XHKL683?tag=eloabder-20&linkCode=osi&th=1&psc=1"><img src="https://m.media-amazon.com/images/I/611wEYRVaUL._SL500_.jpg" alt="Product Image"></a><p>Baby Bassinet Bedside Sleeper, besrey Bedside Bassinet for Newborn Infant with Comfy Mattress, 9 Height Positions, Adjustable Bedside Crib with 360° Swivel Wheels Bassinet for Baby with Storage Basket</p><p> -27% 0FF </p><p>$153.99</p><a href="https://www.amazon.com/dp/B09XHKL683?tag=eloabder-20&linkCode=osi&th=1&psc=1">View Product</a></div>
<div class="product"><a href="https://www.amazon.com/dp/B08CNM6DZT?tag=eloabder-20&linkCode=osi&th=1&psc=1"><img src="https://m.media-amazon.com/images/I/51D5+ArDsWL._SL500_.jpg" alt="Product Image"></a><p>Comfortable Bath Kneeler and Elbow Kneeling Rest Pad for Baby Bathing Parents - Painless Foam Mat with Toy Organizer Pockets - Quick Drying, Foldable, Non-Slip for Baby and Toddler Bathing</p><p> -20% 0FF </p><p>$41.97</p><a href="https://www.amazon.com/dp/B08CNM6DZT?tag=eloabder-20&linkCode=osi&th=1&psc=1">View Product</a></div><div class="product"><a href="https://www.amazon.com/dp/B07FK58QB1?tag=eloabder-20&linkCode=osi&th=1&psc=1"><img src="https://m.media-amazon.com/images/I/41qpzgGaHVL._SL500_.jpg" alt="Product Image"></a><p>Skip Hop Moby Bath Kneeler, Grey</p><p> -20% 0FF </p><p>$14.39</p><a href="https://www.amazon.com/dp/B07FK58QB1?tag=eloabder-20&linkCode=osi&th=1&psc=1">View Product</a></div><div class="product"><a href="https://www.amazon.com/dp/B081T5449V?tag=eloabder-20&linkCode=osi&th=1&psc=1"><img src="https://m.media-amazon.com/images/I/41bxm5Tx9BL._SL500_.jpg" alt="Product Image"></a><p>Toodly Baby Bath Kneeler and Elbow Rest Pad Set - Baby Bath Support for Knees and Elbows - Bath Kneeler Pad with Memory Foam and Bath Toys Organizer - Ideal Bath Kneeling Pad for Bathing Baby - Grey</p><p> -33% 0FF </p><p>$39.99</p><a href="https://www.amazon.com/dp/B081T5449V?tag=eloabder-20&linkCode=osi&th=1&psc=1">View Product</a></div><div class="product"><a href="https://www.amazon.com/dp/B07K1W7WN5?tag=eloabder-20&linkCode=osi&th=1&psc=1"><img src="https://m.media-amazon.com/images/I/31c0BxxJKZL._SL500_.jpg" alt="Product Image"></a><p>Skip Hop Baby Bath All-in-One Elbow Saver and Kneeler, Moby, Grey</p><p> -22% 0FF </p><p>$29.49</p><a href="https://www.amazon.com/dp/B07K1W7WN5?tag=eloabder-20&linkCode=osi&th=1&psc=1">View Product</a></div><div class="product"><a href="https://www.amazon.com/dp/B0CP48MH77?tag=eloabder-20&linkCode=osi&th=1&psc=1"><img src="https://m.media-amazon.com/images/I/41hoDZTiOEL._SL500_.jpg" alt="Product Image"></a><p>Efforest Baby Bath Kneeler and Elbow Rest Pad Set, 1.5" Thick Kneeling Pad for Baby Bath, Bathtub Kneeling pad with Toy Organizer for Knee & Arm Support, Non-Slip Mat for Baby & Toddler Bath</p><p> -50% 0FF </p><p>$17.48</p><a href="https://www.amazon.com/dp/B0CP48MH77?tag=eloabder-20&linkCode=osi&th=1&psc=1">View Product</a></div><div class="product"><a href="https://www.amazon.com/dp/B07WQTV19X?tag=eloabder-20&linkCode=osi&th=1&psc=1"><img src="https://m.media-amazon.com/images/I/41KGpUoWZ-S._SL500_.jpg" alt="Product Image"></a><p>Bath Kneeler and Elbow Rest Pad, 1.75 inch Extra Thick Baby Bath Kneeling Pad and Elbow Pad for Bathtub. Bath Tub Elbow Pad with Infant Toy and Baby Accessories Organizer, Grey</p><p> -13% 0FF </p><p>$34.99</p><a href="https://www.amazon.com/dp/B07WQTV19X?tag=eloabder-20&linkCode=osi&th=1&psc=1">View Product</a></div>
<div class="product"><a href="https://www.amazon.com/dp/B00I3K25R0?tag=eloabder-20&linkCode=osi&th=1&psc=1"><img src="https://m.media-amazon.com/images/I/41wucHZw+xL._SL500_.jpg" alt="Product Image"></a><p>Munchkin® Float & Play Bubbles™ Baby and Toddler Bath Toy, 4 Count</p><p> -35% 0FF </p><p>$6.15</p><a href="https://www.amazon.com/dp/B00I3K25R0?tag=eloabder-20&linkCode=osi&th=1&psc=1">View Product</a></div><div class="product"><a href="https://www.amazon.com/dp/B0C3VFVWYB?tag=eloabder-20&linkCode=osi&th=1&psc=1"><img src="https://m.media-amazon.com/images/I/41Cr35zwy4L._SL500_.jpg" alt="Product Image"></a><p>XY-WQ Bath Toys No Hole, for Infants 6-12& Toddlers 1-3, No Hole Bathtub Toys (Animal Ⅱ, 8 Pcs with Mesh Bag)</p><p> -25% 0FF </p><p>$11.99</p><a href="https://www.amazon.com/dp/B0C3VFVWYB?tag=eloabder-20&linkCode=osi&th=1&psc=1">View Product</a></div><div class="product"><a href="https://www.amazon.com/dp/B0D95ZDWD3?tag=eloabder-20&linkCode=osi&th=1&psc=1"><img src="https://m.media-amazon.com/images/I/51J3Myxu1lL._SL500_.jpg" alt="Product Image"></a><p>candyfouse Baby Whale Bath Toys,Whale Bath Toy Sprinkler, Light Up Bath Toys for Toddlers 1-3, Four Water Spray Patterns, Waterproof Design, Bathtub Fountain Spray Toy, Baby Birthday Shower Gifts</p><p> -40% 0FF </p><p>$5.99</p><a href="https://www.amazon.com/dp/B0D95ZDWD3?tag=eloabder-20&linkCode=osi&th=1&psc=1">View Product</a></div><div class="product"><a href="https://www.amazon.com/dp/B07Z22YMPN?tag=eloabder-20&linkCode=osi&th=1&psc=1"><img src="https://m.media-amazon.com/images/I/5101dLkJnoL._SL500_.jpg" alt="Product Image"></a><p>Toy Boat Bath Toys for Toddlers with 4 Mini Car Toys and 4 Bath Boat Squirters, Kids Ferry Boat for Bathtub Bathroom Pool Beach Toys</p><p> -50% 0FF </p><p>$13.47</p><a href="https://www.amazon.com/dp/B07Z22YMPN?tag=eloabder-20&linkCode=osi&th=1&psc=1">View Product</a></div><div class="product"><a href="https://www.amazon.com/dp/B0C72TGNHL?tag=eloabder-20&linkCode=osi&th=1&psc=1"><img src="https://m.media-amazon.com/images/I/51AOyTHwqrL._SL500_.jpg" alt="Product Image"></a><p>SplashEZ Mold Free Bath Toys for Babies & Toddlers, Car No Hole Bath Toys, Non Squirting Bath Toys No Mold for Tub, Beach, Pool, BPA-Free, Safe, Fun Infant Baby Bath Toys No Holes 0 1 3 6 12 18 Months</p><p> -38% 0FF </p><p>$9.99</p><a href="https://www.amazon.com/dp/B0C72TGNHL?tag=eloabder-20&linkCode=osi&th=1&psc=1">View Product</a></div>
<div class="product"><a href="https://www.amazon.com/dp/B078941ZC8?tag=eloabder-20&linkCode=osi&th=1&psc=1"><img src="https://m.media-amazon.com/images/I/31ltY+yutGL._SL500_.jpg" alt="Product Image"></a><p>Summer by Ingenuity My Bath Seat for Sit-Up Baby Bathing, Sure & Secure Suction Cups, ASTM Safety Tested & Approved, Backrest for Assisted Sitting, Easy Setup & Storage, Aqua</p><p> -34% 0FF </p><p>$23.16</p><a href="https://www.amazon.com/dp/B078941ZC8?tag=eloabder-20&linkCode=osi&th=1&psc=1">View Product</a></div><div class="product"><a href="https://www.amazon.com/dp/B0DCZ4F9MT?tag=eloabder-20&linkCode=osi&th=1&psc=1"><img src="https://m.media-amazon.com/images/I/31BF+egPyoL._SL500_.jpg" alt="Product Image"></a><p>Baby Bath Seat for Babies 6 Months & Up, Bath Seats for Babies Sitting Up, 3 Baby Bath Toys, Open Design, Non-Slip, Compact Toddler Bath Seat.</p><p> -6% 0FF </p><p>$39.99</p><a href="https://www.amazon.com/dp/B0DCZ4F9MT?tag=eloabder-20&linkCode=osi&th=1&psc=1">View Product</a></div><div class="product"><a href="https://www.amazon.com/dp/B0CSCYM2NW?tag=eloabder-20&linkCode=osi&th=1&psc=1"><img src="https://m.media-amazon.com/images/I/31Vbrx5q63L._SL500_.jpg" alt="Product Image"></a><p>Trankerloop Baby Bath Seat, Bath Seat for Baby 6 Month & up, Baby Bath tub Seat with Suction Cups, Non-Slip, Detachable, Pink</p><p> -11% 0FF </p><p>$39.99</p><a href="https://www.amazon.com/dp/B0CSCYM2NW?tag=eloabder-20&linkCode=osi&th=1&psc=1">View Product</a></div><div class="product"><a href="https://www.amazon.com/dp/B0CJF7WSCV?tag=eloabder-20&linkCode=osi&th=1&psc=1"><img src="https://m.media-amazon.com/images/I/41r0TqNTb+L._SL500_.jpg" alt="Product Image"></a><p>BKFEDLU Infant Bath Seat with Thermometer, Suction Cups, Toys - Toddler Bath Chair for Babies 6 Months & Up</p><p> -50% 0FF </p><p>$19.99</p><a href="https://www.amazon.com/dp/B0CJF7WSCV?tag=eloabder-20&linkCode=osi&th=1&psc=1">View Product</a></div><div class="product"><a href="https://www.amazon.com/dp/B0CRYFHT1G?tag=eloabder-20&linkCode=osi&th=1&psc=1"><img src="https://m.media-amazon.com/images/I/41nKT+O2y1L._SL500_.jpg" alt="Product Image"></a><p>Baby Bath Seat LDIIDII Baby Bathtub Seat Infant Bath Seat for Babies 6 Months&Up Sit Up Bathing in Tub,Toddler Bath Seat with Water Thermometer/4 Strong Suction Cup/3 Bath Toys/Shower Cap (Grey)</p><p> -50% 0FF </p><p>$19.99</p><a href="https://www.amazon.com/dp/B0CRYFHT1G?tag=eloabder-20&linkCode=osi&th=1&psc=1">View Product</a></div><div class="product"><a href="https://www.amazon.com/dp/B0D9VMXND1?tag=eloabder-20&linkCode=osi&th=1&psc=1"><img src="https://m.media-amazon.com/images/I/41UIJrNYB2L._SL500_.jpg" alt="Product Image"></a><p>Baby Bath Seat for Babies 6 Months & Up, Non-Slip Toddler Bath Seat for Baby Sitting Up, Safe Baby Bath tub Seat with Suction Cups, Soft Cushion, Baby Bath Chair, Gray</p><p> -13% 0FF </p><p>$39.99</p><a href="https://www.amazon.com/dp/B0D9VMXND1?tag=eloabder-20&linkCode=osi&th=1&psc=1">View Product</a></div><div class="product"><a href="https://www.amazon.com/dp/B0CR78TDQS?tag=eloabder-20&linkCode=osi&th=1&psc=1"><img src="https://m.media-amazon.com/images/I/41nFTXKoQGL._SL500_.jpg" alt="Product Image"></a><p>Wddbb Baby Bath Seat, Bath seat for Babies 6 Months & up, with Thermometer Bath Seats for Babies Sitting up, Non-Slip Toddler Bath Seat for Baby,Baby Bathtub Baby Bath Seats 6-24 Months (Gray)</p><p> -50% 0FF </p><p>$19.98</p><a href="https://www.amazon.com/dp/B0CR78TDQS?tag=eloabder-20&linkCode=osi&th=1&psc=1">View Product</a></div>
<div class="product"><a href="https://www.amazon.com/dp/B073GGVN3Q?tag=eloabder-20&linkCode=osi&th=1&psc=1"><img src="https://m.media-amazon.com/images/I/31vxBAs9CqL._SL500_.jpg" alt="Product Image"></a><p>b&h Baby Thermometer, The Infant Baby Bath Floating Toy Safety Temperature Water Thermometer (Classic Duck)</p><p> -6% 0FF </p><p>$15.99</p><a href="https://www.amazon.com/dp/B073GGVN3Q?tag=eloabder-20&linkCode=osi&th=1&psc=1">View Product</a></div><div class="product"><a href="https://www.amazon.com/dp/B0CBVTGRW2?tag=eloabder-20&linkCode=osi&th=1&psc=1"><img src="https://m.media-amazon.com/images/I/415ogBhdwML._SL500_.jpg" alt="Product Image"></a><p>Nuby Bath and Room Digital Thermometer - Baby Thermometer for Safe and Cozy Bath and Room Temperatures - Penguin</p><p> -20% 0FF </p><p>$11.99</p><a href="https://www.amazon.com/dp/B0CBVTGRW2?tag=eloabder-20&linkCode=osi&th=1&psc=1">View Product</a></div><div class="product"><a href="https://www.amazon.com/dp/B08HWBT9YD?tag=eloabder-20&linkCode=osi&th=1&psc=1"><img src="https://m.media-amazon.com/images/I/31SEPnY30NL._SL500_.jpg" alt="Product Image"></a><p>Doli Yearning Upgrade Baby Bath Thermometer Room Temperature| Water Thermometer|Kids' Bathroom Safety Products| Baby Bath(Seal Shape)℃/℉, LCD</p><p> -28% 0FF </p><p>$12.99</p><a href="https://www.amazon.com/dp/B08HWBT9YD?tag=eloabder-20&linkCode=osi&th=1&psc=1">View Product</a></div><div class="product"><a href="https://www.amazon.com/dp/B0CNCVSKWJ?tag=eloabder-20&linkCode=osi&th=1&psc=1"><img src="https://m.media-amazon.com/images/I/413jcI7ZoZL._SL500_.jpg" alt="Product Image"></a><p>Baby Bath Thermometer, Digital Water Temperature Thermometer with 3 Color Backlit and Temperature Warning, Safety Bath Tube Thermometer Floating Toy for Infant, Toddler</p><p> -7% 0FF </p><p>$12.99</p><a href="https://www.amazon.com/dp/B0CNCVSKWJ?tag=eloabder-20&linkCode=osi&th=1&psc=1">View Product</a></div><div class="product"><a href="https://www.amazon.com/dp/B01MY98912?tag=eloabder-20&linkCode=osi&th=1&psc=1"><img src="https://m.media-amazon.com/images/I/41HQEQLxeCL._SL500_.jpg" alt="Product Image"></a><p>Bath Thermometer - Bath Water Thermometer for Bathtub Baby Safety Water Temperature for Baby Bath - Easy to Use Bath Temperature Thermometer</p><p> -12% 0FF </p><p>$5.25</p><a href="https://www.amazon.com/dp/B01MY98912?tag=eloabder-20&linkCode=osi&th=1&psc=1">View Product</a></div><div class="product"><a href="https://www.amazon.com/dp/B0CYLVX1ZJ?tag=eloabder-20&linkCode=osi&th=1&psc=1"><img src="https://m.media-amazon.com/images/I/41xhSGYiopL._SL500_.jpg" alt="Product Image"></a><p>Pircaath Baby Bath Thermometer & Swimming Turtle Floating Bath Toys, BPA-Free Bath Thermometer Baby Safety, Backlit Display Bathtub Thermometer Baby Water Thermometer, Bath Temperature Toy for Infant</p><p> -17% 0FF </p><p>$9.99</p><a href="https://www.amazon.com/dp/B0CYLVX1ZJ?tag=eloabder-20&linkCode=osi&th=1&psc=1">View Product</a></div><div class="product"><a href="https://www.amazon.com/dp/B07GC7H86T?tag=eloabder-20&linkCode=osi&th=1&psc=1"><img src="https://m.media-amazon.com/images/I/414jIzev-VL._SL500_.jpg" alt="Product Image"></a><p>Baby Bath Thermometer with Room Thermometer - Famidoc FDTH-V0-22 New Upgraded Sensor Technology for Baby Health Bath Tub Thermometer Floating Toy Thermometer (Blue)</p><p> -12% 0FF </p><p>$14.99</p><a href="https://www.amazon.com/dp/B07GC7H86T?tag=eloabder-20&linkCode=osi&th=1&psc=1">View Product</a></div>
<div class="product"><a href="https://www.amazon.com/dp/B00G0KPLZI?tag=eloabder-20&linkCode=osi&th=1&psc=1"><img src="https://m.media-amazon.com/images/I/41X53ExW5-S._SL500_.jpg" alt="Product Image"></a><p>Spasilk Hooded Terry Bathrobe with Booties, Blue Plane, One Size</p><p> -14% 0FF </p><p>$11.99</p><a href="https://www.amazon.com/dp/B00G0KPLZI?tag=eloabder-20&linkCode=osi&th=1&psc=1">View Product</a></div><div class="product"><a href="https://www.amazon.com/dp/B09N7BB9Y6?tag=eloabder-20&linkCode=osi&th=1&psc=1"><img src="https://m.media-amazon.com/images/I/41iGc7gTxlL._SL500_.jpg" alt="Product Image"></a><p>ROMASA Baby Bath Towel Ultra Soft Hooded Towel Highly Absorbent Bathrobe Blanket Toddlers Shower Gifts for Boys Girls- 27.5" x 55" (Yellow)</p><p> -20% 0FF </p><p>$14.39 ($1.27 / Ounce)</p><a href="https://www.amazon.com/dp/B09N7BB9Y6?tag=eloabder-20&linkCode=osi&th=1&psc=1">View Product</a></div>
<div class="product"><a href="https://www.amazon.com/dp/B0C9Q8MXWW?tag=eloabder-20&linkCode=osi&th=1&psc=1"><img src="https://m.media-amazon.com/images/I/31aI3dosJJL._SL500_.jpg" alt="Product Image"></a><p>Baby Bathtub Faucet Cover, Bath Faucet Cover for Kids, Baby Bath Spout Cover, Soft Silicone Bathtub Faucet Safety Toys, Cute Whale, Universal Fit, Make Your Baby's Bath Time Fun and Love It</p><p> -46% 0FF </p><p>$6.99</p><a href="https://www.amazon.com/dp/B0C9Q8MXWW?tag=eloabder-20&linkCode=osi&th=1&psc=1">View Product</a></div><div class="product"><a href="https://www.amazon.com/dp/B07D98DLDV?tag=eloabder-20&linkCode=osi&th=1&psc=1"><img src="https://m.media-amazon.com/images/I/21f3AzvkYLL._SL500_.jpg" alt="Product Image"></a><p>Skip Hop Baby Bath Spout Cover, Universal Fit, Moby, Grey</p><p> -7% 0FF </p><p>$12.99</p><a href="https://www.amazon.com/dp/B07D98DLDV?tag=eloabder-20&linkCode=osi&th=1&psc=1">View Product</a></div><div class="product"><a href="https://www.amazon.com/dp/B0CSYJQ9D6?tag=eloabder-20&linkCode=osi&th=1&psc=1"><img src="https://m.media-amazon.com/images/I/314iWaEh9xL._SL500_.jpg" alt="Product Image"></a><p>Baby Bathtub Faucet Cover, Baby Safety Protection Silicone Toys, Bath Spout Cover Baby Bathtub, Faucet Cover Baby Bathtub Silicone Whale for Kids, Toddler, Infant, Grey Whale</p><p> -20% 0FF </p><p>$7.99</p><a href="https://www.amazon.com/dp/B0CSYJQ9D6?tag=eloabder-20&linkCode=osi&th=1&psc=1">View Product</a></div>
<div class="product"><a href="https://www.amazon.com/dp/B0070WGV9K?tag=eloabder-20&linkCode=osi&th=1&psc=1"><img src="https://m.media-amazon.com/images/I/41pqg6p2q0L._SL500_.jpg" alt="Product Image"></a><p>Regalo Swing Down Bed Rail Guard, with Reinforced Anchor Safety System</p><p> -8% 0FF </p><p>$23.99</p><a href="https://www.amazon.com/dp/B0070WGV9K?tag=eloabder-20&linkCode=osi&th=1&psc=1">View Product</a></div><div class="product"><a href="https://www.amazon.com/dp/B0CWS2NZ3K?tag=eloabder-20&linkCode=osi&th=1&psc=1"><img src="https://m.media-amazon.com/images/I/41OVQSq+N9L._SL500_.jpg" alt="Product Image"></a><p>NUTIKAS Baby Bed Rail Guard for Toddlers - 47" Toddler Bed Side Rails for Twin, Full, Queen Bunk Size Bed Swing Down Bedrail Extral Tall Child Safety Side Railing Guards for Kids</p><p> -27% 0FF </p><p>$35.98</p><a href="https://www.amazon.com/dp/B0CWS2NZ3K?tag=eloabder-20&linkCode=osi&th=1&psc=1">View Product</a></div><div class="product"><a href="https://www.amazon.com/dp/B00MTJWT68?tag=eloabder-20&linkCode=osi&th=1&psc=1"><img src="https://m.media-amazon.com/images/I/21FdaFkL+tL._SL500_.jpg" alt="Product Image"></a><p>Dream On Me Lightweight Mesh Security Adjustable Bed Rail for Toddler, Breathable Mesh Fabric, Suitable for All Types Of Beds, Reinforced Anchor System Bed Guard Rail, White</p><p> -50% 0FF </p><p>$19.98</p><a href="https://www.amazon.com/dp/B00MTJWT68?tag=eloabder-20&linkCode=osi&th=1&psc=1">View Product</a></div><div class="product"><a href="https://www.amazon.com/dp/B07JJP7S3Q?tag=eloabder-20&linkCode=osi&th=1&psc=1"><img src="https://m.media-amazon.com/images/I/41Rn7Sf-wLL._SL500_.jpg" alt="Product Image"></a><p>BANBALOO | Bed Bumper for Toddlers 53" | Bed Rails for Queen, King, Twin, Full-Size Bed | Toddler Bed Bumper | Bumpers for Bed | Bed Rail for Toddlers | Bed Barrier for Toddler | Foam Bumper</p><p> -23% 0FF </p><p>$26.99</p><a href="https://www.amazon.com/dp/B07JJP7S3Q?tag=eloabder-20&linkCode=osi&th=1&psc=1">View Product</a></div>
<div class="product"><a href="https://www.amazon.com/dp/B07SPT3D3J?tag=eloabder-20&linkCode=osi&th=1&psc=1"><img src="https://m.media-amazon.com/images/I/517zG-7ToEL._SL500_.jpg" alt="Product Image"></a><p>Teddy Soft Baby Book Activity Quiet Cloth Books Developmental Toys,Interactive Baby Books for Babies Toddlers Infants kids,Baby Boy Girls Machine Washable Toys Fabric Soft Book Goodnight Gift Box</p><p> -5% 0FF </p><p>$17.95</p><a href="https://www.amazon.com/dp/B07SPT3D3J?tag=eloabder-20&linkCode=osi&th=1&psc=1">View Product</a></div>
<div class="product"><a href="https://www.amazon.com/dp/B00JFTFPHK?tag=eloabder-20&linkCode=osi&th=1&psc=1"><img src="https://m.media-amazon.com/images/I/51O+qRW-KEL._SL500_.jpg" alt="Product Image"></a><p>25pcs 1" Pacifier Suspender Clips, Marrywindix Pacifier Clips for Making Pacifier Holders Bib Clips Toy Holder Silver</p><p> -33% 0FF </p><p>$5.99</p><a href="https://www.amazon.com/dp/B00JFTFPHK?tag=eloabder-20&linkCode=osi&th=1&psc=1">View Product</a></div><div class="product"><a href="https://www.amazon.com/dp/B00W94QLX0?tag=eloabder-20&linkCode=osi&th=1&psc=1"><img src="https://m.media-amazon.com/images/I/51O+qRW-KEL._SL500_.jpg" alt="Product Image"></a><p>50pcs 1" Pacifier Suspender Clips, Marrywindix Pacifier Clips for Making Pacifier Holders Bib Clips Toy Holder Silver</p><p> -40% 0FF </p><p>$8.99</p><a href="https://www.amazon.com/dp/B00W94QLX0?tag=eloabder-20&linkCode=osi&th=1&psc=1">View Product</a></div>
<div class="product"><a href="https://www.amazon.com/dp/B08G4SDDQC?tag=eloabder-20&linkCode=osi&th=1&psc=1"><img src="https://m.media-amazon.com/images/I/41HQSFX14bL._SL500_.jpg" alt="Product Image"></a><p>8-Pack Organic Baby Bandana Drool Bibs for Girls - Super Absorbent Baby Bibs for Baby Girls, Baby Boys, Soft Cotton Bandana Bibs, Baby Drool Bib, Teething Bibs for Infant, Toddler(Muted Pastel)</p><p> -26% 0FF </p><p>$16.96</p><a href="https://www.amazon.com/dp/B08G4SDDQC?tag=eloabder-20&linkCode=osi&th=1&psc=1">View Product</a></div>
<div class="product"><a href="https://www.amazon.com/dp/B08NNDN5GF?tag=eloabder-20&linkCode=osi&th=1&psc=1"><img src="https://m.media-amazon.com/images/I/41ocef4uVmL._SL500_.jpg" alt="Product Image"></a><p>Hudson Baby Unisex Baby Plush Sleeping Bag, Sack, Blanket, Gray Clouds, 18-24 Months</p><p> -37% 0FF </p><p>$10.08</p><a href="https://www.amazon.com/dp/B08NNDN5GF?tag=eloabder-20&linkCode=osi&th=1&psc=1">View Product</a></div><div class="product"><a href="https://www.amazon.com/dp/B0CQMHYCMX?tag=eloabder-20&linkCode=osi&th=1&psc=1"><img src="https://m.media-amazon.com/images/I/41vq0RvJ3yL._SL500_.jpg" alt="Product Image"></a><p>Gerber Baby Girls Flame Resistant Fleece Footed Pajamas 2-Pack, Purple Rainbows</p><p> -6% 0FF </p><p>$16.98</p><a href="https://www.amazon.com/dp/B0CQMHYCMX?tag=eloabder-20&linkCode=osi&th=1&psc=1">View Product</a></div>
<div class="product"><a href="https://www.amazon.com/dp/B0BDRKG478?tag=eloabder-20&linkCode=osi&th=1&psc=1"><img src="https://m.media-amazon.com/images/I/31LBn9SzD9L._SL500_.jpg" alt="Product Image"></a><p>Graco TurboBooster 2.0 Backless Booster Car Seat, Denton</p><p> -29% 0FF </p><p>$20.49</p><a href="https://www.amazon.com/dp/B0BDRKG478?tag=eloabder-20&linkCode=osi&th=1&psc=1">View Product</a></div><div class="product"><a href="https://www.amazon.com/dp/B07C2RNRCJ?tag=eloabder-20&linkCode=osi&th=1&psc=1"><img src="https://m.media-amazon.com/images/I/31CuULOPD4L._SL500_.jpg" alt="Product Image"></a><p>Graco Tranzitions 3 in 1 Harness Booster Seat</p><p> -21% 0FF </p><p>$94.49</p><a href="https://www.amazon.com/dp/B07C2RNRCJ?tag=eloabder-20&linkCode=osi&th=1&psc=1">View Product</a></div>
<div class="product"><a href="https://www.amazon.com/dp/B09H6Y14KH?tag=eloabder-20&linkCode=osi&th=1&psc=1"><img src="https://m.media-amazon.com/images/I/410cJD5cOBL._SL500_.jpg" alt="Product Image"></a><p>Mancro Breastmilk Cooler Bag with Ice Pack, Fits 6 Baby Bottles Up to 9 Ounce Insulated Bottle Bag, Breast Milk on The go Strap, for Nursing Mom Daycare, Black</p><p> -6% 0FF </p><p>$16.99</p><a href="https://www.amazon.com/dp/B09H6Y14KH?tag=eloabder-20&linkCode=osi&th=1&psc=1">View Product</a></div>
<div class="product"><a href="https://www.amazon.com/dp/B006SFUCV8?tag=eloabder-20&linkCode=osi&th=1&psc=1"><img src="https://m.media-amazon.com/images/I/31Uu2+3+7RL._SL500_.jpg" alt="Product Image"></a><p>Munchkin® High Capacity Drying Rack for Baby Bottles and Accessories, White</p><p> -6% 0FF </p><p>$13.75</p><a href="https://www.amazon.com/dp/B006SFUCV8?tag=eloabder-20&linkCode=osi&th=1&psc=1">View Product</a></div><div class="product"><a href="https://www.amazon.com/dp/B0CHJS27KB?tag=eloabder-20&linkCode=osi&th=1&psc=1"><img src="https://m.media-amazon.com/images/I/51CDxHsKEAL._SL500_.jpg" alt="Product Image"></a><p>Termichy Baby Bottle Drying Rack: Large Vertical Bottle Dryer Rack Holder - Space Saving Standing Drying Rack for Baby Bottles and Pump Part Cleaning (Gray)</p><p> -7% 0FF </p><p>$26.99</p><a href="https://www.amazon.com/dp/B0CHJS27KB?tag=eloabder-20&linkCode=osi&th=1&psc=1">View Product</a></div><div class="product"><a href="https://www.amazon.com/dp/B00RQ83N76?tag=eloabder-20&linkCode=osi&th=1&psc=1"><img src="https://m.media-amazon.com/images/I/31bE-Iv6B6L._SL500_.jpg" alt="Product Image"></a><p>Munchkin Fold Baby Bottle Drying Rack - Compact Design Folds Flat for Easy Storage, White/Grey</p><p> -8% 0FF </p><p>$7.76</p><a href="https://www.amazon.com/dp/B00RQ83N76?tag=eloabder-20&linkCode=osi&th=1&psc=1">View Product</a></div><div class="product"><a href="https://www.amazon.com/dp/B00HNVWGNS?tag=eloabder-20&linkCode=osi&th=1&psc=1"><img src="https://m.media-amazon.com/images/I/41oD0n0VKWL._SL500_.jpg" alt="Product Image"></a><p>Dr. Brown's Folding Baby Bottle Drying Rack for Easy Storage, Dry Nipples, Pacifiers and Other Baby Essentials, BPA-free</p><p> -34% 0FF </p><p>$11.89</p><a href="https://www.amazon.com/dp/B00HNVWGNS?tag=eloabder-20&linkCode=osi&th=1&psc=1">View Product</a></div><div class="product"><a href="https://www.amazon.com/dp/B0CMRV5CPZ?tag=eloabder-20&linkCode=osi&th=1&psc=1"><img src="https://m.media-amazon.com/images/I/41XhN13vG4L._SL500_.jpg" alt="Product Image"></a><p>Dr. Brown's Drying Tower, Stand-Up Drying Rack, Countertop Baby Bottle Drying with Organized Storage for Baby Essentials, Space Saving Vertical Rack</p><p> -32% 0FF </p><p>$19.98</p><a href="https://www.amazon.com/dp/B0CMRV5CPZ?tag=eloabder-20&linkCode=osi&th=1&psc=1">View Product</a></div>
<div class="product"><a href="https://www.amazon.com/dp/B0876T9DQZ?tag=eloabder-20&linkCode=osi&th=1&psc=1"><img src="https://m.media-amazon.com/images/I/41EvYRi2WLL._SL500_.jpg" alt="Product Image"></a><p>Philips Avent Premium Fast Bottle Warmer, with Smart Temperature Control, Water Bath Technology, Automatic Shut-Off, Model SCF358</p><p> -20% 0FF </p><p>$39.99</p><a href="https://www.amazon.com/dp/B0876T9DQZ?tag=eloabder-20&linkCode=osi&th=1&psc=1">View Product</a></div><div class="product"><a href="https://www.amazon.com/dp/B0D2X9276K?tag=eloabder-20&linkCode=osi&th=1&psc=1"><img src="https://m.media-amazon.com/images/I/31kRB6a3EoL._SL500_.jpg" alt="Product Image"></a><p>WITGER 8-in-1 Baby Bottle Warmer and Sterilizer - Fast Heating, Accurate Temperature Control, BPA-Free, Defrosting, Food Heating, and Constant Temperature Maintenance.</p><p> -14% 0FF </p><p>$29.99</p><a href="https://www.amazon.com/dp/B0D2X9276K?tag=eloabder-20&linkCode=osi&th=1&psc=1">View Product</a></div><div class="product"><a href="https://www.amazon.com/dp/B09XJBQWQZ?tag=eloabder-20&linkCode=osi&th=1&psc=1"><img src="https://m.media-amazon.com/images/I/41rEmiL1MDL._SL500_.jpg" alt="Product Image"></a><p>Dr. Brown’s™ Insta-Feed™ Bottle Warmer and Sterilizer</p><p> -14% 0FF </p><p>$24.99</p><a href="https://www.amazon.com/dp/B09XJBQWQZ?tag=eloabder-20&linkCode=osi&th=1&psc=1">View Product</a></div><div class="product"><a href="https://www.amazon.com/dp/B0B97M3PX2?tag=eloabder-20&linkCode=osi&th=1&psc=1"><img src="https://m.media-amazon.com/images/I/31D1jFeOavL._SL500_.jpg" alt="Product Image"></a><p>Momcozy Bottle Warmer, Fast Bottle Warmers for All Bottles with Timer, Accurate Temperature Control and Automatic Shut-Off, Multifunctional Bottle Warmer for Breastmilk</p><p> -43% 0FF </p><p>$33.99</p><a href="https://www.amazon.com/dp/B0B97M3PX2?tag=eloabder-20&linkCode=osi&th=1&psc=1">View Product</a></div><div class="product"><a href="https://www.amazon.com/dp/B07YJKWTYW?tag=eloabder-20&linkCode=osi&th=1&psc=1"><img src="https://m.media-amazon.com/images/I/31Rfvw7DMyL._SL500_.jpg" alt="Product Image"></a><p>Bottle Warmer, GROWNSY 8-in-1 Fast Baby Milk Warmer with Timer for Breastmilk or Formula, Accurate Temperature Control, with Defrost, Sterili-zing, Keep, Heat Baby Food Jars Function</p><p> -20% 0FF </p><p>$39.99</p><a href="https://www.amazon.com/dp/B07YJKWTYW?tag=eloabder-20&linkCode=osi&th=1&psc=1">View Product</a></div><div class="product"><a href="https://www.amazon.com/dp/B0BY26RDWQ?tag=eloabder-20&linkCode=osi&th=1&psc=1"><img src="https://m.media-amazon.com/images/I/412nEaDc-cL._SL500_.jpg" alt="Product Image"></a><p>Momcozy Nutri Bottle Warmer, 9-in-1 Baby Bottle Warmer with Night Light, Accurate Temperature to Preserve Fullest Nutrients in Breast Milk, Bottle Warmers for All Bottles with Breastmilk or Formula</p><p> -20% 0FF </p><p>$39.99</p><a href="https://www.amazon.com/dp/B0BY26RDWQ?tag=eloabder-20&linkCode=osi&th=1&psc=1">View Product</a></div><div class="product"><a href="https://www.amazon.com/dp/B00005BXKM?tag=eloabder-20&linkCode=osi&th=1&psc=1"><img src="https://m.media-amazon.com/images/I/31nh2NZoUTL._SL500_.jpg" alt="Product Image"></a><p>The First Years Baby Bottle Warmer and Sterilizer - Pacifier and Bottle Nipple Sanitizer - Feeding Baby Essentials for Formula or Breast Milk - Holds Multiple Sizes</p><p> -10% 0FF </p><p>$19.75</p><a href="https://www.amazon.com/dp/B00005BXKM?tag=eloabder-20&linkCode=osi&th=1&psc=1">View Product</a></div>
<div class="product"><a href="https://www.amazon.com/dp/B0C7FL2XSL?tag=eloabder-20&linkCode=osi&th=1&psc=1"><img src="https://m.media-amazon.com/images/I/3195BfbxF2L._SL500_.jpg" alt="Product Image"></a><p>Motif Medical, Milk Storage Bags, 6 oz Milk Freezer Bag with Easy Pour Spout, BPA Free, Write-On Label - 100 Count</p><p> -20% 0FF </p><p>$15.99</p><a href="https://www.amazon.com/dp/B0C7FL2XSL?tag=eloabder-20&linkCode=osi&th=1&psc=1">View Product</a></div>
<div class="product"><a href="https://www.amazon.com/dp/B08H9QJVNZ?tag=eloabder-20&linkCode=osi&th=1&psc=1"><img src="https://m.media-amazon.com/images/I/31XZwvFZhIL._SL500_.jpg" alt="Product Image"></a><p>Medela Manual breast pump with Flex Shields Harmony Single Hand for More Comfort and Expressing More Milk</p><p> -34% 0FF </p><p>$28.72</p><a href="https://www.amazon.com/dp/B08H9QJVNZ?tag=eloabder-20&linkCode=osi&th=1&psc=1">View Product</a></div><div class="product"><a href="https://www.amazon.com/dp/B0BXH3XF7X?tag=eloabder-20&linkCode=osi&th=1&psc=1"><img src="https://m.media-amazon.com/images/I/41GBdp47u+L._SL500_.jpg" alt="Product Image"></a><p>Momcozy Hands Free Breast Pump S9 Pro Updated, Wearable Breast Pump of Longer Battery Life & LED Display, Double Portable Electric Breast Pump with 2 Modes & 9 Levels - 24mm, 2 Pack Gray</p><p> -31% 0FF </p><p>$95.98</p><a href="https://www.amazon.com/dp/B0BXH3XF7X?tag=eloabder-20&linkCode=osi&th=1&psc=1">View Product</a></div><div class="product"><a href="https://www.amazon.com/dp/B0CNGJMQDD?tag=eloabder-20&linkCode=osi&th=1&psc=1"><img src="https://m.media-amazon.com/images/I/41XS8v-5dyL._SL500_.jpg" alt="Product Image"></a><p>Momcozy Breast Pump Hands Free M5, Wearable Breast Pump of Baby Mouth Double-Sealed Flange with 3 Modes & 9 Levels, Electric Breast Pump Portable - 24mm, 2 Pack Cozy Red</p><p> -23% 0FF </p><p>$199.99 ($100.00 / Count)</p><a href="https://www.amazon.com/dp/B0CNGJMQDD?tag=eloabder-20&linkCode=osi&th=1&psc=1">View Product</a></div><div class="product"><a href="https://www.amazon.com/dp/B0DK9VJCRK?tag=eloabder-20&linkCode=osi&th=1&psc=1"><img src="https://m.media-amazon.com/images/I/41RyWq3DsfL._SL500_.jpg" alt="Product Image"></a><p>Hands Free Breast Pump Wearable MY-375 - Strong Suction, Low Noise, Wearable Breastfeeding Pump with 4 Mode &12 Levels, Portable Electric Breast Pump - 19/21/24mm Insert/Flange, 2 Pack (White)</p><p> -33% 0FF </p><p>$99.99 ($50.00 / Count)</p><a href="https://www.amazon.com/dp/B0DK9VJCRK?tag=eloabder-20&linkCode=osi&th=1&psc=1">View Product</a></div>
<div class="product"><a href="https://www.amazon.com/dp/B0BTZTSMM7?tag=eloabder-20&linkCode=osi&th=1&psc=1"><img src="https://m.media-amazon.com/images/I/41E+gI3y2mL._SL500_.jpg" alt="Product Image"></a><p>Konssy Muslin Nursing Cover for Baby Breastfeeding, Breathable 100% Cotton Breastfeeding Cover with Rigid Hoop for Mother Nursing Apron, Multi-use Carseat Canopy (Summer Wheat)</p><p> -25% 0FF </p><p>$14.99</p><a href="https://www.amazon.com/dp/B0BTZTSMM7?tag=eloabder-20&linkCode=osi&th=1&psc=1">View Product</a></div><div class="product"><a href="https://www.amazon.com/dp/B0CRY93RSV?tag=eloabder-20&linkCode=osi&th=1&psc=1"><img src="https://m.media-amazon.com/images/I/31GF3tvRWjL._SL500_.jpg" alt="Product Image"></a><p>Konssy Knit Nursing Cover for Breastfeeding, 360 Full Privacy Breathable Breastfeeding Cover, Multi-use Carseat Canopy(Beige)</p><p> -25% 0FF </p><p>$14.99</p><a href="https://www.amazon.com/dp/B0CRY93RSV?tag=eloabder-20&linkCode=osi&th=1&psc=1">View Product</a></div><div class="product"><a href="https://www.amazon.com/dp/B0CYM1Y178?tag=eloabder-20&linkCode=osi&th=1&psc=1"><img src="https://m.media-amazon.com/images/I/41BlDYTW3hL._SL500_.jpg" alt="Product Image"></a><p>Comfy Cubs Nursing Cover for Baby Breastfeeding - 100% Muslin Cotton, Soft & Breathable Cotton, Breastfeeding Pumping Cover for Mom, with Rigid Hoop - Privacy Unisex Lightweight Wrap (Pacific Blue)</p><p> -48% 0FF </p><p>$12.99</p><a href="https://www.amazon.com/dp/B0CYM1Y178?tag=eloabder-20&linkCode=osi&th=1&psc=1">View Product</a></div><div class="product"><a href="https://www.amazon.com/dp/B074M6FRND?tag=eloabder-20&linkCode=osi&th=1&psc=1"><img src="https://m.media-amazon.com/images/I/51odoDcAZ9L._SL500_.jpg" alt="Product Image"></a><p>Baby Nursing Cover & Nursing Poncho - Multi Use Cover for Baby Car Seat Canopy, Shopping Cart Cover, Stroller Cover, 360° Full Privacy Breastfeeding Coverage, Baby Shower Gifts for Boy&Girl</p><p> -30% 0FF </p><p>$13.95</p><a href="https://www.amazon.com/dp/B074M6FRND?tag=eloabder-20&linkCode=osi&th=1&psc=1">View Product</a></div><div class="product"><a href="https://www.amazon.com/dp/B0CB15QFNL?tag=eloabder-20&linkCode=osi&th=1&psc=1"><img src="https://m.media-amazon.com/images/I/31GyAL5zSlL._SL500_.jpg" alt="Product Image"></a><p>Breathable Car Seat Cover for Babies – Multi-Purpose Soft Rayon Nursing Cover for Breastfeeding, High Stretchy Infant Carseat Canopy, Stroller Cover (Smooth Rayon, Blush)</p><p> -20% 0FF </p><p>$7.99</p><a href="https://www.amazon.com/dp/B0CB15QFNL?tag=eloabder-20&linkCode=osi&th=1&psc=1">View Product</a></div>
<div class="product"><a href="https://www.amazon.com/dp/B00PC3K7OE?tag=eloabder-20&linkCode=osi&th=1&psc=1"><img src="https://m.media-amazon.com/images/I/41Ysisnr8oL._SL500_.jpg" alt="Product Image"></a><p>My Brest Friend Nursing Pillow - Deluxe - Enhanced Comfort w/ Slipcover - Ergonomic Breastfeeding Pillow For Ultimate Support For Mom & Baby - Adjustable Pillow W/ Handy Side Pocket, Evening Grey</p><p> -6% 0FF </p><p>$49.99</p><a href="https://www.amazon.com/dp/B00PC3K7OE?tag=eloabder-20&linkCode=osi&th=1&psc=1">View Product</a></div><div class="product"><a href="https://www.amazon.com/dp/B0B2W7X465?tag=eloabder-20&linkCode=osi&th=1&psc=1"><img src="https://m.media-amazon.com/images/I/41TWXbEgaJL._SL500_.jpg" alt="Product Image"></a><p>Momcozy Nursing Pillow for Breastfeeding, Original Plus Size Breastfeeding Pillows for More Support for Mom and Baby, with Adjustable Waist Strap and Removable Cotton Cover, Grey</p><p> -17% 0FF </p><p>$39.99</p><a href="https://www.amazon.com/dp/B0B2W7X465?tag=eloabder-20&linkCode=osi&th=1&psc=1">View Product</a></div><div class="product"><a href="https://www.amazon.com/dp/B08LF56YHJ?tag=eloabder-20&linkCode=osi&th=1&psc=1"><img src="https://m.media-amazon.com/images/I/31pJjCYHNMS._SL500_.jpg" alt="Product Image"></a><p>My Brest Friend Super Deluxe Nursing Pillow - Enhanced Comfort & Ergonomic Breastfeeding Pillow for Ultimate Support For Mom & Baby - Adjustable and with Handy Side Pocket, Platinum</p><p> -8% 0FF </p><p>$59.99</p><a href="https://www.amazon.com/dp/B08LF56YHJ?tag=eloabder-20&linkCode=osi&th=1&psc=1">View Product</a></div><div class="product"><a href="https://www.amazon.com/dp/B0C3RWRCQM?tag=eloabder-20&linkCode=osi&th=1&psc=1"><img src="https://m.media-amazon.com/images/I/516Q+AKi5kL._SL500_.jpg" alt="Product Image"></a><p>PILLANI Nursing Pillow, Plus Size Breastfeeding Pillows for Enhanced Support & Comfort for Mom & Baby, Removable Cotton Cover, Adjustable Waist Strap, Breastfeeding Essentials, Baby Registry Search</p><p> -20% 0FF </p><p>$31.99</p><a href="https://www.amazon.com/dp/B0C3RWRCQM?tag=eloabder-20&linkCode=osi&th=1&psc=1">View Product</a></div><div class="product"><a href="https://www.amazon.com/dp/B0CPVDN3J3?tag=eloabder-20&linkCode=osi&th=1&psc=1"><img src="https://m.media-amazon.com/images/I/41sq3SZUjlL._SL500_.jpg" alt="Product Image"></a><p>Momcozy Original Nursing Pillow and Positioner, Plus Size Breast Feeding Pillow for More Support for Mom and Baby Boy or Girl，Baby Essentials for Nursing or Bottle Feeding and Removable Cotton Cover</p><p> -15% 0FF </p><p>$39.99</p><a href="https://www.amazon.com/dp/B0CPVDN3J3?tag=eloabder-20&linkCode=osi&th=1&psc=1">View Product</a></div><div class="product"><a href="https://www.amazon.com/dp/B00PC3JYQQ?tag=eloabder-20&linkCode=osi&th=1&psc=1"><img src="https://m.media-amazon.com/images/I/51AoteowPXL._SL500_.jpg" alt="Product Image"></a><p>My Brest Friend Original Nursing Pillow Enhanced Ergonomics Essential Breastfeeding Pillow Support For Mom & Baby W/ Convenient Side Pocket, Double Straps & slipcover, Midnight Poppy</p><p> -7% 0FF </p><p>$41.99</p><a href="https://www.amazon.com/dp/B00PC3JYQQ?tag=eloabder-20&linkCode=osi&th=1&psc=1">View Product</a></div>
<div class="product"><a href="https://www.amazon.com/dp/B09KRKGJ3S?tag=eloabder-20&linkCode=osi&th=1&psc=1"><img src="https://m.media-amazon.com/images/I/41fXKHSGeCL._SL500_.jpg" alt="Product Image"></a><p>Looxii Muslin Burp Cloths 100% Cotton Large 20''x10'' Extra Soft and Absorbent 6 Pack Baby Burping Cloth for Boys Girls (Dark Green)</p><p> -6% 0FF </p><p>$13.14</p><a href="https://www.amazon.com/dp/B09KRKGJ3S?tag=eloabder-20&linkCode=osi&th=1&psc=1">View Product</a></div><div class="product"><a href="https://www.amazon.com/dp/B0CLPGQWNB?tag=eloabder-20&linkCode=osi&th=1&psc=1"><img src="https://m.media-amazon.com/images/I/416sGTkqHRL._SL500_.jpg" alt="Product Image"></a><p>Comfy Cubs Muslin Burp Cloths Large 100% Cotton Hand Washcloths for Babies, Baby Essentials 6 Layers Extra Absorbent and Soft Boys & Girls Baby Bibs & Burp Cloths Set (Multicolor, 10-Pack, 20" X10")</p><p> -33% 0FF </p><p>$19.99</p><a href="https://www.amazon.com/dp/B0CLPGQWNB?tag=eloabder-20&linkCode=osi&th=1&psc=1">View Product</a></div><div class="product"><a href="https://www.amazon.com/dp/B0CNKWNY43?tag=eloabder-20&linkCode=osi&th=1&psc=1"><img src="https://m.media-amazon.com/images/I/31iZQ-IdT6L._SL500_.jpg" alt="Product Image"></a><p>Comfy Cubs Burp Cloths 6 Pack Large 100% Cotton Washcloths Double Layered Absorbent Burping Cloth Extra Absorbent Baby Burp Cloth Extra Soft for Boys and Girls (Multicolor Girl, Pack of 6)</p><p> -40% 0FF </p><p>$14.99 ($2.50 / Count)</p><a href="https://www.amazon.com/dp/B0CNKWNY43?tag=eloabder-20&linkCode=osi&th=1&psc=1">View Product</a></div>
<div class="product"><a href="https://www.amazon.com/dp/B096NZHHVR?tag=eloabder-20&linkCode=osi&th=1&psc=1"><img src="https://m.media-amazon.com/images/I/41PxfLKcdWL._SL500_.jpg" alt="Product Image"></a><p>Meolsaek Car Seat Protector for Child Car Seat, 600D Fabric Waterproof Car Seat Cover with Non-Slip Backing, Under Baby Car Seat from Pressure Marks</p><p> -15% 0FF </p><p>$33.97</p><a href="https://www.amazon.com/dp/B096NZHHVR?tag=eloabder-20&linkCode=osi&th=1&psc=1">View Product</a></div><div class="product"><a href="https://www.amazon.com/dp/B096PGXGB4?tag=eloabder-20&linkCode=osi&th=1&psc=1"><img src="https://m.media-amazon.com/images/I/31Y4e9zhROS._SL500_.jpg" alt="Product Image"></a><p>XHYANG Car Seat Protector 1 Pack Car Seat Cushion Mat Thickest Padding,Waterproof 600D Fabric Car Seat Covers for Non-Slip Backing Mesh Pockets for Baby and Pet (1 Seat Protector)</p><p> -24% 0FF </p><p>$17.95</p><a href="https://www.amazon.com/dp/B096PGXGB4?tag=eloabder-20&linkCode=osi&th=1&psc=1">View Product</a></div><div class="product"><a href="https://www.amazon.com/dp/B09828NDRS?tag=eloabder-20&linkCode=osi&th=1&psc=1"><img src="https://m.media-amazon.com/images/I/31ua+nTGAXL._SL500_.jpg" alt="Product Image"></a><p>XHYANG Car Seat Protector,Auto Car Seat Protectors Baby Carseat Waterproof Durable 600D Fabric for Child Baby Car Seat Mat Vehicle Pet Cover 2 Storage Pockets (1 Pack)</p><p> -31% 0FF </p><p>$17.99</p><a href="https://www.amazon.com/dp/B09828NDRS?tag=eloabder-20&linkCode=osi&th=1&psc=1">View Product</a></div><div class="product"><a href="https://www.amazon.com/dp/B0CB14PHZT?tag=eloabder-20&linkCode=osi&th=1&psc=1"><img src="https://m.media-amazon.com/images/I/31lC1dggTTL._SL500_.jpg" alt="Product Image"></a><p>Breathable Car Seat Cover for Babies – Multi-Purpose Soft Rayon Nursing Cover for Breastfeeding, High Stretchy Infant Carseat Canopy, Stroller Cover (Smooth Rayon, Roman Green)</p><p> -20% 0FF </p><p>$7.19</p><a href="https://www.amazon.com/dp/B0CB14PHZT?tag=eloabder-20&linkCode=osi&th=1&psc=1">View Product</a></div><div class="product"><a href="https://www.amazon.com/dp/B08H4WCFXV?tag=eloabder-20&linkCode=osi&th=1&psc=1"><img src="https://m.media-amazon.com/images/I/516mz-4vqgL._SL500_.jpg" alt="Product Image"></a><p>Yoofoss Baby Car Seat Cover Winter Carseat Canopies Cover to Protect Baby from Cold Wind, Super Warm Plush Fleece Baby Carrier Cover for Infant Boys Girls (Black)</p><p> -11% 0FF </p><p>$32.99</p><a href="https://www.amazon.com/dp/B08H4WCFXV?tag=eloabder-20&linkCode=osi&th=1&psc=1">View Product</a></div>

<div class="product"><a href="https://www.amazon.com/dp/B07W6JGDYW?tag=eloabder-20&linkCode=osi&th=1&psc=1"><img src="https://m.media-amazon.com/images/I/41H2tKos7SL._SL500_.jpg" alt="Product Image"></a><p>Kaiphy Car Seat Protector - Seat Protection Mat - Thick Padding - Durable, Waterproof Fabric, Leather Reinforced Corners & 3 Pockets for Handy Storage Black</p><p> -46% 0FF </p><p>$13.97</p><a href="https://www.amazon.com/dp/B07W6JGDYW?tag=eloabder-20&linkCode=osi&th=1&psc=1">View Product</a></div><div class="product"><a href="https://www.amazon.com/dp/B0D5XFHH28?tag=eloabder-20&linkCode=osi&th=1&psc=1"><img src="https://m.media-amazon.com/images/I/31XhcmIiWAL._SL500_.jpg" alt="Product Image"></a><p>Car Seat Protector, Carseat Seat Protectors with Thick Padding and Upgraded Non-Slip Backing, Waterproof Seat Protector under Baby Car Seat, 600D Fabric Car Seat Covers with Storage Pockets for Baby</p><p> -20% 0FF </p><p>$13.59</p><a href="https://www.amazon.com/dp/B0D5XFHH28?tag=eloabder-20&linkCode=osi&th=1&psc=1">View Product</a></div><div class="product"><a href="https://www.amazon.com/dp/B07JBQBVL6?tag=eloabder-20&linkCode=osi&th=1&psc=1"><img src="https://m.media-amazon.com/images/I/31PZj+OEfjL._SL500_.jpg" alt="Product Image"></a><p>Car Seat Protector for Baby Child Car Seats, Shynerk Auto Seat Cover Mat for Under Carseat to Protect Automotive Vehicle Leather and Cloth Upholstery - Waterproof and Dirt Resistant</p><p> -33% 0FF </p><p>$19.99</p><a href="https://www.amazon.com/dp/B07JBQBVL6?tag=eloabder-20&linkCode=osi&th=1&psc=1">View Product</a></div>
<div class="product"><a href="https://www.amazon.com/dp/B00O64QJOC?tag=eloabder-20&linkCode=osi&th=1&psc=1"><img src="https://m.media-amazon.com/images/I/21l2K1fjgyL._SL500_.jpg" alt="Product Image"></a><p>Munchkin® Secure Grip™ Contoured Baby Diaper Changing Pad for Dresser, Waterproof, 16" x 31"</p><p> -10% 0FF </p><p>$31.49</p><a href="https://www.amazon.com/dp/B00O64QJOC?tag=eloabder-20&linkCode=osi&th=1&psc=1">View Product</a></div><div class="product"><a href="https://www.amazon.com/dp/B0DF1W28C5?tag=eloabder-20&linkCode=osi&th=1&psc=1"><img src="https://m.media-amazon.com/images/I/31F+H+AlPWL._SL500_.jpg" alt="Product Image"></a><p>Blissful Diary Vegan Leather Baby Changing Pad with Waterproof & Wipe-Clean PU Cover, Standard Size Cozy Baby Changing Table Pads for Dressers/Tables, Taupe</p><p> -13% 0FF </p><p>$34.99</p><a href="https://www.amazon.com/dp/B0DF1W28C5?tag=eloabder-20&linkCode=osi&th=1&psc=1">View Product</a></div><div class="product"><a href="https://www.amazon.com/dp/B0B45JKHGG?tag=eloabder-20&linkCode=osi&th=1&psc=1"><img src="https://m.media-amazon.com/images/I/41i2u89FqBL._SL500_.jpg" alt="Product Image"></a><p>YENING Baby Diaper Changing Pad for Dresser Top with Cover Waterproof Lining Foam Contoured Changing Table Pads Topper 31" x 16" Grey</p><p> -33% 0FF </p><p>$26.98</p><a href="https://www.amazon.com/dp/B0B45JKHGG?tag=eloabder-20&linkCode=osi&th=1&psc=1">View Product</a></div>
<div class="product"><a href="https://www.amazon.com/dp/B0D3BPZ77F?tag=eloabder-20&linkCode=osi&th=1&psc=1"><img src="https://m.media-amazon.com/images/I/41-+eE90DeL._SL500_.jpg" alt="Product Image"></a><p>Baby Changing Table, Versatile Folding Changing Table, Waterproof Diaper Changing Station, Adjustable Height with 2 Drawers,Baby Changing Station, Mobile Nursery for Infant and Newborn</p><p> -30% 0FF </p><p>$159.99</p><a href="https://www.amazon.com/dp/B0D3BPZ77F?tag=eloabder-20&linkCode=osi&th=1&psc=1">View Product</a></div><div class="product"><a href="https://www.amazon.com/dp/B073YB522V?tag=eloabder-20&linkCode=osi&th=1&psc=1"><img src="https://m.media-amazon.com/images/I/41IwxC2WttS._SL500_.jpg" alt="Product Image"></a><p>Delta Children Eclipse Changing Table with Changing Pad, Grey</p><p> -44% 0FF </p><p>$79.00</p><a href="https://www.amazon.com/dp/B073YB522V?tag=eloabder-20&linkCode=osi&th=1&psc=1">View Product</a></div><div class="product"><a href="https://www.amazon.com/dp/B075ZVTJ3D?tag=eloabder-20&linkCode=osi&th=1&psc=1"><img src="https://m.media-amazon.com/images/I/41Ig2EwFThL._SL500_.jpg" alt="Product Image"></a><p>Dream On Me Emily Changing Table In Steel Grey, Comes With 1" Changing Pad, Features Two Shelves, Portable Changing Station, Made Of Sustainable New Zealand Pinewood</p><p> -21% 0FF </p><p>$69.99</p><a href="https://www.amazon.com/dp/B075ZVTJ3D?tag=eloabder-20&linkCode=osi&th=1&psc=1">View Product</a></div><div class="product"><a href="https://www.amazon.com/dp/B08HMJCHCT?tag=eloabder-20&linkCode=osi&th=1&psc=1"><img src="https://m.media-amazon.com/images/I/31aqc05wT6L._SL500_.jpg" alt="Product Image"></a><p>Storkcraft Brookside 2 Drawer Changing Table Dresser (Pebble Gray) – GREENGUARD Gold Certified, Easy-to-Match Chest of Drawers and Cubbies for Nursery and Kids Bedroom, Includes Changing Table Topper</p><p> -31% 0FF </p><p>$151.29</p><a href="https://www.amazon.com/dp/B08HMJCHCT?tag=eloabder-20&linkCode=osi&th=1&psc=1">View Product</a></div><div class="product"><a href="https://www.amazon.com/dp/B005OSHTSO?tag=eloabder-20&linkCode=osi&th=1&psc=1"><img src="https://m.media-amazon.com/images/I/41ckUWX71DL._SL500_.jpg" alt="Product Image"></a><p>Badger Basket Modern Baby Changing Table with Laundry Hamper, 3 Storage Drawers and Pad, Diaper Change Station - White/White</p><p> -32% 0FF </p><p>$128.99</p><a href="https://www.amazon.com/dp/B005OSHTSO?tag=eloabder-20&linkCode=osi&th=1&psc=1">View Product</a></div><div class="product"><a href="https://www.amazon.com/dp/B08HHFZ5JJ?tag=eloabder-20&linkCode=osi&th=1&psc=1"><img src="https://m.media-amazon.com/images/I/31oH0mt34ML._SL500_.jpg" alt="Product Image"></a><p>Graco Noah 3 Drawer Chest with Changing Topper (White) – GREENGUARD Gold Certified, Baby Dresser With Changing Table Top, Dresser for Nursery, 3 Drawer Kids Dresser</p><p> -24% 0FF </p><p>$188.75</p><a href="https://www.amazon.com/dp/B08HHFZ5JJ?tag=eloabder-20&linkCode=osi&th=1&psc=1">View Product</a></div>
<div class="product"><a href="https://www.amazon.com/dp/B0BVHMHH4X?tag=eloabder-20&linkCode=osi&th=1&psc=1"><img src="https://m.media-amazon.com/images/I/41AOdI5vSML._SL500_.jpg" alt="Product Image"></a><p>TAHAVICE 1 Pack Over The Door Organizer, Bathroom Organizers and Storage with 5 Pockets 10 Mesh Pockets, 50 lbs Weight Capacity Stuffed Animal Storage for Nursery Newborn Baby Essential</p><p> -20% 0FF </p><p>$15.98</p><a href="https://www.amazon.com/dp/B0BVHMHH4X?tag=eloabder-20&linkCode=osi&th=1&psc=1">View Product</a></div><div class="product"><a href="https://www.amazon.com/dp/B06XJ343CC?tag=eloabder-20&linkCode=osi&th=1&psc=1"><img src="https://m.media-amazon.com/images/I/31zbpeWMpnL._SL500_.jpg" alt="Product Image"></a><p>20 Pack Clothing Rack Size Dividers, Wardrobe Round Hangers Label Closet Dividers with 1 Piece Marker Pen for Clothes Organization(White, Blank)</p><p> -14% 0FF </p><p>$8.59 ($0.43 / Count)</p><a href="https://www.amazon.com/dp/B06XJ343CC?tag=eloabder-20&linkCode=osi&th=1&psc=1">View Product</a></div><div class="product"><a href="https://www.amazon.com/dp/B09H4JTQC7?tag=eloabder-20&linkCode=osi&th=1&psc=1"><img src="https://m.media-amazon.com/images/I/51pFCzWgo3L._SL500_.jpg" alt="Product Image"></a><p>Pro Goleem Baby Closet Dividers Unisex Baby Closet Organizer for Nursery Baby Clothes Size Age Dividers Fits 1.5" Rod 6 PCS</p><p> -20% 0FF </p><p>$7.99</p><a href="https://www.amazon.com/dp/B09H4JTQC7?tag=eloabder-20&linkCode=osi&th=1&psc=1">View Product</a></div><div class="product"><a href="https://www.amazon.com/dp/B0DDTSNXNM?tag=eloabder-20&linkCode=osi&th=1&psc=1"><img src="https://m.media-amazon.com/images/I/517HtZWlKIL._SL500_.jpg" alt="Product Image"></a><p>Blissful Diary Baby Diaper Caddy Organizer, Cotton Rope Diaper Caddy Basket, Large Baby Shower Caddy for Newborn Boys and Girls, Gift for Baby Shower List, Newborn Essentials Basket, Earthy Rainbow</p><p> -30% 0FF </p><p>$15.99</p><a href="https://www.amazon.com/dp/B0DDTSNXNM?tag=eloabder-20&linkCode=osi&th=1&psc=1">View Product</a></div>
<div class="product"><a href="https://www.amazon.com/dp/B08DN1KTRH?tag=eloabder-20&linkCode=osi&th=1&psc=1"><img src="https://m.media-amazon.com/images/I/510rTaksLXL._SL500_.jpg" alt="Product Image"></a><p>16 Pack Baby Washcloths - Luxury Multicolor Coral Fleece - Extra Absorbent and Soft Wash Clothes for Newborns, Infants and Toddlers - Suitable for Sensitive Skin and New Born - Baby Shower, 10x10 Inch</p><p> -47% 0FF </p><p>$9.99</p><a href="https://www.amazon.com/dp/B08DN1KTRH?tag=eloabder-20&linkCode=osi&th=1&psc=1">View Product</a></div><div class="product"><a href="https://www.amazon.com/dp/B088RBY8Y5?tag=eloabder-20&linkCode=osi&th=1&psc=1"><img src="https://m.media-amazon.com/images/I/31Ku9qSjBCL._SL500_.jpg" alt="Product Image"></a><p>Yoofoss Muslin Burp Cloths for Baby 10 Pack 100% Cotton Baby Washcloths for Boys Girls Large 20''X10'' Super Soft and Absorbent White</p><p> -5% 0FF </p><p>$18.95</p><a href="https://www.amazon.com/dp/B088RBY8Y5?tag=eloabder-20&linkCode=osi&th=1&psc=1">View Product</a></div>
<div class="product"><a href="https://www.amazon.com/dp/B0CMZJ1J4T?tag=eloabder-20&linkCode=osi&th=1&psc=1"><img src="https://m.media-amazon.com/images/I/410bv8kIM8L._SL500_.jpg" alt="Product Image"></a><p>Jay Franco Bluey & Bingo Toddler Comforter Set - 4 Piece Bed Set Includes Sheet Set & Pillow Covers - Super Soft Clouds & Stars Kids Bedding</p><p> -23% 0FF </p><p>$46.49</p><a href="https://www.amazon.com/dp/B0CMZJ1J4T?tag=eloabder-20&linkCode=osi&th=1&psc=1">View Product</a></div><div class="product"><a href="https://www.amazon.com/dp/B00VQ2RLNA?tag=eloabder-20&linkCode=osi&th=1&psc=1"><img src="https://m.media-amazon.com/images/I/513vvaHOurL._SL500_.jpg" alt="Product Image"></a><p>Burt's Bees Baby Infant Reversible Quilt Blanket, Jersey Knit, Soft, 100% Organic Cotton Blankets, with 100% Polyester Fill for Warm Padding, Size 37 x 46 Inch</p><p> -50% 0FF </p><p>$32.49</p><a href="https://www.amazon.com/dp/B00VQ2RLNA?tag=eloabder-20&linkCode=osi&th=1&psc=1">View Product</a></div><div class="product"><a href="https://www.amazon.com/dp/B01GKZO0U4?tag=eloabder-20&linkCode=osi&th=1&psc=1"><img src="https://m.media-amazon.com/images/I/21lI+ZZ6+3L._SL500_.jpg" alt="Product Image"></a><p>Tadpoles Quilted Toddler Comforter | 40" x 60" | Made of 100% Microfiber Polyester (Shell) & 200 GSM Fiberfill | Soft, Breathable & Durable | Ideal for Toddlers (12-48 Months) | Box Pattern in White</p><p> -12% 0FF </p><p>$21.99</p><a href="https://www.amazon.com/dp/B01GKZO0U4?tag=eloabder-20&linkCode=osi&th=1&psc=1">View Product</a></div><div class="product"><a href="https://www.amazon.com/dp/B0BRKBKSB5?tag=eloabder-20&linkCode=osi&th=1&psc=1"><img src="https://m.media-amazon.com/images/I/313gax4ZutL._SL500_.jpg" alt="Product Image"></a><p>ZPECC Toddler Comforter Blanket - 39" x 53" Down Alternative Crib Duvet Set, Includes Child Quilt, Flat Pillow, Bear Stitching</p><p> -26% 0FF </p><p>$18.49</p><a href="https://www.amazon.com/dp/B0BRKBKSB5?tag=eloabder-20&linkCode=osi&th=1&psc=1">View Product</a></div>
<div class="product"><a href="https://www.amazon.com/dp/B0BZVLW3XY?tag=eloabder-20&linkCode=osi&th=1&psc=1"><img src="https://m.media-amazon.com/images/I/41bnCsnrb2L._SL500_.jpg" alt="Product Image"></a><p>Yoofoss Baby Crib Sheets for Boys Girls, Fitted Crib Sheet 2 Pack for Standard Crib and Toddler Mattress, Super Soft Microfiber Baby Sheet 28x52x8in(Green+Leaf)</p><p> -17% 0FF </p><p>$9.99</p><a href="https://www.amazon.com/dp/B0BZVLW3XY?tag=eloabder-20&linkCode=osi&th=1&psc=1">View Product</a></div><div class="product"><a href="https://www.amazon.com/dp/B086YCZN5H?tag=eloabder-20&linkCode=osi&th=1&psc=1"><img src="https://m.media-amazon.com/images/I/41jKlfbIwGL._SL500_.jpg" alt="Product Image"></a><p>Crib Mattress Protector Sheets Fitted Waterproof Crib Mattress Pad Cover, Noiseless & Machine Wash 100% Absorbent Crib/Toddler Mattress Protector Sheet Quilted, White, 52" x 28"</p><p> -11% 0FF </p><p>$11.98</p><a href="https://www.amazon.com/dp/B086YCZN5H?tag=eloabder-20&linkCode=osi&th=1&psc=1">View Product</a></div><div class="product"><a href="https://www.amazon.com/dp/B0CLL7JPTY?tag=eloabder-20&linkCode=osi&th=1&psc=1"><img src="https://m.media-amazon.com/images/I/41X3AyJQqrL._SL500_.jpg" alt="Product Image"></a><p>PINNKKU 3-Piece Crib Bedding Set for Boy Girls, Includes Crib Skirt, Blanket and Crib Sheet, Crib Baby Bedding, Pintuck Pinch Pleat Pink</p><p> -19% 0FF </p><p>$34.99 ($11.66 / Count)</p><a href="https://www.amazon.com/dp/B0CLL7JPTY?tag=eloabder-20&linkCode=osi&th=1&psc=1">View Product</a></div><div class="product"><a href="https://www.amazon.com/dp/B08G3DCPYM?tag=eloabder-20&linkCode=osi&th=1&psc=1"><img src="https://m.media-amazon.com/images/I/51UmAUm+f-L._SL500_.jpg" alt="Product Image"></a><p>Bedtime Originals Mighty Jungle 3Piece Crib Bedding Set, Multicolor (283003V)</p><p> -27% 0FF </p><p>$49.49</p><a href="https://www.amazon.com/dp/B08G3DCPYM?tag=eloabder-20&linkCode=osi&th=1&psc=1">View Product</a></div><div class="product"><a href="https://www.amazon.com/dp/B0BRWWTS3M?tag=eloabder-20&linkCode=osi&th=1&psc=1"><img src="https://m.media-amazon.com/images/I/51WZGfoIsvL._SL500_.jpg" alt="Product Image"></a><p>The Peanutshell 3 Piece Baby Crib Bedding Set for Girls - Newborn, Infant & Toddler Nursery Bed Set Decor with Fitted Crib Sheet, Dust Ruffle, Crib Comforter - Wildest Dreams</p><p> -10% 0FF </p><p>$44.99</p><a href="https://www.amazon.com/dp/B0BRWWTS3M?tag=eloabder-20&linkCode=osi&th=1&psc=1">View Product</a></div>
<div class="product"><a href="https://www.amazon.com/dp/B010S7VZI0?tag=eloabder-20&linkCode=osi&th=1&psc=1"><img src="https://m.media-amazon.com/images/I/31Ll01T4-sL._SL500_.jpg" alt="Product Image"></a><p>Graco Premium Crib & Toddler Mattress – GREENGUARD Gold Certified & CertiPUR-US Certified, Fits All Standard Crib & Toddler Beds, Waterproof Sleep Surface, Machine-Washable Outer Cover for Easy Care</p><p> -25% 0FF </p><p>$89.99</p><a href="https://www.amazon.com/dp/B010S7VZI0?tag=eloabder-20&linkCode=osi&th=1&psc=1">View Product</a></div><div class="product"><a href="https://www.amazon.com/dp/B0030V4Z02?tag=eloabder-20&linkCode=osi&th=1&psc=1"><img src="https://m.media-amazon.com/images/I/416srazdlsL._SL500_.jpg" alt="Product Image"></a><p>Dream On Me Honeycomb Orthopedic Firm Fiber Standard Baby Crib Mattress, Greenguard Gold and JPMA Certified, 5” Fiber Core Optimum Support, Fits Crib and Toddler Bed, Waterproof Vinyl Cover</p><p> -7% 0FF </p><p>$59.87</p><a href="https://www.amazon.com/dp/B0030V4Z02?tag=eloabder-20&linkCode=osi&th=1&psc=1">View Product</a></div><div class="product"><a href="https://www.amazon.com/dp/B0BLK39GTG?tag=eloabder-20&linkCode=osi&th=1&psc=1"><img src="https://m.media-amazon.com/images/I/41U0AL73RKL._SL500_.jpg" alt="Product Image"></a><p>Letmxiu Premium Dual-Sided Crib & Toddler Mattress,100% Knitted Fabric,Premium Fleece-Hypoallergenic,5" Firm Soft Crib Mattress, Non-Toxic Toddler Bed Mattress Fits Standard Cribs & Toddler Beds</p><p> -14% 0FF </p><p>$59.99</p><a href="https://www.amazon.com/dp/B0BLK39GTG?tag=eloabder-20&linkCode=osi&th=1&psc=1">View Product</a></div><div class="product"><a href="https://www.amazon.com/dp/B0BWDRBYL4?tag=eloabder-20&linkCode=osi&th=1&psc=1"><img src="https://m.media-amazon.com/images/I/41dkngPyPEL._SL500_.jpg" alt="Product Image"></a><p>Tiankehan Premium Dual-Sided Baby Crib Mattress and Toddler Mattress - 52" x 27.6" x 5" - Breathable - Firm Soft - Fits Standard Cribs and Toddler Beds</p><p> -14% 0FF </p><p>$59.98</p><a href="https://www.amazon.com/dp/B0BWDRBYL4?tag=eloabder-20&linkCode=osi&th=1&psc=1">View Product</a></div>
<div class="product"><a href="https://www.amazon.com/dp/B0C7T23J3Y?tag=eloabder-20&linkCode=osi&th=1&psc=1"><img src="https://m.media-amazon.com/images/I/41wcurEQD3L._SL500_.jpg" alt="Product Image"></a><p>The Peanutshell Crib Mobile for Girls - Pink and White Musical Baby Crib Mobile with 12 Lullabies, Forest Baby Mobile Crib Little Forest Nursery Decor</p><p> -16% 0FF </p><p>$37.69</p><a href="https://www.amazon.com/dp/B0C7T23J3Y?tag=eloabder-20&linkCode=osi&th=1&psc=1">View Product</a></div><div class="product"><a href="https://www.amazon.com/dp/B0C7SC34Z3?tag=eloabder-20&linkCode=osi&th=1&psc=1"><img src="https://m.media-amazon.com/images/I/41i+L053hPL._SL500_.jpg" alt="Product Image"></a><p>The Peanutshell Crib Mobile for Boys or Girls - Light and Dark Blue Musical Baby Crib Mobile with 12 Lullabies, Ocean Baby Mobile Crib Nautical Nursery Decor</p><p> -11% 0FF </p><p>$39.99</p><a href="https://www.amazon.com/dp/B0C7SC34Z3?tag=eloabder-20&linkCode=osi&th=1&psc=1">View Product</a></div>
<div class="product"><a href="https://www.amazon.com/dp/B07K594Q7W?tag=eloabder-20&linkCode=osi&th=1&psc=1"><img src="https://m.media-amazon.com/images/I/41chCOFT3fL._SL500_.jpg" alt="Product Image"></a><p>Burt's Bees Baby Print Fitted Crib Sheet Organic Cotton BEESNUG - Hello Moon! Prints, Fits Unisex Standard Bed and Toddler Mattress, Infant Essentials, 52 x 28 Inch 1-Pack</p><p> -34% 0FF </p><p>$13.80</p><a href="https://www.amazon.com/dp/B07K594Q7W?tag=eloabder-20&linkCode=osi&th=1&psc=1">View Product</a></div><div class="product"><a href="https://www.amazon.com/dp/B08HYS8HCQ?tag=eloabder-20&linkCode=osi&th=1&psc=1"><img src="https://m.media-amazon.com/images/I/41OJxVS5clL._SL500_.jpg" alt="Product Image"></a><p>KeaBabies 2-Pack Organic Crib Sheets for Boys, Girls, Jersey Fitted Crib Sheet, Baby Crib Sheets Neutral, Cotton Breathable Crib Sheet, Cute Printed Crib Mattress Sheet, Baby Mattress Sheets(Woodland)</p><p> -27% 0FF </p><p>$21.96</p><a href="https://www.amazon.com/dp/B08HYS8HCQ?tag=eloabder-20&linkCode=osi&th=1&psc=1">View Product</a></div><div class="product"><a href="https://www.amazon.com/dp/B07JBRWPRZ?tag=eloabder-20&linkCode=osi&th=1&psc=1"><img src="https://m.media-amazon.com/images/I/41WkDf7XWaL._SL500_.jpg" alt="Product Image"></a><p>American Baby Company 3 Pack Fitted Mini Crib Sheet 24" x 38", Soft Breathable Neutral 100% Cotton Jersey Portable Sheet, Gray Star/Zigzag, for Boys and Girls, Fits Most Pack N Play Mattresses</p><p> -20% 0FF </p><p>$14.34</p><a href="https://www.amazon.com/dp/B07JBRWPRZ?tag=eloabder-20&linkCode=osi&th=1&psc=1">View Product</a></div><div class="product"><a href="https://www.amazon.com/dp/B0BGWX27FP?tag=eloabder-20&linkCode=osi&th=1&psc=1"><img src="https://m.media-amazon.com/images/I/41tRk-EAY-L._SL500_.jpg" alt="Product Image"></a><p>4-Pack Fitted Crib Sheets for Boys and Girls - Breathable, Soft Microfiber Baby Sheets in Grey, Navy and White</p><p> -9% 0FF </p><p>$19.99 ($5.00 / Count)</p><a href="https://www.amazon.com/dp/B0BGWX27FP?tag=eloabder-20&linkCode=osi&th=1&psc=1">View Product</a></div>
<div class="product"><a href="https://www.amazon.com/dp/B082WW1FCQ?tag=eloabder-20&linkCode=osi&th=1&psc=1"><img src="https://m.media-amazon.com/images/I/416EVH-FKwL._SL500_.jpg" alt="Product Image"></a><p>Crib Bed Skirt 28” x 52” with 14” Drop Pleated Dust Ruffle for Baby Boys Girls Elastic Adjustable Fit Toddler Bedskirt Easy On/Off Soft Nursery Standard Crib Bedding Skirts Solid White Crib Skirt</p><p> -18% 0FF </p><p>$17.99</p><a href="https://www.amazon.com/dp/B082WW1FCQ?tag=eloabder-20&linkCode=osi&th=1&psc=1">View Product</a></div><div class="product"><a href="https://www.amazon.com/dp/B000YFU77W?tag=eloabder-20&linkCode=osi&th=1&psc=1"><img src="https://m.media-amazon.com/images/I/31R9qJzse7L._SL500_.jpg" alt="Product Image"></a><p>American Baby Company 100% Natural Cotton Percale Ruffled Crib Skirt, Cream, 52"L x 28"W + 13.5"</p><p> -33% 0FF </p><p>$16.79</p><a href="https://www.amazon.com/dp/B000YFU77W?tag=eloabder-20&linkCode=osi&th=1&psc=1">View Product</a></div><div class="product"><a href="https://www.amazon.com/dp/B0B5YML25P?tag=eloabder-20&linkCode=osi&th=1&psc=1"><img src="https://m.media-amazon.com/images/I/31DyVARAxlL._SL500_.jpg" alt="Product Image"></a><p>Lush Decor Ruffle Crib Skirt, 16" Drop, White</p><p> -26% 0FF </p><p>$28.19</p><a href="https://www.amazon.com/dp/B0B5YML25P?tag=eloabder-20&linkCode=osi&th=1&psc=1">View Product</a></div>
<div class="product"><a href="https://www.amazon.com/dp/B0D8B4FNHF?tag=eloabder-20&linkCode=osi&th=1&psc=1"><img src="https://m.media-amazon.com/images/I/41gmkYMTEaL._SL500_.jpg" alt="Product Image"></a><p>CHICWAY Baby Patter for Sleep, Baby Sleep Soother, Baby Vibrating Soother 3 Vibration Modes & Intensities Help Baby Sleep, Crib Toy, Crib Accessory, Registry Gift, Shower Gift, Newborn Baby Essentials</p><p> -54% 0FF </p><p>$22.91</p><a href="https://www.amazon.com/dp/B0D8B4FNHF?tag=eloabder-20&linkCode=osi&th=1&psc=1">View Product</a></div><div class="product"><a href="https://www.amazon.com/dp/B009UPUFCY?tag=eloabder-20&linkCode=osi&th=1&psc=1"><img src="https://m.media-amazon.com/images/I/41MuYdMqcXL._SL500_.jpg" alt="Product Image"></a><p>Munchkin® Lulla-Vibe™ Vibrating Mattress Pad Sleep Soother</p><p> -9% 0FF </p><p>$27.25</p><a href="https://www.amazon.com/dp/B009UPUFCY?tag=eloabder-20&linkCode=osi&th=1&psc=1">View Product</a></div>

<div class="product"><a href="https://www.amazon.com/dp/B098TWMRNV?tag=eloabder-20&linkCode=osi&th=1&psc=1"><img src="https://m.media-amazon.com/images/I/51eBNBdbFPL._SL500_.jpg" alt="Product Image"></a><p>PILLANI Baby Diaper Bag Backpack - Baby Bag for Boys & Girls - Diaper Backpack - Large Travel Diaper Bags w/Changing Pad - Baby Registry Search & Shower Gifts Newborn Essentials & Items for Mom, Gray</p><p> -37% 0FF </p><p>$34.99</p><a href="https://www.amazon.com/dp/B098TWMRNV?tag=eloabder-20&linkCode=osi&th=1&psc=1">View Product</a></div><div class="product"><a href="https://www.amazon.com/dp/B07HL6FV5F?tag=eloabder-20&linkCode=osi&th=1&psc=1"><img src="https://m.media-amazon.com/images/I/41CpqR1T2iL._SL500_.jpg" alt="Product Image"></a><p>RUVALINO Diaper Bag Backpack - Multifunction Waterproof Travel Essentials, Maternity Baby Bag with Changing Pad & Stroller D-Ring & Pacifier Case - Baby Registry Search/Items & Shower Gifts - Black</p><p> -51% 0FF </p><p>$43.99</p><a href="https://www.amazon.com/dp/B07HL6FV5F?tag=eloabder-20&linkCode=osi&th=1&psc=1">View Product</a></div><div class="product"><a href="https://www.amazon.com/dp/B0BSKZFV8Z?tag=eloabder-20&linkCode=osi&th=1&psc=1"><img src="https://m.media-amazon.com/images/I/41kJJGd0-KL._SL500_.jpg" alt="Product Image"></a><p>Skip Hop Diaper Bag Backpack: Forma, Multi-Function Baby Travel Bag with Changing Pad & Stroller Attachment, Sage</p><p> -6% 0FF </p><p>$74.49</p><a href="https://www.amazon.com/dp/B0BSKZFV8Z?tag=eloabder-20&linkCode=osi&th=1&psc=1">View Product</a></div>
<div class="product"><a href="https://www.amazon.com/dp/B00569GU18?tag=eloabder-20&linkCode=osi&th=1&psc=1"><img src="https://m.media-amazon.com/images/I/41Zx990UFlL._SL500_.jpg" alt="Product Image"></a><p>Boudreaux's Butt Paste Maximum Strength Diaper Rash Cream, Ointment for Baby, 4 oz Tube</p><p> -12% 0FF </p><p>$7.48 ($1.87 / Ounce)</p><a href="https://www.amazon.com/dp/B00569GU18?tag=eloabder-20&linkCode=osi&th=1&psc=1">View Product</a></div><div class="product"><a href="https://www.amazon.com/dp/B00ZQXT4EY?tag=eloabder-20&linkCode=osi&th=1&psc=1"><img src="https://m.media-amazon.com/images/I/31SXI-cW6IL._SL500_.jpg" alt="Product Image"></a><p>Desitin Maximum Strength Baby Diaper Rash Cream, 40% Zinc Oxide for Treatment, Relief & Prevention, Hypoallergenic, Phthalate- & Paraben-Free Paste, Protects Skin for 12 Hours, 4.8 oz</p><p> -38% 0FF </p><p>$7.33 ($1.53 / Ounce)</p><a href="https://www.amazon.com/dp/B00ZQXT4EY?tag=eloabder-20&linkCode=osi&th=1&psc=1">View Product</a></div><div class="product"><a href="https://www.amazon.com/dp/B082QBB8KQ?tag=eloabder-20&linkCode=osi&th=1&psc=1"><img src="https://m.media-amazon.com/images/I/51vNnfQ6MmL._SL500_.jpg" alt="Product Image"></a><p>Aquaphor Baby Diaper Rash Paste - For Serious Diaper Rash and Flare-ups - 3.5 Oz. Tube</p><p> -5% 0FF </p><p>$7.87 ($2.25 / Ounce)</p><a href="https://www.amazon.com/dp/B082QBB8KQ?tag=eloabder-20&linkCode=osi&th=1&psc=1">View Product</a></div><div class="product"><a href="https://www.amazon.com/dp/B00M0N9J20?tag=eloabder-20&linkCode=osi&th=1&psc=1"><img src="https://m.media-amazon.com/images/I/41t50K+y9yL._SL500_.jpg" alt="Product Image"></a><p>Desitin Daily Defense Baby Diaper Rash Cream with Zinc Oxide to Treat, Relieve & Prevent diaper rash, Hypoallergenic, Dye-, Phthalate- & Paraben-Free, 4 oz</p><p> -42% 0FF </p><p>$5.39 ($1.35 / Ounce)</p><a href="https://www.amazon.com/dp/B00M0N9J20?tag=eloabder-20&linkCode=osi&th=1&psc=1">View Product</a></div><div class="product"><a href="https://www.amazon.com/dp/B00Q2MYU9W?tag=eloabder-20&linkCode=osi&th=1&psc=1"><img src="https://m.media-amazon.com/images/I/51PiNmf+vpL._SL500_.jpg" alt="Product Image"></a><p>Aquaphor Baby Diaper Rash Cream, 3-in-1 Diaper Rash Relief, 3.5 Oz Tube</p><p> -17% 0FF </p><p>$18.69 ($1.78 / Ounce)</p><a href="https://www.amazon.com/dp/B00Q2MYU9W?tag=eloabder-20&linkCode=osi&th=1&psc=1">View Product</a></div><div class="product"><a href="https://www.amazon.com/dp/B0B4PNGXFS?tag=eloabder-20&linkCode=osi&th=1&psc=1"><img src="https://m.media-amazon.com/images/I/51BB218LJpL._SL500_.jpg" alt="Product Image"></a><p>Triple Paste Diaper Rash Cream for Baby - 3 oz Tube - Zinc Oxide Ointment Treats, Soothes and Prevents Diaper Rash - Pediatrician-Recommended Hypoallergenic Formula with Soothing Botanicals</p><p> -25% 0FF </p><p>$8.96 ($2.99 / Ounce)</p><a href="https://www.amazon.com/dp/B0B4PNGXFS?tag=eloabder-20&linkCode=osi&th=1&psc=1">View Product</a></div><div class="product"><a href="https://www.amazon.com/dp/B00KFITCXS?tag=eloabder-20&linkCode=osi&th=1&psc=1"><img src="https://m.media-amazon.com/images/I/41Upagho5nL._SL500_.jpg" alt="Product Image"></a><p>The Honest Company Hypoallergenic Diaper Rash Cream | Moisturizing + Calming Zinc Oxide Ointment | NEA Recognized, Cruelty Free | 2.5 oz</p><p> -7% 0FF </p><p>$10.25 ($4.10 / Ounce)</p><a href="https://www.amazon.com/dp/B00KFITCXS?tag=eloabder-20&linkCode=osi&th=1&psc=1">View Product</a></div><div class="product"><a href="https://www.amazon.com/dp/B000LTJRQ8?tag=eloabder-20&linkCode=osi&th=1&psc=1"><img src="https://m.media-amazon.com/images/I/51z4dtHfCgL._SL500_.jpg" alt="Product Image"></a><p>Triple Paste Diaper Rash Cream for Baby - 8 Oz Tub - Zinc Oxide Ointment Treats, Soothes and Prevents Diaper Rash - Pediatrician-Recommended Hypoallergenic Formula with Soothing Botanicals</p><p> -27% 0FF </p><p>$14.53 ($1.82 / Ounce)</p><a href="https://www.amazon.com/dp/B000LTJRQ8?tag=eloabder-20&linkCode=osi&th=1&psc=1">View Product</a></div><div class="product"><a href="https://www.amazon.com/dp/B00BH0PZBG?tag=eloabder-20&linkCode=osi&th=1&psc=1"><img src="https://m.media-amazon.com/images/I/41nENIiSAHL._SL500_.jpg" alt="Product Image"></a><p>Desitin Maximum Strength Baby Diaper Rash Cream with 40% Zinc Oxide for Treatment, Relief & Prevention, Hypoallergenic, Phthalate- & Paraben-Free Paste, 16 oz</p><p> -31% 0FF </p><p>$18.44 ($1.15 / Ounce)</p><a href="https://www.amazon.com/dp/B00BH0PZBG?tag=eloabder-20&linkCode=osi&th=1&psc=1">View Product</a></div><div class="product"><a href="https://www.amazon.com/dp/B000V3MFUY?tag=eloabder-20&linkCode=osi&th=1&psc=1"><img src="https://m.media-amazon.com/images/I/31To+A+IRQL._SL500_.jpg" alt="Product Image"></a><p>Weleda Baby Calendula Diaper Cream, 2.8 Fluid Ounce, Plant Rich Protection with Calendula, Chamomile, Sweet Almond Oil, Lanolin and Zinc Oxide</p><p> -12% 0FF </p><p>$12.32 ($4.40 / Ounce)</p><a href="https://www.amazon.com/dp/B000V3MFUY?tag=eloabder-20&linkCode=osi&th=1&psc=1">View Product</a></div>
<div class="product"><a href="https://www.amazon.com/dp/B012UFN9T6?tag=eloabder-20&linkCode=osi&th=1&psc=1"><img src="https://m.media-amazon.com/images/I/51SxpJF694L._SL500_.jpg" alt="Product Image"></a><p>Nuby Diaper Disposal Bags for Baby - (6-Pack) 50 Count Disposable Bags - Fresh Baby Powder Scent - Blue</p><p> -10% 0FF </p><p>$16.15</p><a href="https://www.amazon.com/dp/B012UFN9T6?tag=eloabder-20&linkCode=osi&th=1&psc=1">View Product</a></div>
<div class="product"><a href="https://www.amazon.com/dp/B0CPR2N8FD?tag=eloabder-20&linkCode=osi&th=1&psc=1"><img src="https://m.media-amazon.com/images/I/41uXmeS+P5L._SL500_.jpg" alt="Product Image"></a><p>Diaper Genie Select Pail Registry Gift Set (White) | Made of Durable Stainless Steel Metal | Includes 2 Jumbo Refills | Holds 1620 Newborn Diapers</p><p> -20% 0FF </p><p>$59.99</p><a href="https://www.amazon.com/dp/B0CPR2N8FD?tag=eloabder-20&linkCode=osi&th=1&psc=1">View Product</a></div><div class="product"><a href="https://www.amazon.com/dp/B0CNS3R8T7?tag=eloabder-20&linkCode=osi&th=1&psc=1"><img src="https://m.media-amazon.com/images/I/31BIw9M8SwL._SL500_.jpg" alt="Product Image"></a><p>Diaper Genie Classic Pail Includes 1 Starter Square Refill That can Hold up to 165 Newborn-Sized Diapers.</p><p> -20% 0FF </p><p>$23.99</p><a href="https://www.amazon.com/dp/B0CNS3R8T7?tag=eloabder-20&linkCode=osi&th=1&psc=1">View Product</a></div><div class="product"><a href="https://www.amazon.com/dp/B0BWGZ7J7W?tag=eloabder-20&linkCode=osi&th=1&psc=1"><img src="https://m.media-amazon.com/images/I/41pqvAOekFL._SL500_.jpg" alt="Product Image"></a><p>Diaper Genie Signature Gift Set | Includes Easy Roll Refill with 48 Bags | Holds Up to 2256 Newborn Diapers</p><p> -41% 0FF </p><p>$52.79</p><a href="https://www.amazon.com/dp/B0BWGZ7J7W?tag=eloabder-20&linkCode=osi&th=1&psc=1">View Product</a></div><div class="product"><a href="https://www.amazon.com/dp/B00821FLT4?tag=eloabder-20&linkCode=osi&th=1&psc=1"><img src="https://m.media-amazon.com/images/I/21an29pWMkL._SL500_.jpg" alt="Product Image"></a><p>Ubbi Steel Diaper Pail, Odor Locking, No Special Bag Required, Award-Winning, Registry Must-Have, White</p><p> -30% 0FF </p><p>$55.99</p><a href="https://www.amazon.com/dp/B00821FLT4?tag=eloabder-20&linkCode=osi&th=1&psc=1">View Product</a></div><div class="product"><a href="https://www.amazon.com/dp/B0BWGWZ2J4?tag=eloabder-20&linkCode=osi&th=1&psc=1"><img src="https://m.media-amazon.com/images/I/317sppbydxL._SL500_.jpg" alt="Product Image"></a><p>Diaper Genie Signature Pail (Grey) Includes 1 Easy Roll Refill with 18 Bags | Holds Up to 846 Newborn-Sized Diapers Per Refill</p><p> -20% 0FF </p><p>$47.99</p><a href="https://www.amazon.com/dp/B0BWGWZ2J4?tag=eloabder-20&linkCode=osi&th=1&psc=1">View Product</a></div>
<div class="product"><a href="https://www.amazon.com/dp/B0083973FK?tag=eloabder-20&linkCode=osi&th=1&psc=1"><img src="https://m.media-amazon.com/images/I/51c+QHPetfL._SL500_.jpg" alt="Product Image"></a><p>Sposie Booster Pads, Stop Overnight Diaper Leaks, Adhesive-Free for Easy repositioning, Helps Reduce Nighttime Diaper Changes and Diaper Rash, Use with Sizes 4-6, 90 ct.</p><p> -20% 0FF </p><p>$39.99 ($0.44 / Count)</p><a href="https://www.amazon.com/dp/B0083973FK?tag=eloabder-20&linkCode=osi&th=1&psc=1">View Product</a></div><div class="product"><a href="https://www.amazon.com/dp/B07V4MZF2W?tag=eloabder-20&linkCode=osi&th=1&psc=1"><img src="https://m.media-amazon.com/images/I/51u-l608rTL._SL500_.jpg" alt="Product Image"></a><p>Dimples Booster Pads, Baby Diaper Doubler with Adhesive - 1 Size Fits All Diapers - Boosts Diaper Absorbency - No More leaks 90 Count (with Adhesive for Secure Fit)</p><p> -15% 0FF </p><p>$27.99 ($0.31 / Count)</p><a href="https://www.amazon.com/dp/B07V4MZF2W?tag=eloabder-20&linkCode=osi&th=1&psc=1">View Product</a></div><div class="product"><a href="https://www.amazon.com/dp/B0CBQQKMS2?tag=eloabder-20&linkCode=osi&th=1&psc=1"><img src="https://m.media-amazon.com/images/I/51IK5dDp++L._SL500_.jpg" alt="Product Image"></a><p>Inspire Ultra Dimples Diaper Booster Pads | Our Most Absorbent Diaper Inserts Ever | Diaper Pads Inserts Overnight or Daytime | Diaper Liners Turn Any Diaper into Super Overnight Diapers for Babies</p><p> -17% 0FF </p><p>$9.99 ($0.48 / Count)</p><a href="https://www.amazon.com/dp/B0CBQQKMS2?tag=eloabder-20&linkCode=osi&th=1&psc=1">View Product</a></div>
<div class="product"><a href="https://www.amazon.com/dp/B0B5WF7S9F?tag=eloabder-20&linkCode=osi&th=1&psc=1"><img src="https://m.media-amazon.com/images/I/41vB5uYpocL._SL500_.jpg" alt="Product Image"></a><p>Mr. Pen- Baby Diaper Caddy Organizer, Car Caddy, Portable Organizer for Changing Table, Nursery</p><p> -14% 0FF </p><p>$12.85</p><a href="https://www.amazon.com/dp/B0B5WF7S9F?tag=eloabder-20&linkCode=osi&th=1&psc=1">View Product</a></div><div class="product"><a href="https://www.amazon.com/dp/B0734LPFJR?tag=eloabder-20&linkCode=osi&th=1&psc=1"><img src="https://m.media-amazon.com/images/I/51TCskU5lyL._SL500_.jpg" alt="Product Image"></a><p>Lily Miles Baby Diaper Caddy - Large Organizer Tote Bag for Baby essentials Boy or Girl - Baby Shower Basket - Nursery Must Haves - Registry Favorites - Newborn Caddie Car Travel</p><p> -17% 0FF </p><p>$24.95</p><a href="https://www.amazon.com/dp/B0734LPFJR?tag=eloabder-20&linkCode=osi&th=1&psc=1">View Product</a></div><div class="product"><a href="https://www.amazon.com/dp/B0D4LRZW48?tag=eloabder-20&linkCode=osi&th=1&psc=1"><img src="https://m.media-amazon.com/images/I/41NadHwjJlL._SL500_.jpg" alt="Product Image"></a><p>KEETDY Large Diaper Pocket Over the Door Organizer for Nursery, Closet Door Hanging Storage, Baby Organizers and Storage for Newborn Essentials & Diaper Organizer, Beige</p><p> -19% 0FF </p><p>$16.99</p><a href="https://www.amazon.com/dp/B0D4LRZW48?tag=eloabder-20&linkCode=osi&th=1&psc=1">View Product</a></div>
<div class="product"><a href="https://www.amazon.com/dp/B01BDQDIGM?tag=eloabder-20&linkCode=osi&th=1&psc=1"><img src="https://m.media-amazon.com/images/I/41ym1o+HI0L._SL500_.jpg" alt="Product Image"></a><p>Munchkin® STEP™ Diaper Pail Powered by Arm & Hammer, #1 in Odor Control, Award-Winning, Includes 1 Snap, Seal & Toss™ Bag, 1 Starter Refill Ring, and 1 PUCK™ Baking Soda Cartridge</p><p> -19% 0FF </p><p>$59.99</p><a href="https://www.amazon.com/dp/B01BDQDIGM?tag=eloabder-20&linkCode=osi&th=1&psc=1">View Product</a></div><div class="product"><a href="https://www.amazon.com/dp/B0CNS3NMT5?tag=eloabder-20&linkCode=osi&th=1&psc=1"><img src="https://m.media-amazon.com/images/I/41VFasXJE-L._SL500_.jpg" alt="Product Image"></a><p>Diaper Genie Select Pail (Blue) is Made of Durable Stainless Steel and Includes 1 Starter Square Refill That can Hold up to 165 Newborn-Sized Diapers.</p><p> -34% 0FF </p><p>$32.79</p><a href="https://www.amazon.com/dp/B0CNS3NMT5?tag=eloabder-20&linkCode=osi&th=1&psc=1">View Product</a></div><div class="product"><a href="https://www.amazon.com/dp/B000RLQZD8?tag=eloabder-20&linkCode=osi&th=1&psc=1"><img src="https://m.media-amazon.com/images/I/41vuQVcyESL._SL500_.jpg" alt="Product Image"></a><p>Diaper Dekor Plus Hands-Free Diaper Pail | White | Easiest to Use | Just Step–Drop–Done | Doesn’t Absorb Odors | 20 Second Bag Change | Most Economical Refill System | Great for Cloth Diapers</p><p> -9% 0FF </p><p>$49.95</p><a href="https://www.amazon.com/dp/B000RLQZD8?tag=eloabder-20&linkCode=osi&th=1&psc=1">View Product</a></div>
<div class="product"><a href="https://www.amazon.com/dp/B016N3PHBO?tag=eloabder-20&linkCode=osi&th=1&psc=1"><img src="https://m.media-amazon.com/images/I/31X8EAoIwzL._SL500_.jpg" alt="Product Image"></a><p>A+D Zinc Oxide Diaper Rash Treatment Cream, Dimenthicone 1%, Zinc Oxide 10%, Easy Spreading Baby Skin Care, 4 Ounce Tube (Packaging May Vary)</p><p> -9% 0FF </p><p>$5.47 ($0.98 / Ounce)</p><a href="https://www.amazon.com/dp/B016N3PHBO?tag=eloabder-20&linkCode=osi&th=1&psc=1">View Product</a></div>
<div class="product"><a href="https://www.amazon.com/dp/B073V5XZHZ?tag=eloabder-20&linkCode=osi&th=1&psc=1"><img src="https://m.media-amazon.com/images/I/41FJH3vX0xL._SL500_.jpg" alt="Product Image"></a><p>hiccapop Hanging Diaper Organizer for Changing Table, Cribs and Walls, Diaper Stacker and Nursery Organizer | Hanging Storage Caddy Organizer for Baby Essentials |</p><p> -14% 0FF </p><p>$29.92</p><a href="https://www.amazon.com/dp/B073V5XZHZ?tag=eloabder-20&linkCode=osi&th=1&psc=1">View Product</a></div>

<div class="product"><a href="https://www.amazon.com/dp/B07MB5PZBF?tag=eloabder-20&linkCode=osi&th=1&psc=1"><img src="https://m.media-amazon.com/images/I/51JYyHL1KML._SL500_.jpg" alt="Product Image"></a><p>Huggies Size 1 Diapers, Little Snugglers Newborn Diapers, Size 1 (8-14 lbs), 32 Count</p><p> -19% 0FF </p><p>$9.94 ($0.31 / Count)</p><a href="https://www.amazon.com/dp/B07MB5PZBF?tag=eloabder-20&linkCode=osi&th=1&psc=1">View Product</a></div><div class="product"><a href="https://www.amazon.com/dp/B07T4WQRNJ?tag=eloabder-20&linkCode=osi&th=1&psc=1"><img src="https://m.media-amazon.com/images/I/41yeY7iBMEL._SL500_.jpg" alt="Product Image"></a><p>Amazon Brand - Mama Bear Gentle Touch Diapers, Hypoallergenic, Size 5, 33 Count, White</p><p> -9% 0FF </p><p>$11.61</p><a href="https://www.amazon.com/dp/B07T4WQRNJ?tag=eloabder-20&linkCode=osi&th=1&psc=1">View Product</a></div><div class="product"><a href="https://www.amazon.com/dp/B0CKV3GLS2?tag=eloabder-20&linkCode=osi&th=1&psc=1"><img src="https://m.media-amazon.com/images/I/51zE6kc5RWL._SL500_.jpg" alt="Product Image"></a><p>The Honest Company Clean Conscious Diapers | Plant-Based, Sustainable | Young at Heart + Rose Blossom | Club Box, Size 2 (12-18 lbs), 72 Count</p><p> -15% 0FF </p><p>$25.49 ($0.35 / Count)</p><a href="https://www.amazon.com/dp/B0CKV3GLS2?tag=eloabder-20&linkCode=osi&th=1&psc=1">View Product</a></div><div class="product"><a href="https://www.amazon.com/dp/B0CHGJ4YVM?tag=eloabder-20&linkCode=osi&th=1&psc=1"><img src="https://m.media-amazon.com/images/I/51eBhAfAr+L._SL500_.jpg" alt="Product Image"></a><p>Huggies Size 1 Diapers, Skin Essentials Baby Diapers, Size 1 (8-14 lbs), 32 Count</p><p> -19% 0FF </p><p>$9.94 ($0.31 / Count)</p><a href="https://www.amazon.com/dp/B0CHGJ4YVM?tag=eloabder-20&linkCode=osi&th=1&psc=1">View Product</a></div>
<div class="product"><a href="https://www.amazon.com/dp/B005OSHTXO?tag=eloabder-20&linkCode=osi&th=1&psc=1"><img src="https://m.media-amazon.com/images/I/41MQMmwwDUL._SL500_.jpg" alt="Product Image"></a><p>Badger Basket Modern Baby Changing Table with Laundry Hamper, 3 Storage Drawers and Pad, Diaper Change Station - Espresso/Ecru</p><p> -35% 0FF </p><p>$122.99</p><a href="https://www.amazon.com/dp/B005OSHTXO?tag=eloabder-20&linkCode=osi&th=1&psc=1">View Product</a></div><div class="product"><a href="https://www.amazon.com/dp/B0C84T1L1F?tag=eloabder-20&linkCode=osi&th=1&psc=1"><img src="https://m.media-amazon.com/images/I/31VUJhNc2fL._SL500_.jpg" alt="Product Image"></a><p>Portable Baby Changing Table with 2 Storage Baskets, BabyBond Foldable Changing Table Dresser Waterproof Diaper Changing Table Height Adjustable Changing Station for Infant and Newborn(Beige)</p><p> -10% 0FF </p><p>$143.99</p><a href="https://www.amazon.com/dp/B0C84T1L1F?tag=eloabder-20&linkCode=osi&th=1&psc=1">View Product</a></div><div class="product"><a href="https://www.amazon.com/dp/B002ACCC52?tag=eloabder-20&linkCode=osi&th=1&psc=1"><img src="https://m.media-amazon.com/images/I/415B3nyWlOS._SL500_.jpg" alt="Product Image"></a><p>Delta Children Eclipse Changing Table with Changing Pad, Black Cherry</p><p> -24% 0FF </p><p>$106.98</p><a href="https://www.amazon.com/dp/B002ACCC52?tag=eloabder-20&linkCode=osi&th=1&psc=1">View Product</a></div>
<div class="product"><a href="https://www.amazon.com/dp/B01AZ20SSQ?tag=eloabder-20&linkCode=osi&th=1&psc=1"><img src="https://m.media-amazon.com/images/I/51gIZq6E8lL._SL500_.jpg" alt="Product Image"></a><p>Baby Trend Sit N' Stand Double Stroller, Onyx</p><p> -30% 0FF </p><p>$139.99</p><a href="https://www.amazon.com/dp/B01AZ20SSQ?tag=eloabder-20&linkCode=osi&th=1&psc=1">View Product</a></div><div class="product"><a href="https://www.amazon.com/dp/B07B7QC8DV?tag=eloabder-20&linkCode=osi&th=1&psc=1"><img src="https://m.media-amazon.com/images/I/41bHbNU6jhL._SL500_.jpg" alt="Product Image"></a><p>Jeep Destination Ultralight Side x Side Double Stroller, Midnight</p><p> -15% 0FF </p><p>$254.00</p><a href="https://www.amazon.com/dp/B07B7QC8DV?tag=eloabder-20&linkCode=osi&th=1&psc=1">View Product</a></div><div class="product"><a href="https://www.amazon.com/dp/B00GJIXW2K?tag=eloabder-20&linkCode=osi&th=1&psc=1"><img src="https://m.media-amazon.com/images/I/518kAj+pzjL._SL500_.jpg" alt="Product Image"></a><p>Delta Children LX Side by Side Stroller - with Recline, Storage & Compact Fold, Grey</p><p> -33% 0FF </p><p>$74.00</p><a href="https://www.amazon.com/dp/B00GJIXW2K?tag=eloabder-20&linkCode=osi&th=1&psc=1">View Product</a></div><div class="product"><a href="https://www.amazon.com/dp/B01L7C479Y?tag=eloabder-20&linkCode=osi&th=1&psc=1"><img src="https://m.media-amazon.com/images/I/51QBKRK7LwL._SL500_.jpg" alt="Product Image"></a><p>Jeep Scout Double Stroller, Charcoal Galaxy</p><p> -8% 0FF </p><p>$109.99</p><a href="https://www.amazon.com/dp/B01L7C479Y?tag=eloabder-20&linkCode=osi&th=1&psc=1">View Product</a></div><div class="product"><a href="https://www.amazon.com/dp/B07BVMSHTZ?tag=eloabder-20&linkCode=osi&th=1&psc=1"><img src="https://m.media-amazon.com/images/I/41arpDdiGJL._SL500_.jpg" alt="Product Image"></a><p>Baby Trend Expedition Double Jogger Stroller, Griffin</p><p> -12% 0FF </p><p>$219.99</p><a href="https://www.amazon.com/dp/B07BVMSHTZ?tag=eloabder-20&linkCode=osi&th=1&psc=1">View Product</a></div><div class="product"><a href="https://www.amazon.com/dp/B095JMDHG1?tag=eloabder-20&linkCode=osi&th=1&psc=1"><img src="https://m.media-amazon.com/images/I/41RzxXFC3zL._SL500_.jpg" alt="Product Image"></a><p>Summer Infant 3Dlite Folding Lightweight Side by Side Double Stroller with 5-Point Safety Harness for Infants and Toddlers, Black</p><p> -10% 0FF </p><p>$143.99</p><a href="https://www.amazon.com/dp/B095JMDHG1?tag=eloabder-20&linkCode=osi&th=1&psc=1">View Product</a></div>
<div class="product"><a href="https://www.amazon.com/dp/B08SQ88X9F?tag=eloabder-20&linkCode=osi&th=1&psc=1"><img src="https://m.media-amazon.com/images/I/614bujHCtPL._SL500_.jpg" alt="Product Image"></a><p>One Fire Night Light for Kids, 96 Lighting Modes Star Projector 360° Rotating+6 Films Kids Night Light Projector,Rechargeable Baby Night Light Ceiling Projector for Bedroom,Kids Gifts&Kids Room Decor</p><p> -29% 0FF </p><p>$14.98</p><a href="https://www.amazon.com/dp/B08SQ88X9F?tag=eloabder-20&linkCode=osi&th=1&psc=1">View Product</a></div><div class="product"><a href="https://www.amazon.com/dp/B07NZN2ZYN?tag=eloabder-20&linkCode=osi&th=1&psc=1"><img src="https://m.media-amazon.com/images/I/51PBHAO+ngL._SL500_.jpg" alt="Product Image"></a><p>Night Light for Kids,Unicorn Night Light Star Projector Gifts for Kids Toddlers,Night Lights Projector for Baby,Unicorn Lamp Ceiling Lights for Girls Bedroom,Night Light for Kids Bedroom(Light Pink)</p><p> -25% 0FF </p><p>$14.99</p><a href="https://www.amazon.com/dp/B07NZN2ZYN?tag=eloabder-20&linkCode=osi&th=1&psc=1">View Product</a></div><div class="product"><a href="https://www.amazon.com/dp/B01LQX0BXA?tag=eloabder-20&linkCode=osi&th=1&psc=1"><img src="https://m.media-amazon.com/images/I/41BcHezl7XL._SL500_.jpg" alt="Product Image"></a><p>Emotionlite Plug in Night Light, Warm White LED Nightlights, Dusk to Dawn Sensor, Kids, Nursery, Bedroom, Bathroom,Hallway, Stairs, Kitchen, UL Listed, 4 Pack</p><p> -17% 0FF </p><p>$9.99 ($2.50 / Count)</p><a href="https://www.amazon.com/dp/B01LQX0BXA?tag=eloabder-20&linkCode=osi&th=1&psc=1">View Product</a></div><div class="product"><a href="https://www.amazon.com/dp/B07H71NHYM?tag=eloabder-20&linkCode=osi&th=1&psc=1"><img src="https://m.media-amazon.com/images/I/412t0Nzaz2L._SL500_.jpg" alt="Product Image"></a><p>2 Pack Sensor LED Night Lights, Color Changing Plug-in Led Mushroom Dream Bed Lamp for Kids Children Adults, Dusk to Dawn Sensor Auto On/Off, Funny Wall Decor Gifts for Nursery Baby Bed Flower Lamp</p><p> -20% 0FF </p><p>$7.99 ($4.00 / Count)</p><a href="https://www.amazon.com/dp/B07H71NHYM?tag=eloabder-20&linkCode=osi&th=1&psc=1">View Product</a></div>
<div class="product"><a href="https://www.amazon.com/dp/B07N1JP56L?tag=eloabder-20&linkCode=osi&th=1&psc=1"><img src="https://m.media-amazon.com/images/I/31R-qSPlk8L._SL500_.jpg" alt="Product Image"></a><p>Fisher-Price Baby Toy Soothe 'n Snuggle Otter Portable Plush Sound Machine with Music Lights & Breathing Motion for Newborns 0+ Months</p><p> -14% 0FF </p><p>$36.99</p><a href="https://www.amazon.com/dp/B07N1JP56L?tag=eloabder-20&linkCode=osi&th=1&psc=1">View Product</a></div><div class="product"><a href="https://www.amazon.com/dp/B006YBHE6M?tag=eloabder-20&linkCode=osi&th=1&psc=1"><img src="https://m.media-amazon.com/images/I/51xjlvsIJlL._SL500_.jpg" alt="Product Image"></a><p>Baby Einstein Sea Dreams Soother, Crib Mount</p><p> -15% 0FF </p><p>$53.99</p><a href="https://www.amazon.com/dp/B006YBHE6M?tag=eloabder-20&linkCode=osi&th=1&psc=1">View Product</a></div><div class="product"><a href="https://www.amazon.com/dp/B075LRC7Z4?tag=eloabder-20&linkCode=osi&th=1&psc=1"><img src="https://m.media-amazon.com/images/I/51n2YwyhfIL._SL500_.jpg" alt="Product Image"></a><p>Soft Dreams Elephant Music and Glow Soother, Grey/Mint</p><p> -17% 0FF </p><p>$19.99</p><a href="https://www.amazon.com/dp/B075LRC7Z4?tag=eloabder-20&linkCode=osi&th=1&psc=1">View Product</a></div><div class="product"><a href="https://www.amazon.com/dp/B0C98SMC3J?tag=eloabder-20&linkCode=osi&th=1&psc=1"><img src="https://m.media-amazon.com/images/I/41FqmVxcrYL._SL500_.jpg" alt="Product Image"></a><p>Baby Sleep Soother Pillow Pets Dream Lites Dinosaur Projector Plush Toys for Boys Girls Baby Sound Machine Stuffed Animal Machine Pillow Ceiling Toys for Toddler</p><p> -17% 0FF </p><p>$19.99</p><a href="https://www.amazon.com/dp/B0C98SMC3J?tag=eloabder-20&linkCode=osi&th=1&psc=1">View Product</a></div>
<div class="product"><a href="https://www.amazon.com/dp/B01HP0JU2G?tag=eloabder-20&linkCode=osi&th=1&psc=1"><img src="https://m.media-amazon.com/images/I/51VRUtudnyL._SL500_.jpg" alt="Product Image"></a><p>Braun ThermoScan 5 Ear Thermometer</p><p> -11% 0FF </p><p>$31.00</p><a href="https://www.amazon.com/dp/B01HP0JU2G?tag=eloabder-20&linkCode=osi&th=1&psc=1">View Product</a></div><div class="product"><a href="https://www.amazon.com/dp/B07YYMBVVC?tag=eloabder-20&linkCode=osi&th=1&psc=1"><img src="https://m.media-amazon.com/images/I/41eqvQ9sQ-L._SL500_.jpg" alt="Product Image"></a><p>Alcedo Forehead and Ear Thermometer for Adults, Kids, and Baby | Digital Infrared Thermometer for Fever | Touchless, Instant Read, Medical Grade | Pouch and Batteries Included</p><p> -17% 0FF </p><p>$24.95</p><a href="https://www.amazon.com/dp/B07YYMBVVC?tag=eloabder-20&linkCode=osi&th=1&psc=1">View Product</a></div>
<div class="product"><a href="https://www.amazon.com/dp/B077QBJNVM?tag=eloabder-20&linkCode=osi&th=1&psc=1"><img src="https://m.media-amazon.com/images/I/41Rrkn2-CKL._SL500_.jpg" alt="Product Image"></a><p>Baby Nail Trimmer 21 in 1, with Labeled case, Includes 13 Extra Replacement Tools, Royal Angels Baby Electric Nail Kit, Baby Nail Care, Nail File Newborn Toddler Toes & Fingernails Clipper (Blue)</p><p> -49% 0FF </p><p>$15.19</p><a href="https://www.amazon.com/dp/B077QBJNVM?tag=eloabder-20&linkCode=osi&th=1&psc=1">View Product</a></div><div class="product"><a href="https://www.amazon.com/dp/B0CL4G33BX?tag=eloabder-20&linkCode=osi&th=1&psc=1"><img src="https://m.media-amazon.com/images/I/41ciCj+3ozL._SL500_.jpg" alt="Product Image"></a><p>Momcozy Baby Nail File Electric, Gentle Baby Nail Trimmer Electric Rechargeable, Baby Nail Clipper Electric, 7 Grinding Head Replacement Pads</p><p> -17% 0FF </p><p>$24.99</p><a href="https://www.amazon.com/dp/B0CL4G33BX?tag=eloabder-20&linkCode=osi&th=1&psc=1">View Product</a></div><div class="product"><a href="https://www.amazon.com/dp/B07B2C8DJD?tag=eloabder-20&linkCode=osi&th=1&psc=1"><img src="https://m.media-amazon.com/images/I/41fgXtsyDWL._SL500_.jpg" alt="Product Image"></a><p>Baby Nail Trimmer Electric Nail File Baby Nail Clippers, Safe Nail Filer Grinder Kit for Newborn Infant Toddler Kids or Adults Toes Fingernails Care Trim Polish, with Led Light and 10 Grinding Heads</p><p> -8% 0FF </p><p>$14.99</p><a href="https://www.amazon.com/dp/B07B2C8DJD?tag=eloabder-20&linkCode=osi&th=1&psc=1">View Product</a></div><div class="product"><a href="https://www.amazon.com/dp/B0D6R6ZPPF?tag=eloabder-20&linkCode=osi&th=1&psc=1"><img src="https://m.media-amazon.com/images/I/41f5Kh-OjGL._SL500_.jpg" alt="Product Image"></a><p>Electric Baby Nail Clippers - 3 in 1 Fingernail Trimmer, Polisher & Clip Storage with Led, USB Rechargeable & 2 Speeds for Baby, Kids, Adult, Seniors, Caregivers</p><p> -15% 0FF </p><p>$23.58</p><a href="https://www.amazon.com/dp/B0D6R6ZPPF?tag=eloabder-20&linkCode=osi&th=1&psc=1">View Product</a></div>
<div class="product"><a href="https://www.amazon.com/dp/B07WY1PGQC?tag=eloabder-20&linkCode=osi&th=1&psc=1"><img src="https://m.media-amazon.com/images/I/414iv2EhSgL._SL500_.jpg" alt="Product Image"></a><p>Dr. Brown's Natural Flow Anti-Colic Options+ Narrow Glass Baby Bottle 8 oz/250 mL, with Level 1 Slow Flow Nipple, 2 Pack, 0m+</p><p> -6% 0FF </p><p>$15.98</p><a href="https://www.amazon.com/dp/B07WY1PGQC?tag=eloabder-20&linkCode=osi&th=1&psc=1">View Product</a></div><div class="product"><a href="https://www.amazon.com/dp/B000WPVCQE?tag=eloabder-20&linkCode=osi&th=1&psc=1"><img src="https://m.media-amazon.com/images/I/41sXQF4JFtL._SL500_.jpg" alt="Product Image"></a><p>Medela Slow Flow Feeding & Storage Bottles, 3 Pack of 5 Ounce Bottle with Nipple, Lids, Wide Base Collars, and Travel Caps, Made Without BPA</p><p> -37% 0FF </p><p>$14.98</p><a href="https://www.amazon.com/dp/B000WPVCQE?tag=eloabder-20&linkCode=osi&th=1&psc=1">View Product</a></div><div class="product"><a href="https://www.amazon.com/dp/B08XNYS46K?tag=eloabder-20&linkCode=osi&th=1&psc=1"><img src="https://m.media-amazon.com/images/I/31bCTm8z+KL._SL500_.jpg" alt="Product Image"></a><p>Sassy 2pk Baby Food Nursers- 3 Nipples, Multi</p><p> -15% 0FF </p><p>$11.04</p><a href="https://www.amazon.com/dp/B08XNYS46K?tag=eloabder-20&linkCode=osi&th=1&psc=1">View Product</a></div>
<div class="product"><a href="https://www.amazon.com/dp/B004RIBVTK?tag=eloabder-20&linkCode=osi&th=1&psc=1"><img src="https://m.media-amazon.com/images/I/41qLfV5gyYL._SL500_.jpg" alt="Product Image"></a><p>First Aid Only 12-110 Alcohol Wipes, Individually Wrapped, 100 Per Box</p><p> -9% 0FF </p><p>$5.29 ($0.05 / Count)</p><a href="https://www.amazon.com/dp/B004RIBVTK?tag=eloabder-20&linkCode=osi&th=1&psc=1">View Product</a></div><div class="product"><a href="https://www.amazon.com/dp/B09YN8K3TH?tag=eloabder-20&linkCode=osi&th=1&psc=1"><img src="https://m.media-amazon.com/images/I/51uaWltWJiL._SL500_.jpg" alt="Product Image"></a><p>Baby Healthcare and Grooming Kit, Portable Baby Safety Care Set, Baby Essentials kit for Newborn (Blue 26 in 1)</p><p> -6% 0FF </p><p>$16.99</p><a href="https://www.amazon.com/dp/B09YN8K3TH?tag=eloabder-20&linkCode=osi&th=1&psc=1">View Product</a></div><div class="product"><a href="https://www.amazon.com/dp/B09FFT9BL2?tag=eloabder-20&linkCode=osi&th=1&psc=1"><img src="https://m.media-amazon.com/images/I/51mTQI4FDBL._SL500_.jpg" alt="Product Image"></a><p>Smart Care Fisher-Price 6-Piece Baby Healthcare Kit, Newborn Essentials, Baby Gift Set, Includes Medicine Dispensers, Aspirator, Baby Nail Clippers, Baby Thermometer</p><p> -23% 0FF </p><p>$10.73</p><a href="https://www.amazon.com/dp/B09FFT9BL2?tag=eloabder-20&linkCode=osi&th=1&psc=1">View Product</a></div>

<div class="product"><a href="https://www.amazon.com/dp/B07GTMWP8R?tag=eloabder-20&linkCode=osi&th=1&psc=1"><img src="https://m.media-amazon.com/images/I/412oB-MFGOL._SL500_.jpg" alt="Product Image"></a><p>Matyz Versatile Baby Food Maker Set - Toddler Food Mills with Mash Bowl, Hand Masher, Citrus Juicer, Grater - Making Homemade Baby Food - Fruits and Vegetables Masher - No BPA (Yellow)</p><p> -36% 0FF </p><p>$15.99</p><a href="https://www.amazon.com/dp/B07GTMWP8R?tag=eloabder-20&linkCode=osi&th=1&psc=1">View Product</a></div><div class="product"><a href="https://www.amazon.com/dp/B00FWSQ55E?tag=eloabder-20&linkCode=osi&th=1&psc=1"><img src="https://m.media-amazon.com/images/I/316TAIMF4qL._SL500_.jpg" alt="Product Image"></a><p>NUK Fresh Foods Masher & Bowl, colour pistachio</p><p> -10% 0FF </p><p>$17.99</p><a href="https://www.amazon.com/dp/B00FWSQ55E?tag=eloabder-20&linkCode=osi&th=1&psc=1">View Product</a></div>
<div class="product"><a href="https://www.amazon.com/dp/B07MYW28QR?tag=eloabder-20&linkCode=osi&th=1&psc=1"><img src="https://m.media-amazon.com/images/I/315j5b08H9L._SL500_.jpg" alt="Product Image"></a><p>Baby Brezza New and Improved Formula Pro Advanced Formula Dispenser Machine - Automatically Mix a Warm Formula Bottle Instantly - Easily Make Bottle with Automatic Powder Blending, White</p><p> -20% 0FF </p><p>$184.99</p><a href="https://www.amazon.com/dp/B07MYW28QR?tag=eloabder-20&linkCode=osi&th=1&psc=1">View Product</a></div>
<div class="product"><a href="https://www.amazon.com/dp/B0B2KVK1QS?tag=eloabder-20&linkCode=osi&th=1&psc=1"><img src="https://m.media-amazon.com/images/I/31JCp0AmlBL._SL500_.jpg" alt="Product Image"></a><p>Dr. Brown's Baby Formula Mixing Pitcher with Adjustable Stopper, Locking Lid, & No Drip Spout, 32oz, BPA Free, Teal</p><p> -9% 0FF </p><p>$9.97</p><a href="https://www.amazon.com/dp/B0B2KVK1QS?tag=eloabder-20&linkCode=osi&th=1&psc=1">View Product</a></div><div class="product"><a href="https://www.amazon.com/dp/B0CM5J4JWT?tag=eloabder-20&linkCode=osi&th=1&psc=1"><img src="https://m.media-amazon.com/images/I/31VSt6TaXAL._SL500_.jpg" alt="Product Image"></a><p>Electric Baby Formula Mixing Pitcher, NehNeh Baby Bi-directional Alternating Stirring Mixer | No Air Bubble | No Clumps | No Drip Spout | Locking Lid | Fridge Storage 36oz, BPA Free -Green</p><p> -27% 0FF </p><p>$21.99</p><a href="https://www.amazon.com/dp/B0CM5J4JWT?tag=eloabder-20&linkCode=osi&th=1&psc=1">View Product</a></div><div class="product"><a href="https://www.amazon.com/dp/B0D1C9D91Q?tag=eloabder-20&linkCode=osi&th=1&psc=1"><img src="https://m.media-amazon.com/images/I/41MGIga8RYL._SL500_.jpg" alt="Product Image"></a><p>Electric Bottle Brush Cleaner Baby, Silicone Electric Baby Bottle Brush Set with Nipple Brush/Baby Formula Mixer USB Rechargeable & 2 Mode 360° Spinning Cleaner. Essential Feeding Supplies for Moms</p><p> -24% 0FF </p><p>$21.99</p><a href="https://www.amazon.com/dp/B0D1C9D91Q?tag=eloabder-20&linkCode=osi&th=1&psc=1">View Product</a></div>
<div class="product"><a href="https://www.amazon.com/dp/B0823FX2SL?tag=eloabder-20&linkCode=osi&th=1&psc=1"><img src="https://m.media-amazon.com/images/I/41i+ptDBdcL._SL500_.jpg" alt="Product Image"></a><p>Frida Baby Grooming Kit | Baby Essentials Gift Set Includes Finger Brush with Storage Stand, Hair Brush with Case, Styling Hair Comb, Easy Grip Nail Scissors with Nail File and Case</p><p> -39% 0FF </p><p>$15.26</p><a href="https://www.amazon.com/dp/B0823FX2SL?tag=eloabder-20&linkCode=osi&th=1&psc=1">View Product</a></div><div class="product"><a href="https://www.amazon.com/dp/B08PFCJWLF?tag=eloabder-20&linkCode=osi&th=1&psc=1"><img src="https://m.media-amazon.com/images/I/41ugdN8QcEL._SL500_.jpg" alt="Product Image"></a><p>OTTOLIVES Baby Healthcare and Grooming Kit, 24 in 1 Baby Electric Nail Trimmer Set Newborn Nursery Health Care Set for Newborn Infant Toddlers Baby Boys Girls Kids Haircut Tools (0-3 Years+) (Pink)</p><p> -17% 0FF </p><p>$24.99</p><a href="https://www.amazon.com/dp/B08PFCJWLF?tag=eloabder-20&linkCode=osi&th=1&psc=1">View Product</a></div>
<div class="product"><a href="https://www.amazon.com/dp/B074W7SKZ2?tag=eloabder-20&linkCode=osi&th=1&psc=1"><img src="https://m.media-amazon.com/images/I/31KOO0YFRdL._SL500_.jpg" alt="Product Image"></a><p>Mibote Baby Growth Height Chart Handing Ruler Wall Decor for Kids, Canvas Removable Height Growth Chart 79" x 7.9" (Black & White)</p><p> -18% 0FF </p><p>$7.99</p><a href="https://www.amazon.com/dp/B074W7SKZ2?tag=eloabder-20&linkCode=osi&th=1&psc=1">View Product</a></div><div class="product"><a href="https://www.amazon.com/dp/B073V6JFZ1?tag=eloabder-20&linkCode=osi&th=1&psc=1"><img src="https://m.media-amazon.com/images/I/31Fr48bMYdL._SL500_.jpg" alt="Product Image"></a><p>Kate and Laurel Growth Chart 6.5' Wood Wall Ruler, Rustic Brown</p><p> -12% 0FF </p><p>$52.99</p><a href="https://www.amazon.com/dp/B073V6JFZ1?tag=eloabder-20&linkCode=osi&th=1&psc=1">View Product</a></div><div class="product"><a href="https://www.amazon.com/dp/B08PTVQ1W5?tag=eloabder-20&linkCode=osi&th=1&psc=1"><img src="https://m.media-amazon.com/images/I/31m1GJZxGtS._SL500_.jpg" alt="Product Image"></a><p>PandaEar Baby Height Growth Chart Ruler| Kids Boys Girls | Removable Wall Decor Measurement 79" x 7.9" (White)</p><p> -16% 0FF </p><p>$7.59</p><a href="https://www.amazon.com/dp/B08PTVQ1W5?tag=eloabder-20&linkCode=osi&th=1&psc=1">View Product</a></div><div class="product"><a href="https://www.amazon.com/dp/B08TVT93RY?tag=eloabder-20&linkCode=osi&th=1&psc=1"><img src="https://m.media-amazon.com/images/I/41kME5mTgKL._SL500_.jpg" alt="Product Image"></a><p>SUJAYU Growth Chart for Kids, Canvas Height Chart Ruler Removable Wood Hanging Wall Ruler Measurement Chart for Home Decoration (White)</p><p> -13% 0FF </p><p>$6.99</p><a href="https://www.amazon.com/dp/B08TVT93RY?tag=eloabder-20&linkCode=osi&th=1&psc=1">View Product</a></div><div class="product"><a href="https://www.amazon.com/dp/B0D2N5HN9K?tag=eloabder-20&linkCode=osi&th=1&psc=1"><img src="https://m.media-amazon.com/images/I/41rYpem0a5L._SL500_.jpg" alt="Product Image"></a><p>Growth Chart for Wall Wooden Height Chart for Kids Unicorn Castle Height Measurement for Wall Kids Height Wall Chart Kids Room Nursery Wall Decor</p><p> -19% 0FF </p><p>$21.99</p><a href="https://www.amazon.com/dp/B0D2N5HN9K?tag=eloabder-20&linkCode=osi&th=1&psc=1">View Product</a></div>
<div class="product"><a href="https://www.amazon.com/dp/B01N1PTHED?tag=eloabder-20&linkCode=osi&th=1&psc=1"><img src="https://m.media-amazon.com/images/I/31l11tL5deL._SL500_.jpg" alt="Product Image"></a><p>Natemia Baby Hair Brush - Soft Bristle Hair Brush Baby, Baby Registry Gift, Soft Baby Brush, Toddler Hair Brush for Boys & Girls, Newborn Baby Essentials, Newborn Hair Brush, Baby Wooden Brush</p><p> -28% 0FF </p><p>$12.94</p><a href="https://www.amazon.com/dp/B01N1PTHED?tag=eloabder-20&linkCode=osi&th=1&psc=1">View Product</a></div><div class="product"><a href="https://www.amazon.com/dp/B07V6VN1V8?tag=eloabder-20&linkCode=osi&th=1&psc=1"><img src="https://m.media-amazon.com/images/I/415TTdnE6ZL._SL500_.jpg" alt="Product Image"></a><p>Baby Hair Brush - Baby Brush with Soft Goat Bristles, Cradle Cap Brush, Perfect Scalp Grooming Product for Infant, Toddler, Kids, Newborns, Baby Girls, Boys (Walnut, Oval)</p><p> -32% 0FF </p><p>$12.96</p><a href="https://www.amazon.com/dp/B07V6VN1V8?tag=eloabder-20&linkCode=osi&th=1&psc=1">View Product</a></div><div class="product"><a href="https://www.amazon.com/dp/B07XPS253G?tag=eloabder-20&linkCode=osi&th=1&psc=1"><img src="https://m.media-amazon.com/images/I/41Yb4VpbnkS._SL500_.jpg" alt="Product Image"></a><p>Molylove Baby Hair Brush, Wooden Goat Bristles Hair Brush for Newborns & Toddlers, Ideal for Cradle Cap, Perfect Baby Registry Gift, Hypoallergenic, 1 Count</p><p> -33% 0FF </p><p>$5.99</p><a href="https://www.amazon.com/dp/B07XPS253G?tag=eloabder-20&linkCode=osi&th=1&psc=1">View Product</a></div><div class="product"><a href="https://www.amazon.com/dp/B0D68KKVN2?tag=eloabder-20&linkCode=osi&th=1&psc=1"><img src="https://m.media-amazon.com/images/I/41M35gnwy-L._SL500_.jpg" alt="Product Image"></a><p>ROMY RO Soft Wooden Baby Hair Brush for Newborns & Toddlers in Chic Gift Box - Ultra Soft Natural Goat Hair - Perfect Registry Gift (Goat hair brush - Oval)</p><p> -48% 0FF </p><p>$12.94</p><a href="https://www.amazon.com/dp/B0D68KKVN2?tag=eloabder-20&linkCode=osi&th=1&psc=1">View Product</a></div>
<div class="product"><a href="https://www.amazon.com/dp/B08BPD2RHF?tag=eloabder-20&linkCode=osi&th=1&psc=1"><img src="https://m.media-amazon.com/images/I/41lSftNLw1L._SL500_.jpg" alt="Product Image"></a><p>Yoocaa Car Headrest Pillow, Road Pal Headrest, Adjustable Car Seat Head Neck Support, U Shaped Car Sleeping Pillow for Kids & Adults, Only Suitable for Car Seat Headrest with Poles, Black</p><p> -9% 0FF </p><p>$29.99</p><a href="https://www.amazon.com/dp/B08BPD2RHF?tag=eloabder-20&linkCode=osi&th=1&psc=1">View Product</a></div><div class="product"><a href="https://www.amazon.com/dp/B07LF8G768?tag=eloabder-20&linkCode=osi&th=1&psc=1"><img src="https://m.media-amazon.com/images/I/21e1Tt6BFrL._SL500_.jpg" alt="Product Image"></a><p>Car Head Support Toddle Car Neck Relief Baby Child Car Seat Adjustable Head and Neck Support Band - A Comfortable Sleep Solution (Gray)</p><p> -13% 0FF </p><p>$12.99</p><a href="https://www.amazon.com/dp/B07LF8G768?tag=eloabder-20&linkCode=osi&th=1&psc=1">View Product</a></div><div class="product"><a href="https://www.amazon.com/dp/B09ZL3P26Z?tag=eloabder-20&linkCode=osi&th=1&psc=1"><img src="https://m.media-amazon.com/images/I/31zv-UP+MDL._SL500_.jpg" alt="Product Image"></a><p>Pro Goleem Car Seat Head Support Infant, Soft Infant Car Seat Insert, 2 in 1 Carseat Head Support for Newborn, Perfect for Car Seat, Stroller, Swing, Bouncer, Gray and Black</p><p> -21% 0FF </p><p>$18.99</p><a href="https://www.amazon.com/dp/B09ZL3P26Z?tag=eloabder-20&linkCode=osi&th=1&psc=1">View Product</a></div>
<div class="product"><a href="https://www.amazon.com/dp/B0CLM3ZNJ6?tag=eloabder-20&linkCode=osi&th=1&psc=1"><img src="https://m.media-amazon.com/images/I/4131cOAl1wL._SL500_.jpg" alt="Product Image"></a><p>Toddler Bath Towel Baby Bath Towels Hooded Kids Towels for Boy Girl 0-5 Year, 2-Pack Thick Absorbent Toddler Towels Hooded Baby Towels with Hood, Large 50''x32'' Baby Hooded Towel for Kids Bath Towel</p><p> -20% 0FF </p><p>$23.99</p><a href="https://www.amazon.com/dp/B0CLM3ZNJ6?tag=eloabder-20&linkCode=osi&th=1&psc=1">View Product</a></div>
<div class="product"><a href="https://www.amazon.com/dp/B094YGQNSV?tag=eloabder-20&linkCode=osi&th=1&psc=1"><img src="https://m.media-amazon.com/images/I/31BKhmVToOL._SL500_.jpg" alt="Product Image"></a><p>Westinghouse Ultrasonic Cool Mist Humidifier, 4.5L Top Filling Quiet Air Humidifier with Low Water Alarm, Adjustable Mist Humidifier for Bedrooms</p><p> -60% 0FF </p><p>$25.00</p><a href="https://www.amazon.com/dp/B094YGQNSV?tag=eloabder-20&linkCode=osi&th=1&psc=1">View Product</a></div><div class="product"><a href="https://www.amazon.com/dp/B000056HL5?tag=eloabder-20&linkCode=osi&th=1&psc=1"><img src="https://m.media-amazon.com/images/I/41ad8kyAgJL._SL500_.jpg" alt="Product Image"></a><p>Vicks Ultrasonic Humidifier Cool Mist Humidifier to Help Relieve Cold and Flu Symptoms</p><p> -27% 0FF </p><p>$44.00</p><a href="https://www.amazon.com/dp/B000056HL5?tag=eloabder-20&linkCode=osi&th=1&psc=1">View Product</a></div><div class="product"><a href="https://www.amazon.com/dp/B000GWJD0A?tag=eloabder-20&linkCode=osi&th=1&psc=1"><img src="https://m.media-amazon.com/images/I/3124anf96JL._SL500_.jpg" alt="Product Image"></a><p>Crane Adorables Ultrasonic Humidifiers for Bedroom and Baby Nursery, 1 Gallon Cool Mist Air Humidifier for Large Room or Kid's Room, Humidifier Filters Optional, Penguin</p><p> -28% 0FF </p><p>$43.20</p><a href="https://www.amazon.com/dp/B000GWJD0A?tag=eloabder-20&linkCode=osi&th=1&psc=1">View Product</a></div><div class="product"><a href="https://www.amazon.com/dp/B06XP1GMDY?tag=eloabder-20&linkCode=osi&th=1&psc=1"><img src="https://m.media-amazon.com/images/I/31g-+ypTSrL._SL500_.jpg" alt="Product Image"></a><p>Babymoov Hygro Plus Cool Mist Humidifier 3-in-1 Humidity Control, Multicolored Night Light & Essential Oil Diffuser Easy Use and Care-Blue(NO Filter Needed)</p><p> -22% 0FF </p><p>$69.99</p><a href="https://www.amazon.com/dp/B06XP1GMDY?tag=eloabder-20&linkCode=osi&th=1&psc=1">View Product</a></div><div class="product"><a href="https://www.amazon.com/dp/B009COIFAC?tag=eloabder-20&linkCode=osi&th=1&psc=1"><img src="https://m.media-amazon.com/images/I/415IUpVHxDL._SL500_.jpg" alt="Product Image"></a><p>Guardian Technologies Pure Guardian H920BL Ultrasonic Cool Mist Humidifier, 10 Hrs. Run Time, 210 Sq. Ft. Coverage, Small Rooms, Quiet, Filter Free, Treated Tank Resists</p><p> -50% 0FF </p><p>$19.99</p><a href="https://www.amazon.com/dp/B009COIFAC?tag=eloabder-20&linkCode=osi&th=1&psc=1">View Product</a></div>
<div class="product"><a href="https://www.amazon.com/dp/B08847QPWV?tag=eloabder-20&linkCode=osi&th=1&psc=1"><img src="https://m.media-amazon.com/images/I/41I9zGsqR2L._SL500_.jpg" alt="Product Image"></a><p>Graco SnugFit 35 Infant Car Seat with Simply Safe Adjust Harness System | Baby Car Seat with Anti Rebound Bar, Gotham</p><p> -30% 0FF </p><p>$118.99</p><a href="https://www.amazon.com/dp/B08847QPWV?tag=eloabder-20&linkCode=osi&th=1&psc=1">View Product</a></div>
<div class="product"><a href="https://www.amazon.com/dp/B09DLGM21Q?tag=eloabder-20&linkCode=osi&th=1&psc=1"><img src="https://m.media-amazon.com/images/I/4161UIlOUcL._SL500_.jpg" alt="Product Image"></a><p>Fisher-Price Portable Baby Chair Sit-Me-Up Floor Seat with Developmental Toys & Machine Washable Seat Pad, Rainbow Sprinkles</p><p> -6% 0FF </p><p>$40.49</p><a href="https://www.amazon.com/dp/B09DLGM21Q?tag=eloabder-20&linkCode=osi&th=1&psc=1">View Product</a></div><div class="product"><a href="https://www.amazon.com/dp/B0C2V717QN?tag=eloabder-20&linkCode=osi&th=1&psc=1"><img src="https://m.media-amazon.com/images/I/413QFmg9NwL._SL500_.jpg" alt="Product Image"></a><p>EKEPE Inflatable Baby Seat for Babies 3 Months & Up, Baby Floor Seats for Sitting Up, Baby Seats for Infants, Blow Up Baby Chair with Built in Air Pump - Bear</p><p> -20% 0FF </p><p>$21.59</p><a href="https://www.amazon.com/dp/B0C2V717QN?tag=eloabder-20&linkCode=osi&th=1&psc=1">View Product</a></div>

<div class="product"><a href="https://www.amazon.com/dp/B01M6YVW7B?tag=eloabder-20&linkCode=osi&th=1&psc=1"><img src="https://m.media-amazon.com/images/I/41HXEU0eLLL._SL500_.jpg" alt="Product Image"></a><p>Angelcare Baby Bath Support (Gray) | Ideal for Babies Less Than 6 Months Old</p><p> -33% 0FF </p><p>$19.99</p><a href="https://www.amazon.com/dp/B01M6YVW7B?tag=eloabder-20&linkCode=osi&th=1&psc=1">View Product</a></div><div class="product"><a href="https://www.amazon.com/dp/B0D9JLFDWL?tag=eloabder-20&linkCode=osi&th=1&psc=1"><img src="https://m.media-amazon.com/images/I/41t4fYIsNiL._SL500_.jpg" alt="Product Image"></a><p>GloTika Foldable Baby Bathtub Support, Ergonomic Mesh Infant Bathtub, Portable Baby Bath Tub for Newborn Babies 0-6 Months, Grey</p><p> -31% 0FF </p><p>$19.99</p><a href="https://www.amazon.com/dp/B0D9JLFDWL?tag=eloabder-20&linkCode=osi&th=1&psc=1">View Product</a></div><div class="product"><a href="https://www.amazon.com/dp/B000XW65SG?tag=eloabder-20&linkCode=osi&th=1&psc=1"><img src="https://m.media-amazon.com/images/I/41Nyw2TWaWL._SL500_.jpg" alt="Product Image"></a><p>The First Years Newborn to Toddler Baby Bath Tub - Convertible 3-in-1 Baby Tub with Removable Sling - Ages 0 to 24 Months - Sure Comfort - Pink</p><p> -37% 0FF </p><p>$22.00</p><a href="https://www.amazon.com/dp/B000XW65SG?tag=eloabder-20&linkCode=osi&th=1&psc=1">View Product</a></div><div class="product"><a href="https://www.amazon.com/dp/B0CGD46P4F?tag=eloabder-20&linkCode=osi&th=1&psc=1"><img src="https://m.media-amazon.com/images/I/41lNJLni9PL._SL500_.jpg" alt="Product Image"></a><p>AVIDOR Baby Bathtub,Collapsible Bathtub for Newborn to Toddler,Durable Essential Infant Bath Tub,Portable Travel Baby Bathtub with Soft Cushion,No-Slip Hanging and Detachable Bathtub,Green</p><p> -18% 0FF </p><p>$32.99</p><a href="https://www.amazon.com/dp/B0CGD46P4F?tag=eloabder-20&linkCode=osi&th=1&psc=1">View Product</a></div>
<div class="product"><a href="https://www.amazon.com/dp/B0CKWN7R3N?tag=eloabder-20&linkCode=osi&th=1&psc=1"><img src="https://m.media-amazon.com/images/I/31Z12rMqZ6L._SL500_.jpg" alt="Product Image"></a><p>Itzy Ritzy Insulated Bottle Bag – Keeps Bottles Warm or Cool - Holds 3 Bottles & Features Interior Pocket for Ice Pack (Not Included), Milk & Honey</p><p> -29% 0FF </p><p>$24.99</p><a href="https://www.amazon.com/dp/B0CKWN7R3N?tag=eloabder-20&linkCode=osi&th=1&psc=1">View Product</a></div>
<div class="product"><a href="https://www.amazon.com/dp/B002GKC4AG?tag=eloabder-20&linkCode=osi&th=1&psc=1"><img src="https://m.media-amazon.com/images/I/4195Qc9-38L._SL500_.jpg" alt="Product Image"></a><p>My Brest Friend Professional Nursing Pillow | Ergonomic Breastfeeding Pillows | Ideal for Lactation Consultants, NICUs & More | Breastfeeding Essentials | Handy Side Pocket & Easily Wipes Clean, Blue</p><p> -6% 0FF </p><p>$51.50</p><a href="https://www.amazon.com/dp/B002GKC4AG?tag=eloabder-20&linkCode=osi&th=1&psc=1">View Product</a></div><div class="product"><a href="https://www.amazon.com/dp/B0BT6TTHK6?tag=eloabder-20&linkCode=osi&th=1&psc=1"><img src="https://m.media-amazon.com/images/I/51GP+4wNoZL._SL500_.jpg" alt="Product Image"></a><p>Boppy Nursing Pillow Best Latch, Mocha Half Domes, Created with Lactation Consultant, Firm Contoured and Plush Sides for Two Breastfeeding Options, Padded Belt, Plus Sized to Petite, Machine Washable</p><p> -20% 0FF </p><p>$40.00</p><a href="https://www.amazon.com/dp/B0BT6TTHK6?tag=eloabder-20&linkCode=osi&th=1&psc=1">View Product</a></div>
<div class="product"><a href="https://www.amazon.com/dp/B01GGLV4V0?tag=eloabder-20&linkCode=osi&th=1&psc=1"><img src="https://m.media-amazon.com/images/I/41KKABFTw+L._SL500_.jpg" alt="Product Image"></a><p>Zote Pink Soap Pack of 3 Total 7 oz</p><p> -10% 0FF </p><p>$6.30</p><a href="https://www.amazon.com/dp/B01GGLV4V0?tag=eloabder-20&linkCode=osi&th=1&psc=1">View Product</a></div><div class="product"><a href="https://www.amazon.com/dp/B08MPWSBRR?tag=eloabder-20&linkCode=osi&th=1&psc=1"><img src="https://m.media-amazon.com/images/I/31gvg0Il4bL._SL500_.jpg" alt="Product Image"></a><p>Grangers Down Wash/Detergent for Down Insulated Clothing, Sleeping Bags and Bedding (12 Washes), 10 oz</p><p> -6% 0FF </p><p>$13.45 ($1.34 / Fl Oz)</p><a href="https://www.amazon.com/dp/B08MPWSBRR?tag=eloabder-20&linkCode=osi&th=1&psc=1">View Product</a></div><div class="product"><a href="https://www.amazon.com/dp/B08Y9691J6?tag=eloabder-20&linkCode=osi&th=1&psc=1"><img src="https://m.media-amazon.com/images/I/31wqAyGiS-L._SL500_.jpg" alt="Product Image"></a><p>WHOLENATURALS Pure Castile Soap Liquid, EWG Verified & Certified Palm Oil Free Unscented, Natural, Mild & Gentle Non-gmo & Vegan - Organic Body Wash, Laundry, and Baby Soap - 64 Fl Oz</p><p> -17% 0FF </p><p>$28.89 ($0.45 / Fl Oz)</p><a href="https://www.amazon.com/dp/B08Y9691J6?tag=eloabder-20&linkCode=osi&th=1&psc=1">View Product</a></div>
<div class="product"><a href="https://www.amazon.com/dp/B01JK164JU?tag=eloabder-20&linkCode=osi&th=1&psc=1"><img src="https://m.media-amazon.com/images/I/31tGM0o-n7L._SL500_.jpg" alt="Product Image"></a><p>The Honest Company Hydrating Face + Body Lotion | Fast Absorbing, Naturally Derived, Hypoallergenic | Lavender Calm, 8.5 fl oz</p><p> -8% 0FF </p><p>$10.99 ($1.29 / Fl Oz)</p><a href="https://www.amazon.com/dp/B01JK164JU?tag=eloabder-20&linkCode=osi&th=1&psc=1">View Product</a></div><div class="product"><a href="https://www.amazon.com/dp/B0018CK3VK?tag=eloabder-20&linkCode=osi&th=1&psc=1"><img src="https://m.media-amazon.com/images/I/41+wBu0geAL._SL500_.jpg" alt="Product Image"></a><p>Avalon Organics Hand & Body Lotion, Aloe Unscented, 32 Oz</p><p> -12% 0FF </p><p>$17.19 ($0.54 / Ounce)</p><a href="https://www.amazon.com/dp/B0018CK3VK?tag=eloabder-20&linkCode=osi&th=1&psc=1">View Product</a></div><div class="product"><a href="https://www.amazon.com/dp/B0013DIZL4?tag=eloabder-20&linkCode=osi&th=1&psc=1"><img src="https://m.media-amazon.com/images/I/31bPmcqX7+L._SL500_.jpg" alt="Product Image"></a><p>Lubriderm Intense Dry Skin Repair Lotion + Pro-Ceramide with Vitamin E & Minerals Helps to Repair Rough, Dry Skin, Fast Absorbing Lotion is Fragrance-Free and Non-Greasy, 16 fl. oz</p><p> -24% 0FF </p><p>$9.34 ($0.58 / Fl Oz)</p><a href="https://www.amazon.com/dp/B0013DIZL4?tag=eloabder-20&linkCode=osi&th=1&psc=1">View Product</a></div>
<div class="product"><a href="https://www.amazon.com/dp/B0BPHJN972?tag=eloabder-20&linkCode=osi&th=1&psc=1"><img src="https://m.media-amazon.com/images/I/41np1V18sQL._SL500_.jpg" alt="Product Image"></a><p>Pro Goleem Loveys for Babies - Soft Security Blanket Baby Snuggle Toy Newborn Stuffed Animals Baby Gifts for Boys and Girls, Lion 16 Inch</p><p> -37% 0FF </p><p>$9.48</p><a href="https://www.amazon.com/dp/B0BPHJN972?tag=eloabder-20&linkCode=osi&th=1&psc=1">View Product</a></div><div class="product"><a href="https://www.amazon.com/dp/B01MRVHKP1?tag=eloabder-20&linkCode=osi&th=1&psc=1"><img src="https://m.media-amazon.com/images/I/5183CyG7XSL._SL500_.jpg" alt="Product Image"></a><p>Mary Meyer Putty Nursery Character Blanket, Hound Dog, 1 Pack</p><p> -9% 0FF </p><p>$19.96</p><a href="https://www.amazon.com/dp/B01MRVHKP1?tag=eloabder-20&linkCode=osi&th=1&psc=1">View Product</a></div><div class="product"><a href="https://www.amazon.com/dp/B00PKP4JUM?tag=eloabder-20&linkCode=osi&th=1&psc=1"><img src="https://m.media-amazon.com/images/I/41OzmBpx8bL._SL500_.jpg" alt="Product Image"></a><p>Mary Meyer Lovey Soft Toy, 13-Inches, Oatmeal Bunny</p><p> -14% 0FF </p><p>$17.96</p><a href="https://www.amazon.com/dp/B00PKP4JUM?tag=eloabder-20&linkCode=osi&th=1&psc=1">View Product</a></div><div class="product"><a href="https://www.amazon.com/dp/B08PP8S8KZ?tag=eloabder-20&linkCode=osi&th=1&psc=1"><img src="https://m.media-amazon.com/images/I/41kmsE51naL._SL500_.jpg" alt="Product Image"></a><p>Pro Goleem Dog Security Blanket Brown Soft Puppy Lovey for Boys and Girls Unisex Lovie Baby Gifts for Toddler and Infant Snuggle Toy Stuffed Animal 16 Inch</p><p> -25% 0FF </p><p>$14.99</p><a href="https://www.amazon.com/dp/B08PP8S8KZ?tag=eloabder-20&linkCode=osi&th=1&psc=1">View Product</a></div><div class="product"><a href="https://www.amazon.com/dp/B08SZD1XXG?tag=eloabder-20&linkCode=osi&th=1&psc=1"><img src="https://m.media-amazon.com/images/I/41M7mPD9ieL._SL500_.jpg" alt="Product Image"></a><p>Itzy Ritzy - Itzy Lovey Including Teether - Baby Lovey with Teether, Textured Ribbons & Dangle Arms - Features Crinkle Sound, Sherpa Fabric and Minky Plush (Sloth)</p><p> -31% 0FF </p><p>$8.90</p><a href="https://www.amazon.com/dp/B08SZD1XXG?tag=eloabder-20&linkCode=osi&th=1&psc=1">View Product</a></div>
<div class="product"><a href="https://www.amazon.com/dp/B0B5Z89FZW?tag=eloabder-20&linkCode=osi&th=1&psc=1"><img src="https://m.media-amazon.com/images/I/31HOhMzLqbL._SL500_.jpg" alt="Product Image"></a><p>Yoofoss Waterproof Crib Mattress Protector 2 Pack, Quilted Crib Mattress Pad Cover Ultra Soft and Breathable, Machine Washable Toddler Mattress Protector for Standard Baby Crib Size 52''x28''</p><p> -17% 0FF </p><p>$19.99</p><a href="https://www.amazon.com/dp/B0B5Z89FZW?tag=eloabder-20&linkCode=osi&th=1&psc=1">View Product</a></div><div class="product"><a href="https://www.amazon.com/dp/B0CFG4G839?tag=eloabder-20&linkCode=osi&th=1&psc=1"><img src="https://m.media-amazon.com/images/I/41tYoYajqyL._SL500_.jpg" alt="Product Image"></a><p>SafeRest Sleepure 100% Waterproof Crib Size Mattress Protector - Viscose Derived from Bamboo - Fitted with Stretchable Pockets - Machine Washable Cotton Mattress Cover for Bed</p><p> -40% 0FF </p><p>$20.99</p><a href="https://www.amazon.com/dp/B0CFG4G839?tag=eloabder-20&linkCode=osi&th=1&psc=1">View Product</a></div><div class="product"><a href="https://www.amazon.com/dp/B09B1NNPP9?tag=eloabder-20&linkCode=osi&th=1&psc=1"><img src="https://m.media-amazon.com/images/I/31P+e7ESa8L._SL500_.jpg" alt="Product Image"></a><p>Bassinet Mattress Pad Cover 2 Pack Quilted Bassinet Mattress Protector Waterproof Bassinet Sheets (32"x17") for Boys & Girls, Fit for Hourglass/Oval Bassinet Mattress, White</p><p> -15% 0FF </p><p>$14.23</p><a href="https://www.amazon.com/dp/B09B1NNPP9?tag=eloabder-20&linkCode=osi&th=1&psc=1">View Product</a></div>
<div class="product"><a href="https://www.amazon.com/dp/B07WW1CT4W?tag=eloabder-20&linkCode=osi&th=1&psc=1"><img src="https://m.media-amazon.com/images/I/51jnxJGkipL._SL500_.jpg" alt="Product Image"></a><p>Luka&Lily Month Milestone Blanket- 60"x40" for Baby Boys - First Year Calendar Monthly Growth Chart, Moon - Shower Gifts</p><p> -14% 0FF </p><p>$29.99</p><a href="https://www.amazon.com/dp/B07WW1CT4W?tag=eloabder-20&linkCode=osi&th=1&psc=1">View Product</a></div><div class="product"><a href="https://www.amazon.com/dp/B07BNBTGHD?tag=eloabder-20&linkCode=osi&th=1&psc=1"><img src="https://m.media-amazon.com/images/I/4143Q79bsYL._SL500_.jpg" alt="Product Image"></a><p>Organic Baby Monthly Milestone Blanket Boy or Girl - Months Blanket with Wood Frame and Newborn Announcement Disc - Growth Chart Milestone Blanket Neutral, 1-12 Month Milestones, 47”x47”</p><p> -21% 0FF </p><p>$25.99</p><a href="https://www.amazon.com/dp/B07BNBTGHD?tag=eloabder-20&linkCode=osi&th=1&psc=1">View Product</a></div><div class="product"><a href="https://www.amazon.com/dp/B07SW75W4Q?tag=eloabder-20&linkCode=osi&th=1&psc=1"><img src="https://m.media-amazon.com/images/I/41JMlZBEbQL._SL500_.jpg" alt="Product Image"></a><p>Kate & Milo Baby Monthly Milestone Blanket, Infant Milestone Markers, Newborn Photoshoot Photo Props, Baby Girl or Baby Boy Gift, Large Blanket</p><p> -19% 0FF </p><p>$12.21</p><a href="https://www.amazon.com/dp/B07SW75W4Q?tag=eloabder-20&linkCode=osi&th=1&psc=1">View Product</a></div><div class="product"><a href="https://www.amazon.com/dp/B0986S52N1?tag=eloabder-20&linkCode=osi&th=1&psc=1"><img src="https://m.media-amazon.com/images/I/51v8Yn1ycsL._SL500_.jpg" alt="Product Image"></a><p>Popfavors, Yuzioey Safari Baby Monthly Milestone Blanket, Jungle Animals Baby Month Blanket , Baby Boy Blanket Growth Chart Nursery Decor, Includes Marker, White, 50Inx40In</p><p> -5% 0FF </p><p>$18.99</p><a href="https://www.amazon.com/dp/B0986S52N1?tag=eloabder-20&linkCode=osi&th=1&psc=1">View Product</a></div><div class="product"><a href="https://www.amazon.com/dp/B0CX9W8SND?tag=eloabder-20&linkCode=osi&th=1&psc=1"><img src="https://m.media-amazon.com/images/I/41r8vCzGa2L._SL500_.jpg" alt="Product Image"></a><p>Pearhead Hello World Milestone Blanket and Prop, Baby Monthly Milestone Updates, Growth Blanket with Photo Posing Props, Ideal Mother's Day Gift, Perfect Newborn Gift and Nursery Decor</p><p> -6% 0FF </p><p>$18.79</p><a href="https://www.amazon.com/dp/B0CX9W8SND?tag=eloabder-20&linkCode=osi&th=1&psc=1">View Product</a></div><div class="product"><a href="https://www.amazon.com/dp/B07JKN43H6?tag=eloabder-20&linkCode=osi&th=1&psc=1"><img src="https://m.media-amazon.com/images/I/511MIyg00lL._SL500_.jpg" alt="Product Image"></a><p>Bliss n' Baby Monthly Milestone Blanket for Baby Girl - 60"x40" - Wrinkle Free Baby Age Month Blanket with Growth Chart - Washable & Dryable - w/Wreath & Headband - Floral Theme</p><p> -14% 0FF </p><p>$23.99</p><a href="https://www.amazon.com/dp/B07JKN43H6?tag=eloabder-20&linkCode=osi&th=1&psc=1">View Product</a></div>
<div class="product"><a href="https://www.amazon.com/dp/B001E1JKFU?tag=eloabder-20&linkCode=osi&th=1&psc=1"><img src="https://m.media-amazon.com/images/I/41JBWVeh+QL._SL500_.jpg" alt="Product Image"></a><p>Stansport Mosquito Netting Small (705)</p><p> -39% 0FF </p><p>$16.33</p><a href="https://www.amazon.com/dp/B001E1JKFU?tag=eloabder-20&linkCode=osi&th=1&psc=1">View Product</a></div><div class="product"><a href="https://www.amazon.com/dp/B0BV2RNTR7?tag=eloabder-20&linkCode=osi&th=1&psc=1"><img src="https://m.media-amazon.com/images/I/51-iyQhcHsL._SL500_.jpg" alt="Product Image"></a><p>Mosquito Net for Bed,Large Mosquito Netting Tent Canopy for Beds,Folding Portable Design Travel POP UP Mosquito Netting for Bed,L80*W72*H60inch Queen King Size Mosquito Net</p><p> -14% 0FF </p><p>$31.99</p><a href="https://www.amazon.com/dp/B0BV2RNTR7?tag=eloabder-20&linkCode=osi&th=1&psc=1">View Product</a></div><div class="product"><a href="https://www.amazon.com/dp/B0D8HLQJ5G?tag=eloabder-20&linkCode=osi&th=1&psc=1"><img src="https://m.media-amazon.com/images/I/31hFeMp1LQL._SL500_.jpg" alt="Product Image"></a><p>77 * 30 * 23 Inch Large Pop Up Mosquito Tent, Portable Foldable Mosquito Net for Bed Camping Travel Patio</p><p> -6% 0FF </p><p>$29.99</p><a href="https://www.amazon.com/dp/B0D8HLQJ5G?tag=eloabder-20&linkCode=osi&th=1&psc=1">View Product</a></div><div class="product"><a href="https://www.amazon.com/dp/B0C2YQKF71?tag=eloabder-20&linkCode=osi&th=1&psc=1"><img src="https://m.media-amazon.com/images/I/41yDl7W2ZNL._SL500_.jpg" alt="Product Image"></a><p>Portable Mosquito Net Tent, Folding Mosquito Head Net, Pop Up Mosquito Tent Netting for Bedding Camping Traveling Patio (1 Pack, Large)</p><p> -20% 0FF </p><p>$15.99</p><a href="https://www.amazon.com/dp/B0C2YQKF71?tag=eloabder-20&linkCode=osi&th=1&psc=1">View Product</a></div>
<div class="product"><a href="https://www.amazon.com/dp/B0CL9SJ88Z?tag=eloabder-20&linkCode=osi&th=1&psc=1"><img src="https://m.media-amazon.com/images/I/41iQwRq8cBL._SL500_.jpg" alt="Product Image"></a><p>Muslin Swaddle Blankets for Newborn, 3 Pack Breathable Soft Receiving Blanket, Large 38 x 40 inches Swaddle Wrap Burping Clothes, Essentials Infant Shower Items, Toddler Gift (Bright Colors)</p><p> -5% 0FF </p><p>$18.99</p><a href="https://www.amazon.com/dp/B0CL9SJ88Z?tag=eloabder-20&linkCode=osi&th=1&psc=1">View Product</a></div><div class="product"><a href="https://www.amazon.com/dp/B0C6GP7NXF?tag=eloabder-20&linkCode=osi&th=1&psc=1"><img src="https://m.media-amazon.com/images/I/51vjlWRLQjL._SL500_.jpg" alt="Product Image"></a><p>Konssy 2 Pack Muslin Swaddle Blankets for Baby Boys Girls, Receiving Blanket Large 47 x 47 inches, Soft Breathable Muslin Baby Blanket for Unisex Newborn(Pink, Floral)</p><p> -19% 0FF </p><p>$21.99 ($11.00 / Count)</p><a href="https://www.amazon.com/dp/B0C6GP7NXF?tag=eloabder-20&linkCode=osi&th=1&psc=1">View Product</a></div>
<div class="product"><a href="https://www.amazon.com/dp/B0B8TCTXBV?tag=eloabder-20&linkCode=osi&th=1&psc=1"><img src="https://m.media-amazon.com/images/I/41j61T25VcL._SL500_.jpg" alt="Product Image"></a><p>aden + anais Essentials Swaddle Blanket, Boutique Muslin Blankets for Girls & Boys, Baby Receiving Swaddles, Ideal Newborn & Infant Swaddling Set, Perfect Shower Gifts, 4 Pack, Alphabet Animals</p><p> -29% 0FF </p><p>$28.49</p><a href="https://www.amazon.com/dp/B0B8TCTXBV?tag=eloabder-20&linkCode=osi&th=1&psc=1">View Product</a></div>
<div class="product"><a href="https://www.amazon.com/dp/B0D475YDF5?tag=eloabder-20&linkCode=osi&th=1&psc=1"><img src="https://m.media-amazon.com/images/I/31TAYPOHywL._SL500_.jpg" alt="Product Image"></a><p>Electric Nail Clipper with Nail File, 2 in 1 Rechargeable & Gentle Nail Trimmer with LED Light for Baby and Seniors</p><p> -37% 0FF </p><p>$12.00 ($1.13 / Ounce)</p><a href="https://www.amazon.com/dp/B0D475YDF5?tag=eloabder-20&linkCode=osi&th=1&psc=1">View Product</a></div><div class="product"><a href="https://www.amazon.com/dp/B0D6BCSLNQ?tag=eloabder-20&linkCode=osi&th=1&psc=1"><img src="https://m.media-amazon.com/images/I/413w5b8GCzL._SL500_.jpg" alt="Product Image"></a><p>Automatic Nail Clipper, 2 in-1 Electric Nail Clipper and Nail Polisher, Electric Baby Nail Clippers with Light,USB Rechargeable Suitable for Babies,Women Manicure,Kids, Adults and Seniors（Orange）</p><p> -23% 0FF </p><p>$16.99</p><a href="https://www.amazon.com/dp/B0D6BCSLNQ?tag=eloabder-20&linkCode=osi&th=1&psc=1">View Product</a></div>

<div class="product"><a href="https://www.amazon.com/dp/B0037SEU7Q?tag=eloabder-20&linkCode=osi&th=1&psc=1"><img src="https://m.media-amazon.com/images/I/41yN94m-XlL._SL500_.jpg" alt="Product Image"></a><p>Bepanthen Nappy Care Ointment 5 Percent, 30 g</p><p> -13% 0FF </p><p>$6.79 ($6.47 / Ounce)</p><a href="https://www.amazon.com/dp/B0037SEU7Q?tag=eloabder-20&linkCode=osi&th=1&psc=1">View Product</a></div><div class="product"><a href="https://www.amazon.com/dp/B0BTTT6VW2?tag=eloabder-20&linkCode=osi&th=1&psc=1"><img src="https://m.media-amazon.com/images/I/41cBqj0Z9tL._SL500_.jpg" alt="Product Image"></a><p>Weleda Baby Calendula Diaper Cream, 2.8 Fluid Ounce (Pack of 3), Plant Rich Protection with Calendula, Chamomile, Sweet Almond Oil, Lanolin and Zinc Oxide</p><p> -13% 0FF </p><p>$32.29 ($3.84 / Fl Oz)</p><a href="https://www.amazon.com/dp/B0BTTT6VW2?tag=eloabder-20&linkCode=osi&th=1&psc=1">View Product</a></div><div class="product"><a href="https://www.amazon.com/dp/B074YXP676?tag=eloabder-20&linkCode=osi&th=1&psc=1"><img src="https://m.media-amazon.com/images/I/41y8VvUNCLL._SL500_.jpg" alt="Product Image"></a><p>Nappy Styles Napping Creme Paste</p><p> -12% 0FF </p><p>$14.36 ($1.80 / Ounce)</p><a href="https://www.amazon.com/dp/B074YXP676?tag=eloabder-20&linkCode=osi&th=1&psc=1">View Product</a></div>
<div class="product"><a href="https://www.amazon.com/dp/B00821FLSU?tag=eloabder-20&linkCode=osi&th=1&psc=1"><img src="https://m.media-amazon.com/images/I/31MQYDa7dYL._SL500_.jpg" alt="Product Image"></a><p>Ubbi Steel Diaper Pail, Odor Locking, No Special Bag Required, Award-Winning, Registry Must-Have, Gray</p><p> -12% 0FF </p><p>$69.99</p><a href="https://www.amazon.com/dp/B00821FLSU?tag=eloabder-20&linkCode=osi&th=1&psc=1">View Product</a></div><div class="product"><a href="https://www.amazon.com/dp/B0CNS2FRMZ?tag=eloabder-20&linkCode=osi&th=1&psc=1"><img src="https://m.media-amazon.com/images/I/31O+tXnLaXL._SL500_.jpg" alt="Product Image"></a><p>Diaper Genie Select Pail is Made of Durable Stainless Steel and Includes 1 Starter Square Refill That can Hold up to 165 Newborn-Sized Diapers.</p><p> -20% 0FF </p><p>$35.99</p><a href="https://www.amazon.com/dp/B0CNS2FRMZ?tag=eloabder-20&linkCode=osi&th=1&psc=1">View Product</a></div><div class="product"><a href="https://www.amazon.com/dp/B08XNVW9TW?tag=eloabder-20&linkCode=osi&th=1&psc=1"><img src="https://m.media-amazon.com/images/I/41U7mL6nXRL._SL500_.jpg" alt="Product Image"></a><p>Sassy 250 Count Disposable Diaper Sacks, Lavender Scented, Easy-To-Tie, Diaper Disposal or Pet Waste Bags</p><p> -11% 0FF </p><p>$9.80</p><a href="https://www.amazon.com/dp/B08XNVW9TW?tag=eloabder-20&linkCode=osi&th=1&psc=1">View Product</a></div>


<div class="product"><a href="https://www.amazon.com/dp/B0CTKK5YY5?tag=eloabder-20&linkCode=osi&th=1&psc=1"><img src="https://m.media-amazon.com/images/I/31OhvT5rWmL._SL500_.jpg" alt="Product Image"></a><p>Koalababy Large Flow Electric Nasal Aspirator, Newest Baby Nose Sucker, Nose Cleaner for Toddlers with 3 Suction Levels, Soothing Music and Light, Space Gray</p><p> -33% 0FF </p><p>$29.99</p><a href="https://www.amazon.com/dp/B0CTKK5YY5?tag=eloabder-20&linkCode=osi&th=1&psc=1">View Product</a></div>
<div class="product"><a href="https://www.amazon.com/dp/B07GG1R9WC?tag=eloabder-20&linkCode=osi&th=1&psc=1"><img src="https://m.media-amazon.com/images/I/31T-p4V5gsL._SL500_.jpg" alt="Product Image"></a><p>Gerber Unisex Baby Multi-Pack Long-Sleeve Onesies Bodysuit Mitten Cuff Sizes 6-Pack Mitten Cuff Newborn</p><p> -12% 0FF </p><p>$15.81</p><a href="https://www.amazon.com/dp/B07GG1R9WC?tag=eloabder-20&linkCode=osi&th=1&psc=1">View Product</a></div><div class="product"><a href="https://www.amazon.com/dp/B0BVMXF1DJ?tag=eloabder-20&linkCode=osi&th=1&psc=1"><img src="https://m.media-amazon.com/images/I/31aJYRwZ+-L._SL500_.jpg" alt="Product Image"></a><p>HonestBaby Baby Boys 3-pack Organic Cotton Long Sleeve Side-snap Kimono Bodysuits And Toddler T-Shirt Set, Honestly Pure White, Newborn US</p><p> -63% 0FF </p><p>$11.19</p><a href="https://www.amazon.com/dp/B0BVMXF1DJ?tag=eloabder-20&linkCode=osi&th=1&psc=1">View Product</a></div>
<div class="product"><a href="https://www.amazon.com/dp/B01N47M3V0?tag=eloabder-20&linkCode=osi&th=1&psc=1"><img src="https://m.media-amazon.com/images/I/31WVThyEEcL._SL500_.jpg" alt="Product Image"></a><p>Uigos LED Night Light Lamp with Smart Sensor Dusk to Dawn Sensor, Daylight White, 0.5W Plug-in, 6-Pack</p><p> -23% 0FF </p><p>$9.99</p><a href="https://www.amazon.com/dp/B01N47M3V0?tag=eloabder-20&linkCode=osi&th=1&psc=1">View Product</a></div><div class="product"><a href="https://www.amazon.com/dp/B09B1B6J9S?tag=eloabder-20&linkCode=osi&th=1&psc=1"><img src="https://m.media-amazon.com/images/I/11rEGPdWq7L._SL500_.jpg" alt="Product Image"></a><p>Anico EASZZZ Baby Night Light, Nursery Night Lamp for Breastfeeding, Soft BPA Free Silicone Touch Night Lamp, Eye Caring, Easy Flip Design, Stepless Dimming, 1-Pack</p><p> -25% 0FF </p><p>$29.99</p><a href="https://www.amazon.com/dp/B09B1B6J9S?tag=eloabder-20&linkCode=osi&th=1&psc=1">View Product</a></div><div class="product"><a href="https://www.amazon.com/dp/B097YP171M?tag=eloabder-20&linkCode=osi&th=1&psc=1"><img src="https://m.media-amazon.com/images/I/21jYMKqhB3L._SL500_.jpg" alt="Product Image"></a><p>JolyWell Night Light for Kids, Egg Light for Nursery with 7 RGB Colors Changeable & Stepless Dimming, Rechargeable Tap Light with 1h Timer & Touch Control, Portable Night Light for Babies BPA Free</p><p> -14% 0FF </p><p>$25.99</p><a href="https://www.amazon.com/dp/B097YP171M?tag=eloabder-20&linkCode=osi&th=1&psc=1">View Product</a></div><div class="product"><a href="https://www.amazon.com/dp/B077X48B8Q?tag=eloabder-20&linkCode=osi&th=1&psc=1"><img src="https://m.media-amazon.com/images/I/31TiV9umK-L._SL500_.jpg" alt="Product Image"></a><p>REMINDA 4 Pack Night Light Lamp with Dusk to Dawn Sensor, Plug in, Blue Led Night Light</p><p> -19% 0FF </p><p>$12.99</p><a href="https://www.amazon.com/dp/B077X48B8Q?tag=eloabder-20&linkCode=osi&th=1&psc=1">View Product</a></div>
<div class="product"><a href="https://www.amazon.com/dp/B005MI648C?tag=eloabder-20&linkCode=osi&th=1&psc=1"><img src="https://m.media-amazon.com/images/I/41IsNMYojbL._SL500_.jpg" alt="Product Image"></a><p>Lansinoh Lanolin Nipple Cream Safe for Breastfeeding Baby, 100% Natural Nipple Butter for Mom, Breastfeeding Essentials, 1.41 Ounces</p><p> -17% 0FF </p><p>$8.99 ($6.38 / Ounce)</p><a href="https://www.amazon.com/dp/B005MI648C?tag=eloabder-20&linkCode=osi&th=1&psc=1">View Product</a></div><div class="product"><a href="https://www.amazon.com/dp/B000JVCBBG?tag=eloabder-20&linkCode=osi&th=1&psc=1"><img src="https://m.media-amazon.com/images/I/41TljzHSgHL._SL500_.jpg" alt="Product Image"></a><p>Earth Mama Organic Nipple Butter™ | Nipple Cream Safe for Breastfeeding | Postpartum Essentials for Nursing | Non Lanolin Nipple Cream, 2-Fluid Ounce</p><p> -7% 0FF </p><p>$13.99 ($7.00 / Fl Oz)</p><a href="https://www.amazon.com/dp/B000JVCBBG?tag=eloabder-20&linkCode=osi&th=1&psc=1">View Product</a></div><div class="product"><a href="https://www.amazon.com/dp/B08L68WR4B?tag=eloabder-20&linkCode=osi&th=1&psc=1"><img src="https://m.media-amazon.com/images/I/41qRTIl9vqL._SL500_.jpg" alt="Product Image"></a><p>Medela Purelan Lanolin Nipple Cream for Breastfeeding, 100% All Natural Single Ingredient, Hypoallergenic, Soothing Protection, Safe for Nursing Mom and Baby, 1.3 Ounce Tube</p><p> -29% 0FF </p><p>$7.37</p><a href="https://www.amazon.com/dp/B08L68WR4B?tag=eloabder-20&linkCode=osi&th=1&psc=1">View Product</a></div><div class="product"><a href="https://www.amazon.com/dp/B07X53WM1H?tag=eloabder-20&linkCode=osi&th=1&psc=1"><img src="https://m.media-amazon.com/images/I/41sh4NHSA1L._SL500_.jpg" alt="Product Image"></a><p>Lansinoh Organic Nipple Butter, Nipple Cream Safe for Breastfeeding Baby, Postpartum Essentials for Mom, 2 Ounces</p><p> -37% 0FF </p><p>$9.37</p><a href="https://www.amazon.com/dp/B07X53WM1H?tag=eloabder-20&linkCode=osi&th=1&psc=1">View Product</a></div><div class="product"><a href="https://www.amazon.com/dp/B08PXP59L6?tag=eloabder-20&linkCode=osi&th=1&psc=1"><img src="https://m.media-amazon.com/images/I/31ABi-XhpOL._SL500_.jpg" alt="Product Image"></a><p>The Honest Company Honest Mama Calm Your Nip Balm | USDA Certified Organic Nipple Cream | 1.75 fl oz</p><p> -10% 0FF </p><p>$13.49 ($7.71 / Fl Oz)</p><a href="https://www.amazon.com/dp/B08PXP59L6?tag=eloabder-20&linkCode=osi&th=1&psc=1">View Product</a></div><div class="product"><a href="https://www.amazon.com/dp/B001EPQ1US?tag=eloabder-20&linkCode=osi&th=1&psc=1"><img src="https://m.media-amazon.com/images/I/412ol1D5gFL._SL500_.jpg" alt="Product Image"></a><p>Lansinoh Breast Cream, 1.41 Ounce Tube (Pack of 3)</p><p> -20% 0FF </p><p>$23.99 ($5.67 / Ounce)</p><a href="https://www.amazon.com/dp/B001EPQ1US?tag=eloabder-20&linkCode=osi&th=1&psc=1">View Product</a></div>
<div class="product"><a href="https://www.amazon.com/dp/B0116SFIXS?tag=eloabder-20&linkCode=osi&th=1&psc=1"><img src="https://m.media-amazon.com/images/I/41IXnMjSMRL._SL500_.jpg" alt="Product Image"></a><p>Lansinoh Contact Nipple Shields for Breastfeeding, 2 Nipple Shields (24mm) and Case</p><p> -9% 0FF </p><p>$8.22</p><a href="https://www.amazon.com/dp/B0116SFIXS?tag=eloabder-20&linkCode=osi&th=1&psc=1">View Product</a></div><div class="product"><a href="https://www.amazon.com/dp/B000067PQ0?tag=eloabder-20&linkCode=osi&th=1&psc=1"><img src="https://m.media-amazon.com/images/I/31Bc7JjDLBL._SL500_.jpg" alt="Product Image"></a><p>Medela Contact Nipple Shield, 24mm Medium, Nippleshield for Breastfeeding with Latch Difficulties or Flat or Inverted Nipples, Made Without BPA</p><p> -32% 0FF </p><p>$7.35</p><a href="https://www.amazon.com/dp/B000067PQ0?tag=eloabder-20&linkCode=osi&th=1&psc=1">View Product</a></div><div class="product"><a href="https://www.amazon.com/dp/B08VKRMXGZ?tag=eloabder-20&linkCode=osi&th=1&psc=1"><img src="https://m.media-amazon.com/images/I/41jploOEeaL._SL500_.jpg" alt="Product Image"></a><p>Moogco The Original Silver Nursing Cups - Nipple Shields for Nursing Newborn - Breastfeeding Essentials - Newborn Essentials Must Haves - Nipple Covers Breastfeeding - 925 Silver</p><p> -28% 0FF </p><p>$35.90</p><a href="https://www.amazon.com/dp/B08VKRMXGZ?tag=eloabder-20&linkCode=osi&th=1&psc=1">View Product</a></div><div class="product"><a href="https://www.amazon.com/dp/B07ND58735?tag=eloabder-20&linkCode=osi&th=1&psc=1"><img src="https://m.media-amazon.com/images/I/41EpWEiqvyL._SL500_.jpg" alt="Product Image"></a><p>Koala Babycare The Original Silver Nursing Cups - Nipple Shields for Nursing Newborn -Breastfeeding Essentials - Protect and Soothe - Tri-Laminate Silver - Standard Size</p><p> -13% 0FF </p><p>$34.75</p><a href="https://www.amazon.com/dp/B07ND58735?tag=eloabder-20&linkCode=osi&th=1&psc=1">View Product</a></div>
<div class="product"><a href="https://www.amazon.com/dp/B091FL1QFK?tag=eloabder-20&linkCode=osi&th=1&psc=1"><img src="https://m.media-amazon.com/images/I/41TUb4BsK-L._SL500_.jpg" alt="Product Image"></a><p>Syringe Nasal Irrigator, Professional Baby Nasal Irrigator Portable Infant Nose Cleaner Rinsing Device Fast All Natural Relief-Nasal Irrigation/Nasal Spray/Nasal Hygiene (2 pièces)</p><p> -67% 0FF </p><p>$3.25</p><a href="https://www.amazon.com/dp/B091FL1QFK?tag=eloabder-20&linkCode=osi&th=1&psc=1">View Product</a></div><div class="product"><a href="https://www.amazon.com/dp/B09137WF8K?tag=eloabder-20&linkCode=osi&th=1&psc=1"><img src="https://m.media-amazon.com/images/I/41v2GMmUbZL._SL500_.jpg" alt="Product Image"></a><p>Two Pack 3 in 1 Baby Nose and Ear Gadget, Safe Baby Booger Remover, Nose Cleaning Tweezers, Nose Cleaner for Baby Infants and Toddlers, Dual Earwax and Snot Removal Baby Must Have Items</p><p> -50% 0FF </p><p>$9.95</p><a href="https://www.amazon.com/dp/B09137WF8K?tag=eloabder-20&linkCode=osi&th=1&psc=1">View Product</a></div><div class="product"><a href="https://www.amazon.com/dp/B09Q61B4MM?tag=eloabder-20&linkCode=osi&th=1&psc=1"><img src="https://m.media-amazon.com/images/I/310TWo+qPRL._SL500_.jpg" alt="Product Image"></a><p>Haakaa Silicone Baby Nasal Aspirator | Nose Bulb Syringe | Easy-Squeezy Baby Nose Cleaner, Newborn Infant &Toddler - BPA Free Silicone</p><p> -5% 0FF </p><p>$9.39</p><a href="https://www.amazon.com/dp/B09Q61B4MM?tag=eloabder-20&linkCode=osi&th=1&psc=1">View Product</a></div>
<div class="product"><a href="https://www.amazon.com/dp/B002K6F7AK?tag=eloabder-20&linkCode=osi&th=1&psc=1"><img src="https://m.media-amazon.com/images/I/411elwPHIqL._SL500_.jpg" alt="Product Image"></a><p>Lamaze womens Cotton Spandex Sleep for Nursing and Maternity Full Coverage Bra, Heather Grey, Large US</p><p> -32% 0FF </p><p>$12.28</p><a href="https://www.amazon.com/dp/B002K6F7AK?tag=eloabder-20&linkCode=osi&th=1&psc=1">View Product</a></div>

<div class="product"><a href="https://www.amazon.com/dp/B06XPHR7DF?tag=eloabder-20&linkCode=osi&th=1&psc=1"><img src="https://m.media-amazon.com/images/I/31sNH-POFUL._SL500_.jpg" alt="Product Image"></a><p>Lansinoh Stay Dry Disposable Nursing Pads, Soft and Super Absorbent Breast Pads, Breastfeeding Essentials for Moms, 200 Count</p><p> -21% 0FF </p><p>$18.51</p><a href="https://www.amazon.com/dp/B06XPHR7DF?tag=eloabder-20&linkCode=osi&th=1&psc=1">View Product</a></div><div class="product"><a href="https://www.amazon.com/dp/B0DB3G8G37?tag=eloabder-20&linkCode=osi&th=1&psc=1"><img src="https://m.media-amazon.com/images/I/31Z7+iKhAKL._SL500_.jpg" alt="Product Image"></a><p>Lansinoh Washable Nursing Pads, Made with Organic Bamboo Viscose, Reusable Breast Pads for Breastfeeding with Wash Bag, Breastfeeding Essentials, 10 Count</p><p> -11% 0FF </p><p>$14.28</p><a href="https://www.amazon.com/dp/B0DB3G8G37?tag=eloabder-20&linkCode=osi&th=1&psc=1">View Product</a></div>
<div class="product"><a href="https://www.amazon.com/dp/B09T6V8YH2?tag=eloabder-20&linkCode=osi&th=1&psc=1"><img src="https://m.media-amazon.com/images/I/21knizL1Y1L._SL500_.jpg" alt="Product Image"></a><p>Nursing Pillow and Positioner with Cover for Breastfeeding and Bottle Feeding, Propping Baby, Tummy Time, Baby Sitting Support, Awake-Time Support (Pillow Only, 22" x 17.7" x 5.9")</p><p> -32% 0FF </p><p>$20.49</p><a href="https://www.amazon.com/dp/B09T6V8YH2?tag=eloabder-20&linkCode=osi&th=1&psc=1">View Product</a></div>
<div class="product"><a href="https://www.amazon.com/dp/B00B7TCX0I?tag=eloabder-20&linkCode=osi&th=1&psc=1"><img src="https://m.media-amazon.com/images/I/51n0rXJe9iL._SL500_.jpg" alt="Product Image"></a><p>Leading Lady Women's Nursing Tank Stylish Cami with Inner Shelf Bra, Black Stripe, Large</p><p> -59% 0FF </p><p>$13.98</p><a href="https://www.amazon.com/dp/B00B7TCX0I?tag=eloabder-20&linkCode=osi&th=1&psc=1">View Product</a></div><div class="product"><a href="https://www.amazon.com/dp/B07K72T7Q3?tag=eloabder-20&linkCode=osi&th=1&psc=1"><img src="https://m.media-amazon.com/images/I/31J5oWrxf6L._SL500_.jpg" alt="Product Image"></a><p>Lansinoh Reusable Nursing Pads, Nursing Essentials for Breastfeeding Mothers, 4 Absorbent Nursing Pads With Mesh Wash Bag, White Pads</p><p> -25% 0FF </p><p>$11.99</p><a href="https://www.amazon.com/dp/B07K72T7Q3?tag=eloabder-20&linkCode=osi&th=1&psc=1">View Product</a></div>

<div class="product"><a href="https://www.amazon.com/dp/B086134T3T?tag=eloabder-20&linkCode=osi&th=1&psc=1"><img src="https://m.media-amazon.com/images/I/41KhXKDGe-L._SL500_.jpg" alt="Product Image"></a><p>4our Kiddies Baby-Proof Outlet Covers (60 Pack) - Child Safety Electric Plug Protectors to Prevent Power Shock</p><p> -23% 0FF </p><p>$9.99</p><a href="https://www.amazon.com/dp/B086134T3T?tag=eloabder-20&linkCode=osi&th=1&psc=1">View Product</a></div><div class="product"><a href="https://www.amazon.com/dp/B08FBNKDKB?tag=eloabder-20&linkCode=osi&th=1&psc=1"><img src="https://m.media-amazon.com/images/I/318PTNFomwL._SL500_.jpg" alt="Product Image"></a><p>Outlet Cover Box for Child Safety (2 Pack) Duplex & Decorator Electrical Outlet Plates, Concealed Access Buttons, and Spacious Compartment - Jool Baby</p><p> -35% 0FF </p><p>$14.99</p><a href="https://www.amazon.com/dp/B08FBNKDKB?tag=eloabder-20&linkCode=osi&th=1&psc=1">View Product</a></div>
<div class="product"><a href="https://www.amazon.com/dp/B07TDN9MKC?tag=eloabder-20&linkCode=osi&th=1&psc=1"><img src="https://m.media-amazon.com/images/I/41K55mCBTsL._SL500_.jpg" alt="Product Image"></a><p>Philips Avent Soothie Orthodontic Baby Pacifiers, 100% Silicone Pacifiers, One Piece, BPA-Free, for Babies 0-3 Months, Green, 4 Pack, Model SCF190/41</p><p> -25% 0FF </p><p>$8.94</p><a href="https://www.amazon.com/dp/B07TDN9MKC?tag=eloabder-20&linkCode=osi&th=1&psc=1">View Product</a></div><div class="product"><a href="https://www.amazon.com/dp/B08177ZPKM?tag=eloabder-20&linkCode=osi&th=1&psc=1"><img src="https://m.media-amazon.com/images/I/41+0ETqpizL._SL500_.jpg" alt="Product Image"></a><p>Tommee Tippee Ultra-Light Silicone Pacifier, 0-6 Months, Symmetrical One-Piece Design, BPA-Free Silicone Binkies, Clear/Blue/Green, Pack of 4</p><p> -38% 0FF </p><p>$10.39</p><a href="https://www.amazon.com/dp/B08177ZPKM?tag=eloabder-20&linkCode=osi&th=1&psc=1">View Product</a></div><div class="product"><a href="https://www.amazon.com/dp/B09XJJB478?tag=eloabder-20&linkCode=osi&th=1&psc=1"><img src="https://m.media-amazon.com/images/I/31vbtPyMOGL._SL500_.jpg" alt="Product Image"></a><p>Dr. Brown's HappyPaci 100% Silicone Baby Pacifier, Contoured One-Piece Design, White, Blue, Light Blue, 0-6m, BPA-Free, 3 Pack</p><p> -17% 0FF </p><p>$4.97</p><a href="https://www.amazon.com/dp/B09XJJB478?tag=eloabder-20&linkCode=osi&th=1&psc=1">View Product</a></div><div class="product"><a href="https://www.amazon.com/dp/B09F6YC4MS?tag=eloabder-20&linkCode=osi&th=1&psc=1"><img src="https://m.media-amazon.com/images/I/31j7FmFh-9L._SL500_.jpg" alt="Product Image"></a><p>Itzy Ritzy Natural Rubber Pacifiers, Set of 2 – Natural Rubber Newborn Pacifiers with Cherry-Shaped Nipple & Large Air Holes for Added Safety; Set of 2 in Coconut & Toast, Ages 0 – 6 Months</p><p> -10% 0FF </p><p>$8.97</p><a href="https://www.amazon.com/dp/B09F6YC4MS?tag=eloabder-20&linkCode=osi&th=1&psc=1">View Product</a></div><div class="product"><a href="https://www.amazon.com/dp/B0835TX9TH?tag=eloabder-20&linkCode=osi&th=1&psc=1"><img src="https://m.media-amazon.com/images/I/413oViQleDL._SL500_.jpg" alt="Product Image"></a><p>NUK Orthodontic Pacifier Value Pack</p><p> -48% 0FF </p><p>$6.29</p><a href="https://www.amazon.com/dp/B0835TX9TH?tag=eloabder-20&linkCode=osi&th=1&psc=1">View Product</a></div><div class="product"><a href="https://www.amazon.com/dp/B0BJ4Q64L9?tag=eloabder-20&linkCode=osi&th=1&psc=1"><img src="https://m.media-amazon.com/images/I/31T4DaO7KeL._SL500_.jpg" alt="Product Image"></a><p>Tommee Tippee Ultra-light Silicone Pacifier, Symmetrical One-Piece Design, BPA-Free Silicone Binkies, 6-18 months, Pack of 4 Pacifiers</p><p> -32% 0FF </p><p>$11.51</p><a href="https://www.amazon.com/dp/B0BJ4Q64L9?tag=eloabder-20&linkCode=osi&th=1&psc=1">View Product</a></div><div class="product"><a href="https://www.amazon.com/dp/B0C5B1SLFL?tag=eloabder-20&linkCode=osi&th=1&psc=1"><img src="https://m.media-amazon.com/images/I/41XLQFTsedL._SL500_.jpg" alt="Product Image"></a><p>Philips Avent Ultra Soft Pacifier - 4 x Soft and Flexible Baby Pacifiers for Babies Aged 0-6 Months, BPA Free with Sterilizer Carry Case, SCF091/23</p><p> -7% 0FF </p><p>$12.94</p><a href="https://www.amazon.com/dp/B0C5B1SLFL?tag=eloabder-20&linkCode=osi&th=1&psc=1">View Product</a></div><div class="product"><a href="https://www.amazon.com/dp/B09H7LR2K2?tag=eloabder-20&linkCode=osi&th=1&psc=1"><img src="https://m.media-amazon.com/images/I/31J6KoAN3IL._SL500_.jpg" alt="Product Image"></a><p>MAM Original Start Matte Newborn Baby Pacifier, Best Pacifier for Breastfed Babies, Sterilizer Case, Girl, 0-3 Months (Pack of 2)</p><p> -38% 0FF </p><p>$4.99</p><a href="https://www.amazon.com/dp/B09H7LR2K2?tag=eloabder-20&linkCode=osi&th=1&psc=1">View Product</a></div>
<div class="product"><a href="https://www.amazon.com/dp/B0C98MM24R?tag=eloabder-20&linkCode=osi&th=1&psc=1"><img src="https://m.media-amazon.com/images/I/411zeOj8dIL._SL500_.jpg" alt="Product Image"></a><p>Silicone Pacifier Clip, Seposeve Pack of 3 Baby Pacifier Teether Clip with 4 Texture, Soft Flexible Silicone Pacifier Leashes & Cases for Boy and Girl, Keeps Pacifier Clean, Purple Pink White</p><p> -29% 0FF </p><p>$4.99</p><a href="https://www.amazon.com/dp/B0C98MM24R?tag=eloabder-20&linkCode=osi&th=1&psc=1">View Product</a></div><div class="product"><a href="https://www.amazon.com/dp/B0828BFK15?tag=eloabder-20&linkCode=osi&th=1&psc=1"><img src="https://m.media-amazon.com/images/I/41OXr2mKwYL._SL500_.jpg" alt="Product Image"></a><p>PandaEar Baby Pacifier Clips Solid Color, 4 Pack Universal Holder Leash for Boys and Girls, Teething Toys Teethers (Neutral)</p><p> -17% 0FF </p><p>$4.98</p><a href="https://www.amazon.com/dp/B0828BFK15?tag=eloabder-20&linkCode=osi&th=1&psc=1">View Product</a></div>
<div class="product"><a href="https://www.amazon.com/dp/B09JCJKMF2?tag=eloabder-20&linkCode=osi&th=1&psc=1"><img src="https://m.media-amazon.com/images/I/21hMAxonL8L._SL500_.jpg" alt="Product Image"></a><p>Ubbi On-The-Go Dual Pacifier Holder, Keep's Baby's Binkies Clean and Accessible, Portable for Travel, Diaper Bag Accessory Must Have for Newborns, Sage Green</p><p> -17% 0FF </p><p>$4.99</p><a href="https://www.amazon.com/dp/B09JCJKMF2?tag=eloabder-20&linkCode=osi&th=1&psc=1">View Product</a></div><div class="product"><a href="https://www.amazon.com/dp/B0BG8J1JJR?tag=eloabder-20&linkCode=osi&th=1&psc=1"><img src="https://m.media-amazon.com/images/I/31fDalcDyyL._SL500_.jpg" alt="Product Image"></a><p>PandaEar Pacifier Nipple Holder Case Container Boxes (4 Pack)| Universal Accessories Holders| Travel Cases| BPA Free</p><p> -17% 0FF </p><p>$4.95</p><a href="https://www.amazon.com/dp/B0BG8J1JJR?tag=eloabder-20&linkCode=osi&th=1&psc=1">View Product</a></div>
<div class="product"><a href="https://www.amazon.com/dp/B08625PRQL?tag=eloabder-20&linkCode=osi&th=1&psc=1"><img src="https://m.media-amazon.com/images/I/31PUIalU9CL._SL500_.jpg" alt="Product Image"></a><p>GROWNSY Pacifier Sanitizer Portable, UV Light Sanitizer on The Go, USB Charging Sanitizer Case, Mini Pacifier Sanitizer 99.99% Cleaned in 59 Seconds (White)</p><p> -10% 0FF </p><p>$26.95</p><a href="https://www.amazon.com/dp/B08625PRQL?tag=eloabder-20&linkCode=osi&th=1&psc=1">View Product</a></div><div class="product"><a href="https://www.amazon.com/dp/B0035LQNNE?tag=eloabder-20&linkCode=osi&th=1&psc=1"><img src="https://m.media-amazon.com/images/I/41DJ3x+h47L._SL500_.jpg" alt="Product Image"></a><p>Dr. Brown's Microwave Steam Sterilizer Bags for Baby Bottles, Pacifiers, Pump Parts and Accessories, Travel Baby Bottle Sterilizer, 30 Uses per Bag, 5 Count (Pack of 1)</p><p> -40% 0FF </p><p>$5.99</p><a href="https://www.amazon.com/dp/B0035LQNNE?tag=eloabder-20&linkCode=osi&th=1&psc=1">View Product</a></div>
<div class="product"><a href="https://www.amazon.com/dp/B0CRF9L25B?tag=eloabder-20&linkCode=osi&th=1&psc=1"><img src="https://m.media-amazon.com/images/I/41WW0AQ61YL._SL500_.jpg" alt="Product Image"></a><p>Comfy Cubs Baby Play Gym Set, Wooden Baby Playgym, Interactive Activity Center Hanging Bar with Gym Toys, Foldable for Infants, Newborn Gift for Baby Girl and Boy</p><p> -33% 0FF </p><p>$39.99</p><a href="https://www.amazon.com/dp/B0CRF9L25B?tag=eloabder-20&linkCode=osi&th=1&psc=1">View Product</a></div>
<div class="product"><a href="https://www.amazon.com/dp/B0BCVRHFX8?tag=eloabder-20&linkCode=osi&th=1&psc=1"><img src="https://m.media-amazon.com/images/I/41EoxD6Jb4L._SL500_.jpg" alt="Product Image"></a><p>Baby Playpen,Playpen, Playpen for Babies and Toddlers, Play Pen for Kids, Play Pens for Babies and Toddlers for Apartment (47 * 47 inch Grey with mat)</p><p> -23% 0FF </p><p>$46.21</p><a href="https://www.amazon.com/dp/B0BCVRHFX8?tag=eloabder-20&linkCode=osi&th=1&psc=1">View Product</a></div><div class="product"><a href="https://www.amazon.com/dp/B0BR7NFYTV?tag=eloabder-20&linkCode=osi&th=1&psc=1"><img src="https://m.media-amazon.com/images/I/41fdC8D+84L._SL500_.jpg" alt="Product Image"></a><p>COMOMY Playpens for Babies and Toddlers, Small Baby Play Pens, Activity Center for Baby Safe and Non-Slip Baby Fence, Full Mesh Design, Indoor & Outdoor Kids Activity Center (Dark Grey, 36"x36")</p><p> -20% 0FF </p><p>$39.99</p><a href="https://www.amazon.com/dp/B0BR7NFYTV?tag=eloabder-20&linkCode=osi&th=1&psc=1">View Product</a></div><div class="product"><a href="https://www.amazon.com/dp/B09ZDQ3C2Y?tag=eloabder-20&linkCode=osi&th=1&psc=1"><img src="https://m.media-amazon.com/images/I/41cGSa5tbrL._SL500_.jpg" alt="Product Image"></a><p>Pamo Babe Portable Crib Baby Playpen with Mattress and Carry Bag (Grey)</p><p> -29% 0FF </p><p>$48.99</p><a href="https://www.amazon.com/dp/B09ZDQ3C2Y?tag=eloabder-20&linkCode=osi&th=1&psc=1">View Product</a></div><div class="product"><a href="https://www.amazon.com/dp/B08BT16TH5?tag=eloabder-20&linkCode=osi&th=1&psc=1"><img src="https://m.media-amazon.com/images/I/41T3gWQReTL._SL500_.jpg" alt="Product Image"></a><p>Dream On Me Nest Portable Playard in Black with Carrybag an Shoulder Strap, Lightweight, Packable and Easy Setup Baby Playard, Breathable Mesh Sides and Soft Fabric - Comes with a Removable Padded Mat</p><p> -29% 0FF </p><p>$49.99</p><a href="https://www.amazon.com/dp/B08BT16TH5?tag=eloabder-20&linkCode=osi&th=1&psc=1">View Product</a></div>
<div class="product"><a href="https://www.amazon.com/dp/B07964SFW4?tag=eloabder-20&linkCode=osi&th=1&psc=1"><img src="https://m.media-amazon.com/images/I/415S7evTplL._SL500_.jpg" alt="Product Image"></a><p>Baby Trend Lil' Snooze Deluxe II Nursery Center, Twinkle Twinkle Little Moon</p><p> -10% 0FF </p><p>$89.99</p><a href="https://www.amazon.com/dp/B07964SFW4?tag=eloabder-20&linkCode=osi&th=1&psc=1">View Product</a></div><div class="product"><a href="https://www.amazon.com/dp/B0BMFQFZSH?tag=eloabder-20&linkCode=osi&th=1&psc=1"><img src="https://m.media-amazon.com/images/I/41tYFE0RalL._SL500_.jpg" alt="Product Image"></a><p>Pamo Babe Deluxe Nursery Center, Foldable Playard for Baby & Toddler, Bassinet, Mattress, Changing Table for Newborn(Black)</p><p> -22% 0FF </p><p>$155.99</p><a href="https://www.amazon.com/dp/B0BMFQFZSH?tag=eloabder-20&linkCode=osi&th=1&psc=1">View Product</a></div><div class="product"><a href="https://www.amazon.com/dp/B07HYV86RH?tag=eloabder-20&linkCode=osi&th=1&psc=1"><img src="https://m.media-amazon.com/images/I/41GWwVT9TQL._SL500_.jpg" alt="Product Image"></a><p>Baby Trend Trend-E Nursery Center® Playard, April</p><p> -20% 0FF </p><p>$79.99</p><a href="https://www.amazon.com/dp/B07HYV86RH?tag=eloabder-20&linkCode=osi&th=1&psc=1">View Product</a></div>
<div class="product"><a href="https://www.amazon.com/dp/B0BZQGQVD1?tag=eloabder-20&linkCode=osi&th=1&psc=1"><img src="https://m.media-amazon.com/images/I/41DuYrM0FML._SL500_.jpg" alt="Product Image"></a><p>Kopi Baby Portable Diaper Changing Pad - Baby Changing Pad & Diaper Changer Travel Bag, Smart Design Baby Changing Mat, Portable Changing Pad for Baby - Baby Changing Station, Infant Gift - Grey</p><p> -31% 0FF </p><p>$26.99</p><a href="https://www.amazon.com/dp/B0BZQGQVD1?tag=eloabder-20&linkCode=osi&th=1&psc=1">View Product</a></div><div class="product"><a href="https://www.amazon.com/dp/B085PXT49C?tag=eloabder-20&linkCode=osi&th=1&psc=1"><img src="https://m.media-amazon.com/images/I/51vXCxx-lHL._SL500_.jpg" alt="Product Image"></a><p>Portable Changing Pad for Baby|Travel Baby Changing Pads for Moms, Dads|Waterproof Portable Changing Mat with Built-in Pillow|Excellent Baby Shower/Registry Gifts</p><p> -19% 0FF </p><p>$12.99</p><a href="https://www.amazon.com/dp/B085PXT49C?tag=eloabder-20&linkCode=osi&th=1&psc=1">View Product</a></div><div class="product"><a href="https://www.amazon.com/dp/B082FZ4232?tag=eloabder-20&linkCode=osi&th=1&psc=1"><img src="https://m.media-amazon.com/images/I/51beBs2MbBL._SL500_.jpg" alt="Product Image"></a><p>First Landings Portable Diaper Changing Pad - Convenient Travel Changing Pad and Wipe Holder - Portable Changing Pad - Navy</p><p> -58% 0FF </p><p>$9.99</p><a href="https://www.amazon.com/dp/B082FZ4232?tag=eloabder-20&linkCode=osi&th=1&psc=1">View Product</a></div><div class="product"><a href="https://www.amazon.com/dp/B08N4W4CFC?tag=eloabder-20&linkCode=osi&th=1&psc=1"><img src="https://m.media-amazon.com/images/I/51vHXXugc9L._SL500_.jpg" alt="Product Image"></a><p>Portable Diaper Changing Pad for Baby, Detachable Travel Changing Pad with Baby Wipes Pocket, Gifts for Baby Shower, Newborn Girls and Boys (Grey)</p><p> -29% 0FF </p><p>$19.79</p><a href="https://www.amazon.com/dp/B08N4W4CFC?tag=eloabder-20&linkCode=osi&th=1&psc=1">View Product</a></div><div class="product"><a href="https://www.amazon.com/dp/B0CM9ZDFT7?tag=eloabder-20&linkCode=osi&th=1&psc=1"><img src="https://m.media-amazon.com/images/I/511OkyACRAL._SL500_.jpg" alt="Product Image"></a><p>Portable Changing Pad for Baby, Travel Diaper Changing Pad for Newborn, Large Waterproof Baby Changing Mat, Foldable & Detachable Diaper Changing Station with Baby Wipes Pockets, Baby Stuff by Pillani</p><p> -37% 0FF </p><p>$18.99</p><a href="https://www.amazon.com/dp/B0CM9ZDFT7?tag=eloabder-20&linkCode=osi&th=1&psc=1">View Product</a></div>
<div class="product"><a href="https://www.amazon.com/dp/B00AKKDSNG?tag=eloabder-20&linkCode=osi&th=1&psc=1"><img src="https://m.media-amazon.com/images/I/51nqUmC7OaL._SL500_.jpg" alt="Product Image"></a><p>Guava Lotus Travel Crib with Lightweight Backpack Design | Certified Baby Safe Portable Crib | Folding Play Yard with Comfy Mattress for Babies & Toddlers | Compact Baby Travel Bed</p><p> -18% 0FF </p><p>$229.95</p><a href="https://www.amazon.com/dp/B00AKKDSNG?tag=eloabder-20&linkCode=osi&th=1&psc=1">View Product</a></div><div class="product"><a href="https://www.amazon.com/dp/B07RZQC1T1?tag=eloabder-20&linkCode=osi&th=1&psc=1"><img src="https://m.media-amazon.com/images/I/41EMWNVnnYL._SL500_.jpg" alt="Product Image"></a><p>Pamo Babe Portable Crib for Baby, Portable Baby Playpen with Bassinet and Changing Table</p><p> -15% 0FF </p><p>$109.99</p><a href="https://www.amazon.com/dp/B07RZQC1T1?tag=eloabder-20&linkCode=osi&th=1&psc=1">View Product</a></div><div class="product"><a href="https://www.amazon.com/dp/B01F9FLEL4?tag=eloabder-20&linkCode=osi&th=1&psc=1"><img src="https://m.media-amazon.com/images/I/51HNrjQ09pL._SL500_.jpg" alt="Product Image"></a><p>Baby Trend Nursery Center® Playard, Tanzania</p><p> -20% 0FF </p><p>$79.99</p><a href="https://www.amazon.com/dp/B01F9FLEL4?tag=eloabder-20&linkCode=osi&th=1&psc=1">View Product</a></div>
<div class="product"><a href="https://www.amazon.com/dp/B0CXY9DDW9?tag=eloabder-20&linkCode=osi&th=1&psc=1"><img src="https://m.media-amazon.com/images/I/31MFNOwDz8L._SL500_.jpg" alt="Product Image"></a><p>Bluey Playtime Floor Potty Trainer w/Sound</p><p> -20% 0FF </p><p>$31.99</p><a href="https://www.amazon.com/dp/B0CXY9DDW9?tag=eloabder-20&linkCode=osi&th=1&psc=1">View Product</a></div>


<div class="product"><a href="https://www.amazon.com/dp/B0825YNHG9?tag=eloabder-20&linkCode=osi&th=1&psc=1"><img src="https://m.media-amazon.com/images/I/515zQEdiriL._SL500_.jpg" alt="Product Image"></a><p>wegreeco Cloth Diapers 6 Pack with 6 Inserts & 1 Wet Bag, Washable Cloth Diapers for Babies, One Size Adjustable Reusable Diapers Baby (Flower)</p><p> -17% 0FF </p><p>$31.85</p><a href="https://www.amazon.com/dp/B0825YNHG9?tag=eloabder-20&linkCode=osi&th=1&psc=1">View Product</a></div><div class="product"><a href="https://www.amazon.com/dp/B0D5HMWY6V?tag=eloabder-20&linkCode=osi&th=1&psc=1"><img src="https://m.media-amazon.com/images/I/41U1XPfqxlL._SL500_.jpg" alt="Product Image"></a><p>Smarbore Baby Cloth Diapers Set-4 Pack Diapers with 4 Inserts & 1 Wet Dry Separation Bag, Reusable Infant Toddler Nappy, Adjustable Pocket Diapers for Baby Boys and Girls(6-33 pounds,0-3 Years)</p><p> -7% 0FF </p><p>$25.99 ($2.89 / Count)</p><a href="https://www.amazon.com/dp/B0D5HMWY6V?tag=eloabder-20&linkCode=osi&th=1&psc=1">View Product</a></div>

<div class="product"><a href="https://www.amazon.com/dp/B0CD42KQ3K?tag=eloabder-20&linkCode=osi&th=1&psc=1"><img src="https://m.media-amazon.com/images/I/41c9zvmFrLL._SL500_.jpg" alt="Product Image"></a><p>TOHIBEE Baby Montessori Sensory Toys for 0-6 6-12 Months, Food Grade Teething Toys for Babies 0 3 6 9 12 18 Months, Newborn Infant Learning Developmental Toys Gifts for 1 2 Year Old Boys Girls</p><p> -50% 0FF </p><p>$9.99</p><a href="https://www.amazon.com/dp/B0CD42KQ3K?tag=eloabder-20&linkCode=osi&th=1&psc=1">View Product</a></div><div class="product"><a href="https://www.amazon.com/dp/B0CNNZKL6Z?tag=eloabder-20&linkCode=osi&th=1&psc=1"><img src="https://m.media-amazon.com/images/I/419qSwSFEIL._SL500_.jpg" alt="Product Image"></a><p>MIUXUESO 3 Pcs Baby Flower Headbands Baby Girls Nylon Headbands Soft Hairbands Hair Accessories for Newborn Infant Toddler Kids (Beige Pink Khaki)</p><p> -11% 0FF </p><p>$8.89 ($2.96 / Count)</p><a href="https://www.amazon.com/dp/B0CNNZKL6Z?tag=eloabder-20&linkCode=osi&th=1&psc=1">View Product</a></div><div class="product"><a href="https://www.amazon.com/dp/B0CRLDXBYN?tag=eloabder-20&linkCode=osi&th=1&psc=1"><img src="https://m.media-amazon.com/images/I/51U5mzLT4CL._SL500_.jpg" alt="Product Image"></a><p>Cute Castle Baby Sleep Sack 0-6 Months - Lightweight 100% Cotton 2-Way Zipper TOG 0.5 Infant Wearable Blanket, Newborn Essentials Toddler Sleep Clothes (3 Pack Green)</p><p> -41% 0FF </p><p>$26.98</p><a href="https://www.amazon.com/dp/B0CRLDXBYN?tag=eloabder-20&linkCode=osi&th=1&psc=1">View Product</a></div><div class="product"><a href="https://www.amazon.com/dp/B0CNSPHBBG?tag=eloabder-20&linkCode=osi&th=1&psc=1"><img src="https://m.media-amazon.com/images/I/41KtLZ6dp3L._SL500_.jpg" alt="Product Image"></a><p>Arnzion Baby Hooded Towels for Babies and Toddlers, Muslin Baby Bath Towel Soft and Absorbent for Boys and Girls (Dark Grey 1 Pack)</p><p> -10% 0FF </p><p>$8.99</p><a href="https://www.amazon.com/dp/B0CNSPHBBG?tag=eloabder-20&linkCode=osi&th=1&psc=1">View Product</a></div><div class="product"><a href="https://www.amazon.com/dp/B0C6Y89H47?tag=eloabder-20&linkCode=osi&th=1&psc=1"><img src="https://m.media-amazon.com/images/I/41SIANIdhkL._SL500_.jpg" alt="Product Image"></a><p>HelloBaby Upgrade 5’’ Baby Monitor with 26-Hour Battery, 2 Cameras Pan-Tilt-Zoom, 1000ft Range Video Audio Baby Monitor No WiFi, VOX, Night Vision, 2-Way Talk, 8 Lullabies and Temperature</p><p> -22% 0FF </p><p>$139.99</p><a href="https://www.amazon.com/dp/B0C6Y89H47?tag=eloabder-20&linkCode=osi&th=1&psc=1">View Product</a></div><div class="product"><a href="https://www.amazon.com/dp/B0CLGCN5ZS?tag=eloabder-20&linkCode=osi&th=1&psc=1"><img src="https://m.media-amazon.com/images/I/41PuaWmW8rL._SL500_.jpg" alt="Product Image"></a><p>Momcozy Baby Carrier Newborn to Toddler - Ergonomic, Cozy and Lightweight Infant Carrier for 7-44lbs, Effortless to Put On, Ideal for Hands-Free Parenting, Enhanced Lumbar Support, Khaki</p><p> -7% 0FF </p><p>$64.99</p><a href="https://www.amazon.com/dp/B0CLGCN5ZS?tag=eloabder-20&linkCode=osi&th=1&psc=1">View Product</a></div>
<div class="product"><a href="https://www.amazon.com/dp/B09B94C44F?tag=eloabder-20&linkCode=osi&th=1&psc=1"><img src="https://m.media-amazon.com/images/I/41mrmM0elVL._SL500_.jpg" alt="Product Image"></a><p>Fisher-Price Baby to Toddler Learning Toy 2-in-1 Like a Boss Activity Center and Play Table with Lights Music and Sounds</p><p> -33% 0FF </p><p>$73.99</p><a href="https://www.amazon.com/dp/B09B94C44F?tag=eloabder-20&linkCode=osi&th=1&psc=1">View Product</a></div><div class="product"><a href="https://www.amazon.com/dp/B08D8RSLXW?tag=eloabder-20&linkCode=osi&th=1&psc=1"><img src="https://m.media-amazon.com/images/I/41CTM7vmqIL._SL500_.jpg" alt="Product Image"></a><p>Smart Steps® Bounce N’ Play 3-in-1 Activity Center, Woodland Walk</p><p> -14% 0FF </p><p>$59.99</p><a href="https://www.amazon.com/dp/B08D8RSLXW?tag=eloabder-20&linkCode=osi&th=1&psc=1">View Product</a></div><div class="product"><a href="https://www.amazon.com/dp/B08WQB3JQW?tag=eloabder-20&linkCode=osi&th=1&psc=1"><img src="https://m.media-amazon.com/images/I/413UkTCXRJL._SL500_.jpg" alt="Product Image"></a><p>Smart Steps® 3-in-1 Bounce N' Play Activity Center Plus with STEM Learning Toys, Tike Hike</p><p> -33% 0FF </p><p>$59.99</p><a href="https://www.amazon.com/dp/B08WQB3JQW?tag=eloabder-20&linkCode=osi&th=1&psc=1">View Product</a></div><div class="product"><a href="https://www.amazon.com/dp/B0B5JJGGTC?tag=eloabder-20&linkCode=osi&th=1&psc=1"><img src="https://m.media-amazon.com/images/I/41hewN3eW6L._SL500_.jpg" alt="Product Image"></a><p>Fisher-Price Baby to Toddler Toy 3-in-1 SnugaPuppy Activity Center and Play Table with Lights Sounds and Developmental Activities</p><p> -23% 0FF </p><p>$99.99</p><a href="https://www.amazon.com/dp/B0B5JJGGTC?tag=eloabder-20&linkCode=osi&th=1&psc=1">View Product</a></div><div class="product"><a href="https://www.amazon.com/dp/B07BF1V8K8?tag=eloabder-20&linkCode=osi&th=1&psc=1"><img src="https://m.media-amazon.com/images/I/51kWbX5t3FL._SL500_.jpg" alt="Product Image"></a><p>Battat - Activity Cube With Farm Theme - Educational Wooden Toys For Toddlers And Kids - 1 Year +</p><p> -42% 0FF </p><p>$59.95</p><a href="https://www.amazon.com/dp/B07BF1V8K8?tag=eloabder-20&linkCode=osi&th=1&psc=1">View Product</a></div>
<div class="product"><a href="https://www.amazon.com/dp/B07MPCCDM7?tag=eloabder-20&linkCode=osi&th=1&psc=1"><img src="https://m.media-amazon.com/images/I/414WzjZL6XL._SL500_.jpg" alt="Product Image"></a><p>Baby Einstein 4-in-1 Kickin' Tunes Music and Language Play Gym and Piano Tummy Time Activity Mat</p><p> -20% 0FF </p><p>$39.98</p><a href="https://www.amazon.com/dp/B07MPCCDM7?tag=eloabder-20&linkCode=osi&th=1&psc=1">View Product</a></div><div class="product"><a href="https://www.amazon.com/dp/B0793D9WBY?tag=eloabder-20&linkCode=osi&th=1&psc=1"><img src="https://m.media-amazon.com/images/I/51SJobuKTzL._SL500_.jpg" alt="Product Image"></a><p>Fisher-Price Baby Playmat Deluxe Kick & Play Piano Gym, Green Musical Learning Toy with 2 Rattle Maracas for Developmental Play Newborns 0+ Months</p><p> -18% 0FF </p><p>$49.49</p><a href="https://www.amazon.com/dp/B0793D9WBY?tag=eloabder-20&linkCode=osi&th=1&psc=1">View Product</a></div><div class="product"><a href="https://www.amazon.com/dp/B0B5JXBMZJ?tag=eloabder-20&linkCode=osi&th=1&psc=1"><img src="https://m.media-amazon.com/images/I/51zfjAIFbcL._SL500_.jpg" alt="Product Image"></a><p>Fisher-Price Baby Playmat Kick & Play Piano Gym with Musical and Sensory Toys for Newborn to Toddler, Navy Fawn</p><p> -27% 0FF </p><p>$39.88</p><a href="https://www.amazon.com/dp/B0B5JXBMZJ?tag=eloabder-20&linkCode=osi&th=1&psc=1">View Product</a></div><div class="product"><a href="https://www.amazon.com/dp/B0036RKGHQ?tag=eloabder-20&linkCode=osi&th=1&psc=1"><img src="https://m.media-amazon.com/images/I/51ciJPgVi-L._SL500_.jpg" alt="Product Image"></a><p>Bright Starts Disney Baby Finding Nemo Mr. Ray Ocean Lights & Music Gym, Ages Newborn +</p><p> -18% 0FF </p><p>$69.98</p><a href="https://www.amazon.com/dp/B0036RKGHQ?tag=eloabder-20&linkCode=osi&th=1&psc=1">View Product</a></div>
<div class="product"><a href="https://www.amazon.com/dp/B0C8HGTL8Y?tag=eloabder-20&linkCode=osi&th=1&psc=1"><img src="https://m.media-amazon.com/images/I/41JRClg8WzL._SL500_.jpg" alt="Product Image"></a><p>Baby Trend Everlast 7-in-1 High Chair, Charcoal Stone</p><p> -50% 0FF </p><p>$49.99</p><a href="https://www.amazon.com/dp/B0C8HGTL8Y?tag=eloabder-20&linkCode=osi&th=1&psc=1">View Product</a></div><div class="product"><a href="https://www.amazon.com/dp/B08DY55SQZ?tag=eloabder-20&linkCode=osi&th=1&psc=1"><img src="https://m.media-amazon.com/images/I/31Gi5M2n0TL._SL500_.jpg" alt="Product Image"></a><p>Evenflo 4-in-1 Eat & Grow Convertible High Chair,Polyester</p><p> -9% 0FF </p><p>$62.99</p><a href="https://www.amazon.com/dp/B08DY55SQZ?tag=eloabder-20&linkCode=osi&th=1&psc=1">View Product</a></div><div class="product"><a href="https://www.amazon.com/dp/B0BDSWVGJN?tag=eloabder-20&linkCode=osi&th=1&psc=1"><img src="https://m.media-amazon.com/images/I/31RKzujFVpL._SL500_.jpg" alt="Product Image"></a><p>Graco EveryStep 6 in 1 High Chair, Babies and Toddlers Portable Slim High Chair with 6 Growing Stages from Infant to Toddler Seating, Convenient for Dining Time, Featured Design in Misty</p><p> -12% 0FF </p><p>$176.99</p><a href="https://www.amazon.com/dp/B0BDSWVGJN?tag=eloabder-20&linkCode=osi&th=1&psc=1">View Product</a></div><div class="product"><a href="https://www.amazon.com/dp/B0DFGSY7D2?tag=eloabder-20&linkCode=osi&th=1&psc=1"><img src="https://m.media-amazon.com/images/I/41LuMCYsLxL._SL500_.jpg" alt="Product Image"></a><p>High Chair,IJHIJH Baby High Chair,Foldable High Chair,High Chair for Babies and Toddlers,Double-Layer Large Tray,Backrest and Height Adjustable,5-Point Safety Belt,Non-Slip Mat,Space Saving</p><p> -23% 0FF </p><p>$99.99</p><a href="https://www.amazon.com/dp/B0DFGSY7D2?tag=eloabder-20&linkCode=osi&th=1&psc=1">View Product</a></div><div class="product"><a href="https://www.amazon.com/dp/B01MRVWGJH?tag=eloabder-20&linkCode=osi&th=1&psc=1"><img src="https://m.media-amazon.com/images/I/41HxUVOWn-L._SL500_.jpg" alt="Product Image"></a><p>Cosco Simple Fold Full Size High Chair With Adjustable Tray, 28.5x23.5x38.7 Inch (Pack of 1)</p><p> -23% 0FF </p><p>$49.99</p><a href="https://www.amazon.com/dp/B01MRVWGJH?tag=eloabder-20&linkCode=osi&th=1&psc=1">View Product</a></div><div class="product"><a href="https://www.amazon.com/dp/B0B1QRSXW9?tag=eloabder-20&linkCode=osi&th=1&psc=1"><img src="https://m.media-amazon.com/images/I/41k+dOKhnqL._SL500_.jpg" alt="Product Image"></a><p>Baby Trend Sit Right 2.0 3-in-1 High Chair - Cozy Grey</p><p> -25% 0FF </p><p>$59.99</p><a href="https://www.amazon.com/dp/B0B1QRSXW9?tag=eloabder-20&linkCode=osi&th=1&psc=1">View Product</a></div><div class="product"><a href="https://www.amazon.com/dp/B08HKPPJPV?tag=eloabder-20&linkCode=osi&th=1&psc=1"><img src="https://m.media-amazon.com/images/I/31cMtIzV9lL._SL500_.jpg" alt="Product Image"></a><p>Graco® Table2Table LX 6-in-1 Highchair, Arrows with Infant Head Support & One-Hand Removable Tray</p><p> -16% 0FF </p><p>$100.99</p><a href="https://www.amazon.com/dp/B08HKPPJPV?tag=eloabder-20&linkCode=osi&th=1&psc=1">View Product</a></div><div class="product"><a href="https://www.amazon.com/dp/B07Y5RY7QT?tag=eloabder-20&linkCode=osi&th=1&psc=1"><img src="https://m.media-amazon.com/images/I/31IiUCIU1JL._SL500_.jpg" alt="Product Image"></a><p>Graco DuoDiner DLX 6-in-1 Highchair, Mathis</p><p> -7% 0FF </p><p>$139.99</p><a href="https://www.amazon.com/dp/B07Y5RY7QT?tag=eloabder-20&linkCode=osi&th=1&psc=1">View Product</a></div><div class="product"><a href="https://www.amazon.com/dp/B091M5MT2L?tag=eloabder-20&linkCode=osi&th=1&psc=1"><img src="https://m.media-amazon.com/images/I/31ukjyiALGL._SL500_.jpg" alt="Product Image"></a><p>Century Dine On 4-in-1 High Chair, Grows with Child with 4 Modes, Metro</p><p> -11% 0FF </p><p>$79.99</p><a href="https://www.amazon.com/dp/B091M5MT2L?tag=eloabder-20&linkCode=osi&th=1&psc=1">View Product</a></div>
<div class="product"><a href="https://www.amazon.com/dp/B000MR4IX6?tag=eloabder-20&linkCode=osi&th=1&psc=1"><img src="https://m.media-amazon.com/images/I/31QxBnnFyKL._SL500_.jpg" alt="Product Image"></a><p>Crane Adorables Ultrasonic Humidifiers for Bedroom and Baby Nursery, 1 Gallon Cool Mist Air Humidifier for Large Room or Kid's Room, Humidifier Filters Optional, Hello Kitty</p><p> -10% 0FF </p><p>$53.99</p><a href="https://www.amazon.com/dp/B000MR4IX6?tag=eloabder-20&linkCode=osi&th=1&psc=1">View Product</a></div><div class="product"><a href="https://www.amazon.com/dp/B001ADL1SG?tag=eloabder-20&linkCode=osi&th=1&psc=1"><img src="https://m.media-amazon.com/images/I/31jxnLUt3iL._SL500_.jpg" alt="Product Image"></a><p>Crane Ultrasonic Cool Mist Humidifier for Bedroom, Baby Nursery, Kids Room, Plants, or Office, Large 1 Gallon Tank, Filter Optional, Blue and White</p><p> -25% 0FF </p><p>$44.99</p><a href="https://www.amazon.com/dp/B001ADL1SG?tag=eloabder-20&linkCode=osi&th=1&psc=1">View Product</a></div><div class="product"><a href="https://www.amazon.com/dp/B089QWNQXC?tag=eloabder-20&linkCode=osi&th=1&psc=1"><img src="https://m.media-amazon.com/images/I/31SHRor76xL._SL500_.jpg" alt="Product Image"></a><p>Dr. Brown's All-in-One Sterilizer and Dryer for Baby Bottles, Parts & Other Newborn Essentials</p><p> -28% 0FF </p><p>$57.99</p><a href="https://www.amazon.com/dp/B089QWNQXC?tag=eloabder-20&linkCode=osi&th=1&psc=1">View Product</a></div><div class="product"><a href="https://www.amazon.com/dp/B008KJEYLO?tag=eloabder-20&linkCode=osi&th=1&psc=1"><img src="https://m.media-amazon.com/images/I/516vqHBFtxL._SL500_.jpg" alt="Product Image"></a><p>WaterWipes Plastic-Free Original Baby Wipes, 99.9% Water Based Wipes, Unscented & Hypoallergenic for Sensitive Skin, 60 Count (Pack of 12), Packaging May Vary</p><p> -13% 0FF </p><p>$39.97 ($5.55 / 100 Count)</p><a href="https://www.amazon.com/dp/B008KJEYLO?tag=eloabder-20&linkCode=osi&th=1&psc=1">View Product</a></div><div class="product"><a href="https://www.amazon.com/dp/B094YK9MB1?tag=eloabder-20&linkCode=osi&th=1&psc=1"><img src="https://m.media-amazon.com/images/I/31h+m99qpwL._SL500_.jpg" alt="Product Image"></a><p>Westinghouse 28-inch Cool Mist Ultrasonic Tower Humidifier, 6L Top Fill Air Humidifier with Essential Oil Diffuser, Adjustable Mist Volume for Large Bedrooms</p><p> -50% 0FF </p><p>$59.99</p><a href="https://www.amazon.com/dp/B094YK9MB1?tag=eloabder-20&linkCode=osi&th=1&psc=1">View Product</a></div>
<div class="product"><a href="https://www.amazon.com/dp/B0961KZ9X2?tag=eloabder-20&linkCode=osi&th=1&psc=1"><img src="https://m.media-amazon.com/images/I/41AUjJ8u93S._SL500_.jpg" alt="Product Image"></a><p>Philips Avent Anti-Colic Baby Bottle with AirFree Vent, 9oz, 4pk, Clear, SCY703/04</p><p> -20% 0FF </p><p>$23.99</p><a href="https://www.amazon.com/dp/B0961KZ9X2?tag=eloabder-20&linkCode=osi&th=1&psc=1">View Product</a></div><div class="product"><a href="https://www.amazon.com/dp/B00K5KVC52?tag=eloabder-20&linkCode=osi&th=1&psc=1"><img src="https://m.media-amazon.com/images/I/411dDDTfnQL._SL500_.jpg" alt="Product Image"></a><p>Tommee Tippee Natural Start Anti-Colic BPA Free Baby Bottles, 9oz, Slow-Flow Breast-Like Nipple for a Natural Latch, Designed for Seamless Transitions Between Bottle and Breast, Fiesta, Pack of 6</p><p> -44% 0FF </p><p>$23.97</p><a href="https://www.amazon.com/dp/B00K5KVC52?tag=eloabder-20&linkCode=osi&th=1&psc=1">View Product</a></div><div class="product"><a href="https://www.amazon.com/dp/B00H0DH2NS?tag=eloabder-20&linkCode=osi&th=1&psc=1"><img src="https://m.media-amazon.com/images/I/41-a1Bfp4SL._SL500_.jpg" alt="Product Image"></a><p>Lansinoh Anti-Colic Baby Bottles for Breastfeeding Babies, 5 Ounces, 3 Count, Includes 3 Slow Flow Nipples, Size S</p><p> -25% 0FF </p><p>$14.99</p><a href="https://www.amazon.com/dp/B00H0DH2NS?tag=eloabder-20&linkCode=osi&th=1&psc=1">View Product</a></div><div class="product"><a href="https://www.amazon.com/dp/B07M6QQP9Z?tag=eloabder-20&linkCode=osi&th=1&psc=1"><img src="https://m.media-amazon.com/images/I/41DGyuAuyJL._SL500_.jpg" alt="Product Image"></a><p>Dr. Brown's Natural Flow Anti-Colic Options+ Wide-Neck Glass Baby Bottles 5 oz/150 mL, with Level 1 Slow Flow Nipple, 3 Pack, 0m+</p><p> -17% 0FF </p><p>$23.99</p><a href="https://www.amazon.com/dp/B07M6QQP9Z?tag=eloabder-20&linkCode=osi&th=1&psc=1">View Product</a></div>
<div class="product"><a href="https://www.amazon.com/dp/B00MN6IGPK?tag=eloabder-20&linkCode=osi&th=1&psc=1"><img src="https://m.media-amazon.com/images/I/41QKUlWUujL._SL500_.jpg" alt="Product Image"></a><p>Pioneer Photo Albums DA-200COLB/B 200-Pocket Embossed Baby Leatherette Frame Cover Album for 4 by 6-Inch Prints, Blue</p><p> -20% 0FF </p><p>$13.58</p><a href="https://www.amazon.com/dp/B00MN6IGPK?tag=eloabder-20&linkCode=osi&th=1&psc=1">View Product</a></div><div class="product"><a href="https://www.amazon.com/dp/B09G9LD7MR?tag=eloabder-20&linkCode=osi&th=1&psc=1"><img src="https://m.media-amazon.com/images/I/41G9dvP0dRL._SL500_.jpg" alt="Product Image"></a><p>Holoary Baby Photo Album 4” x 6” 160 Photos, Newborn Baby Keepsake Gifts for Baby Boy/Girl and New Parents, Woodland Animals Design</p><p> -15% 0FF </p><p>$16.99</p><a href="https://www.amazon.com/dp/B09G9LD7MR?tag=eloabder-20&linkCode=osi&th=1&psc=1">View Product</a></div>
<div class="product"><a href="https://www.amazon.com/dp/B099FM4W4H?tag=eloabder-20&linkCode=osi&th=1&psc=1"><img src="https://m.media-amazon.com/images/I/41oW5RAdkOL._SL500_.jpg" alt="Product Image"></a><p>Frida Baby 4-in-1 Grow-with-Me Baby Bathtub, Baby Tub for Newborns to Toddler with Removable Bath Seat & Backrest for Bath Support in Tub</p><p> -9% 0FF </p><p>$49.97</p><a href="https://www.amazon.com/dp/B099FM4W4H?tag=eloabder-20&linkCode=osi&th=1&psc=1">View Product</a></div><div class="product"><a href="https://www.amazon.com/dp/B008VWVS14?tag=eloabder-20&linkCode=osi&th=1&psc=1"><img src="https://m.media-amazon.com/images/I/41SmMRWIinL._SL500_.jpg" alt="Product Image"></a><p>Angelcare Baby Bath Support (Aqua) | Ideal for Babies Less than 6 Months Old</p><p> -33% 0FF </p><p>$19.99</p><a href="https://www.amazon.com/dp/B008VWVS14?tag=eloabder-20&linkCode=osi&th=1&psc=1">View Product</a></div><div class="product"><a href="https://www.amazon.com/dp/B0856SSQ1X?tag=eloabder-20&linkCode=osi&th=1&psc=1"><img src="https://m.media-amazon.com/images/I/31uBL4LsJbL._SL500_.jpg" alt="Product Image"></a><p>Fisher-Price Baby to Toddler Bath 4-in-1 Sling ‘n Seat Tub with Removable Infant Support and 2 Toys, Pacific Pebble</p><p> -11% 0FF </p><p>$39.99</p><a href="https://www.amazon.com/dp/B0856SSQ1X?tag=eloabder-20&linkCode=osi&th=1&psc=1">View Product</a></div><div class="product"><a href="https://www.amazon.com/dp/B0BFVBMM2Y?tag=eloabder-20&linkCode=osi&th=1&psc=1"><img src="https://m.media-amazon.com/images/I/31HpHQ7IjxL._SL500_.jpg" alt="Product Image"></a><p>The First Years Renewed Baby Bath Tub - Newborn to Toddler 3-in-1 Baby Tub with Removable Sling - Made with 50% Recycled Material - 0 to 25 LBs</p><p> -10% 0FF </p><p>$26.99</p><a href="https://www.amazon.com/dp/B0BFVBMM2Y?tag=eloabder-20&linkCode=osi&th=1&psc=1">View Product</a></div><div class="product"><a href="https://www.amazon.com/dp/B08XYFMK8K?tag=eloabder-20&linkCode=osi&th=1&psc=1"><img src="https://m.media-amazon.com/images/I/41pzMRjTbyS._SL500_.jpg" alt="Product Image"></a><p>The First Years Rain Shower Baby Bathtub — Baby Spa for Newborn to Toddler — includes Convertible Bathtub and Sling with Soothing Spray — Baby Bath Essentials</p><p> -20% 0FF </p><p>$69.99</p><a href="https://www.amazon.com/dp/B08XYFMK8K?tag=eloabder-20&linkCode=osi&th=1&psc=1">View Product</a></div>
<div class="product"><a href="https://www.amazon.com/dp/B08GFCX964?tag=eloabder-20&linkCode=osi&th=1&psc=1"><img src="https://m.media-amazon.com/images/I/41WRO-OeUjL._SL500_.jpg" alt="Product Image"></a><p>PandaEar Set of 3 Silicone Baby Bibs Waterproof, Soft, Unisex, 10-72 Months (Brown/Blue/Green)</p><p> -27% 0FF </p><p>$8.45</p><a href="https://www.amazon.com/dp/B08GFCX964?tag=eloabder-20&linkCode=osi&th=1&psc=1">View Product</a></div><div class="product"><a href="https://www.amazon.com/dp/B0B152XRC4?tag=eloabder-20&linkCode=osi&th=1&psc=1"><img src="https://m.media-amazon.com/images/I/51OYlHgekxL._SL500_.jpg" alt="Product Image"></a><p>8-Pack Organic Baby Bibs for Boys, Girls - Soft Cotton Drooling and Teething Baby Bibs, Baby Girl Bibs, Baby Boy Bibs, Baby Drool Bibs for Baby Girl, Boy, Newborn Infant Bibs (Sweet Charm)</p><p> -39% 0FF </p><p>$16.96</p><a href="https://www.amazon.com/dp/B0B152XRC4?tag=eloabder-20&linkCode=osi&th=1&psc=1">View Product</a></div>
<div class="product"><a href="https://www.amazon.com/dp/B01CJABFKM?tag=eloabder-20&linkCode=osi&th=1&psc=1"><img src="https://m.media-amazon.com/images/I/41Cy6DIfuuL._SL500_.jpg" alt="Product Image"></a><p>Custom Catch Personalized Baby Blanket for Boys - Blue</p><p> -27% 0FF </p><p>$21.94</p><a href="https://www.amazon.com/dp/B01CJABFKM?tag=eloabder-20&linkCode=osi&th=1&psc=1">View Product</a></div><div class="product"><a href="https://www.amazon.com/dp/B098NY9KW8?tag=eloabder-20&linkCode=osi&th=1&psc=1"><img src="https://m.media-amazon.com/images/I/41k5gWkxQgL._SL500_.jpg" alt="Product Image"></a><p>Momcozy Muslin Swaddle Blankets, Swaddle Blanket for Baby Boys and Girls, 4-Pack Breathable and Skin-Friendly Baby Receiving Blankets Swaddle Wrap, Baby Essentials, Registry & Gift, 47 x 47 inches</p><p> -40% 0FF </p><p>$29.99</p><a href="https://www.amazon.com/dp/B098NY9KW8?tag=eloabder-20&linkCode=osi&th=1&psc=1">View Product</a></div><div class="product"><a href="https://www.amazon.com/dp/B0CNPDMD1R?tag=eloabder-20&linkCode=osi&th=1&psc=1"><img src="https://m.media-amazon.com/images/I/41P19H8j35L._SL500_.jpg" alt="Product Image"></a><p>Yurhap Fleece Baby Blanket Heart Checkered Blanket, Ultra Soft Cozy Baby Blankets for Girls Boys, Fluffy Infant Toddler Newborn Receiving Blankets for Crib Stroller 30”×40” (Light Pink)</p><p> -33% 0FF </p><p>$9.99</p><a href="https://www.amazon.com/dp/B0CNPDMD1R?tag=eloabder-20&linkCode=osi&th=1&psc=1">View Product</a></div><div class="product"><a href="https://www.amazon.com/dp/B0B3J7RYTF?tag=eloabder-20&linkCode=osi&th=1&psc=1"><img src="https://m.media-amazon.com/images/I/41xEsOQY4yL._SL500_.jpg" alt="Product Image"></a><p>Konssy Waffle Baby Blankets, Nursery Blankets for Boys Girls, Swaddle Blankets Neutral Soft Lightweight Toddler and Kids Throw Blankets(Oat)</p><p> -23% 0FF </p><p>$22.99</p><a href="https://www.amazon.com/dp/B0B3J7RYTF?tag=eloabder-20&linkCode=osi&th=1&psc=1">View Product</a></div><div class="product"><a href="https://www.amazon.com/dp/B0BD6TPYXR?tag=eloabder-20&linkCode=osi&th=1&psc=1"><img src="https://m.media-amazon.com/images/I/51SPJrzTpKL._SL500_.jpg" alt="Product Image"></a><p>Konssy Baby Blankets for Unisex Boys Girls, Super Soft Nursery Minky Blankets with Muslin Cotton Front and Dotted Fleece Backing, Printed Bed Throws Newborn</p><p> -10% 0FF </p><p>$18.99</p><a href="https://www.amazon.com/dp/B0BD6TPYXR?tag=eloabder-20&linkCode=osi&th=1&psc=1">View Product</a></div>
<div class="product"><a href="https://www.amazon.com/dp/B081FTXL88?tag=eloabder-20&linkCode=osi&th=1&psc=1"><img src="https://m.media-amazon.com/images/I/31S6fvevhIL._SL500_.jpg" alt="Product Image"></a><p>Munchkin® Bristle™ Bottle Brush, Grey</p><p> -23% 0FF </p><p>$4.47</p><a href="https://www.amazon.com/dp/B081FTXL88?tag=eloabder-20&linkCode=osi&th=1&psc=1">View Product</a></div><div class="product"><a href="https://www.amazon.com/dp/B082PZ44M9?tag=eloabder-20&linkCode=osi&th=1&psc=1"><img src="https://m.media-amazon.com/images/I/21NI5khXnaL._SL500_.jpg" alt="Product Image"></a><p>Boon Cacti Bottle Cleaning Brush Set - Includes Bottle Brush, Nipple Brush, Detail Brush, and Straw Brush - Baby Bottle Brush Set for Bottle Drying Rack - Baby Essentials - 4 Count</p><p> -12% 0FF </p><p>$13.49</p><a href="https://www.amazon.com/dp/B082PZ44M9?tag=eloabder-20&linkCode=osi&th=1&psc=1">View Product</a></div><div class="product"><a href="https://www.amazon.com/dp/B0CQKF5CWS?tag=eloabder-20&linkCode=osi&th=1&psc=1"><img src="https://m.media-amazon.com/images/I/31RoBDDbg3L._SL500_.jpg" alt="Product Image"></a><p>Munchkin® Bristle™ Bottle Brush, Modern Design, Grey</p><p> -23% 0FF </p><p>$4.47</p><a href="https://www.amazon.com/dp/B0CQKF5CWS?tag=eloabder-20&linkCode=osi&th=1&psc=1">View Product</a></div><div class="product"><a href="https://www.amazon.com/dp/B01968GERY?tag=eloabder-20&linkCode=osi&th=1&psc=1"><img src="https://m.media-amazon.com/images/I/21rubIV8FNL._SL500_.jpg" alt="Product Image"></a><p>NUK Triple Action Baby Bottle & Nipple Brush, 3 Powerful Cleaning Materials - Bristles, Sponge, & Scruber, Non-Slip Handle, Odor Resistant, Top Rack Dishwasher Safe</p><p> -54% 0FF </p><p>$4.49</p><a href="https://www.amazon.com/dp/B01968GERY?tag=eloabder-20&linkCode=osi&th=1&psc=1">View Product</a></div>
<div class="product"><a href="https://www.amazon.com/dp/B09CGTPJSL?tag=eloabder-20&linkCode=osi&th=1&psc=1"><img src="https://m.media-amazon.com/images/I/31O1L+MYMxL._SL500_.jpg" alt="Product Image"></a><p>Baby Bottle Sterilizer | Esterilizador de Biberones, 6-in-1 HAUTURE Bottle Sterilizer and Dryer, Electric Steam Bottle Sanitizer for Baby Stuffs, Baby Bottles & Breast Pump Accessories</p><p> -10% 0FF </p><p>$69.98</p><a href="https://www.amazon.com/dp/B09CGTPJSL?tag=eloabder-20&linkCode=osi&th=1&psc=1">View Product</a></div><div class="product"><a href="https://www.amazon.com/dp/B007VBXKG2?tag=eloabder-20&linkCode=osi&th=1&psc=1"><img src="https://m.media-amazon.com/images/I/315F64OEQHL._SL500_.jpg" alt="Product Image"></a><p>Philips AVENT Microwave Steam Sterilizer for Baby Bottles, Pacifiers, Cups and More, SCF281/05</p><p> -29% 0FF </p><p>$22.79</p><a href="https://www.amazon.com/dp/B007VBXKG2?tag=eloabder-20&linkCode=osi&th=1&psc=1">View Product</a></div><div class="product"><a href="https://www.amazon.com/dp/B09HJDX5S6?tag=eloabder-20&linkCode=osi&th=1&psc=1"><img src="https://m.media-amazon.com/images/I/41rjM6KCAmL._SL500_.jpg" alt="Product Image"></a><p>Baby Brezza Bottle Sterilizer and Dryer Advanced – Electric Steam Sterilization Machine Universal Sterilizing for All Bottles: Plastic + Glass Pacifiers Breast Pump Parts - HEPA Filtration</p><p> -15% 0FF </p><p>$118.99</p><a href="https://www.amazon.com/dp/B09HJDX5S6?tag=eloabder-20&linkCode=osi&th=1&psc=1">View Product</a></div><div class="product"><a href="https://www.amazon.com/dp/B0D474DSB6?tag=eloabder-20&linkCode=osi&th=1&psc=1"><img src="https://m.media-amazon.com/images/I/41p78Of58KL._SL500_.jpg" alt="Product Image"></a><p>Bottle Sterilizer and Dryer, HIYAKOI Electric Steam Baby Bottle Sterilizer and Dryer, All-in-One Sterilizer 2 Layers Large for Baby Bottles, Parts & Other Newborn Essentials - HEPA Filtration</p><p> -38% 0FF </p><p>$49.99</p><a href="https://www.amazon.com/dp/B0D474DSB6?tag=eloabder-20&linkCode=osi&th=1&psc=1">View Product</a></div><div class="product"><a href="https://www.amazon.com/dp/B0CQQFFQKJ?tag=eloabder-20&linkCode=osi&th=1&psc=1"><img src="https://m.media-amazon.com/images/I/41tQNekOelL._SL500_.jpg" alt="Product Image"></a><p>Momcozy Bottle Sterilizer and Dryer, 8-in-1 Electric Steam Baby Bottle Sterilizer for Baby Bottles, Baby stuffs & Breast Pump Accessories</p><p> -36% 0FF </p><p>$63.99</p><a href="https://www.amazon.com/dp/B0CQQFFQKJ?tag=eloabder-20&linkCode=osi&th=1&psc=1">View Product</a></div><div class="product"><a href="https://www.amazon.com/dp/B09HH7HSGV?tag=eloabder-20&linkCode=osi&th=1&psc=1"><img src="https://m.media-amazon.com/images/I/31tOSRxwFYL._SL500_.jpg" alt="Product Image"></a><p>GROWNSY Bottle Sterilizer and Dryer, 2024 Compact Electric Steam Baby Bottle Sterilizer (Esterilizador de Biberones), Bottle Sanitizer for Baby Bottles, Pacifiers, Pump Parts</p><p> -33% 0FF </p><p>$59.99</p><a href="https://www.amazon.com/dp/B09HH7HSGV?tag=eloabder-20&linkCode=osi&th=1&psc=1">View Product</a></div>
<div class="product"><a href="https://www.amazon.com/dp/B07G4KBQJ7?tag=eloabder-20&linkCode=osi&th=1&psc=1"><img src="https://m.media-amazon.com/images/I/41WM4mOjQiL._SL500_.jpg" alt="Product Image"></a><p>Evenflo Feeding Classic Tinted Plastic Standard Neck Bottles for Baby, Infant and Newborn, Pink/Lavender/Teal, 8 Ounce (Pack of 12)</p><p> -27% 0FF </p><p>$10.19</p><a href="https://www.amazon.com/dp/B07G4KBQJ7?tag=eloabder-20&linkCode=osi&th=1&psc=1">View Product</a></div><div class="product"><a href="https://www.amazon.com/dp/B00N9X4YZW?tag=eloabder-20&linkCode=osi&th=1&psc=1"><img src="https://m.media-amazon.com/images/I/51kDCJ8oQmL._SL500_.jpg" alt="Product Image"></a><p>Evenflo Feeding Classic Tinted Plastic Standard Neck Bottles for Baby, Infant and Newborn - Teal/Green/Blue, 8 Ounce (Pack of 12)</p><p> -31% 0FF </p><p>$9.68</p><a href="https://www.amazon.com/dp/B00N9X4YZW?tag=eloabder-20&linkCode=osi&th=1&psc=1">View Product</a></div><div class="product"><a href="https://www.amazon.com/dp/B07DCQKC33?tag=eloabder-20&linkCode=osi&th=1&psc=1"><img src="https://m.media-amazon.com/images/I/41jfe6zVMgL._SL500_.jpg" alt="Product Image"></a><p>Dr. Brown's Anti-Colic Baby Feeding Set with Slow Flow Nipples, Travel Caps, Silicone Pacifier - Pink</p><p> -20% 0FF </p><p>$18.41</p><a href="https://www.amazon.com/dp/B07DCQKC33?tag=eloabder-20&linkCode=osi&th=1&psc=1">View Product</a></div>
<div class="product"><a href="https://www.amazon.com/dp/B095F28Q6J?tag=eloabder-20&linkCode=osi&th=1&psc=1"><img src="https://m.media-amazon.com/images/I/311FVQReZOL._SL500_.jpg" alt="Product Image"></a><p>Baby Delight Alpine Deluxe Portable Bouncer, Infant, 0-6 Months, 100% GOTS Certified Cotton Fabrics, Organic Oat</p><p> -22% 0FF </p><p>$69.99</p><a href="https://www.amazon.com/dp/B095F28Q6J?tag=eloabder-20&linkCode=osi&th=1&psc=1">View Product</a></div><div class="product"><a href="https://www.amazon.com/dp/B0BLP5G5FJ?tag=eloabder-20&linkCode=osi&th=1&psc=1"><img src="https://m.media-amazon.com/images/I/41F7YHDOEGL._SL500_.jpg" alt="Product Image"></a><p>Bright Starts Playful Paradise Comfy Baby Bouncer Seat with Soothing Vibration and Toys, Unisex, 0-6 Months</p><p> -26% 0FF </p><p>$22.11</p><a href="https://www.amazon.com/dp/B0BLP5G5FJ?tag=eloabder-20&linkCode=osi&th=1&psc=1">View Product</a></div><div class="product"><a href="https://www.amazon.com/dp/B016DAWD3W?tag=eloabder-20&linkCode=osi&th=1&psc=1"><img src="https://m.media-amazon.com/images/I/31SssXA+BHL._SL500_.jpg" alt="Product Image"></a><p>BabyBjörn Bouncer Balance Soft, Cotton/Jersey, Dark Gray/Gray (005084US)</p><p> -14% 0FF </p><p>$179.99</p><a href="https://www.amazon.com/dp/B016DAWD3W?tag=eloabder-20&linkCode=osi&th=1&psc=1">View Product</a></div><div class="product"><a href="https://www.amazon.com/dp/B07C9ZR2VC?tag=eloabder-20&linkCode=osi&th=1&psc=1"><img src="https://m.media-amazon.com/images/I/41wSBC1+j4L._SL500_.jpg" alt="Product Image"></a><p>Smart Steps Trend EZ Bouncer, Bluebell</p><p> -45% 0FF </p><p>$29.99</p><a href="https://www.amazon.com/dp/B07C9ZR2VC?tag=eloabder-20&linkCode=osi&th=1&psc=1">View Product</a></div>
<div class="product"><a href="https://www.amazon.com/dp/B07XMN3SK6?tag=eloabder-20&linkCode=osi&th=1&psc=1"><img src="https://m.media-amazon.com/images/I/41bHS4nTJ2L._SL500_.jpg" alt="Product Image"></a><p>Infantino Flip 4-in-1 Carrier - Ergonomic for Newborns and Older Babies 8-32 lbs</p><p> -21% 0FF </p><p>$29.99</p><a href="https://www.amazon.com/dp/B07XMN3SK6?tag=eloabder-20&linkCode=osi&th=1&psc=1">View Product</a></div><div class="product"><a href="https://www.amazon.com/dp/B0743L6R1T?tag=eloabder-20&linkCode=osi&th=1&psc=1"><img src="https://m.media-amazon.com/images/I/31ZGsR+w+1L._SL500_.jpg" alt="Product Image"></a><p>Ergobaby Omni 360 All-Position Baby Carrier for Newborn to Toddler with Lumbar Support (7-45 Pounds), Pearl Grey, One Size (Pack of 1)</p><p> -39% 0FF </p><p>$110.00</p><a href="https://www.amazon.com/dp/B0743L6R1T?tag=eloabder-20&linkCode=osi&th=1&psc=1">View Product</a></div><div class="product"><a href="https://www.amazon.com/dp/B0CDQ1XH6W?tag=eloabder-20&linkCode=osi&th=1&psc=1"><img src="https://m.media-amazon.com/images/I/41kAV5NXZBL._SL500_.jpg" alt="Product Image"></a><p>Momcozy Baby Carrier Newborn to Toddler - Ergonomic, Cozy and Lightweight Infant Carrier for 7-44lbs, Effortless to Put On, Ideal for Hands-Free Parenting, Enhanced Lumbar Support, Leopard</p><p> -8% 0FF </p><p>$59.99</p><a href="https://www.amazon.com/dp/B0CDQ1XH6W?tag=eloabder-20&linkCode=osi&th=1&psc=1">View Product</a></div><div class="product"><a href="https://www.amazon.com/dp/B005SP2LWW?tag=eloabder-20&linkCode=osi&th=1&psc=1"><img src="https://m.media-amazon.com/images/I/31fYPOjdFrL._SL500_.jpg" alt="Product Image"></a><p>Boba Baby Wrap Carrier - Original Baby Carrier Wrap Sling for Newborns - Baby Wearing Essentials - Newborn Wrap Swaddle Holder, Newborn to Toddler Infant Sling (Grey)</p><p> -19% 0FF </p><p>$32.49</p><a href="https://www.amazon.com/dp/B005SP2LWW?tag=eloabder-20&linkCode=osi&th=1&psc=1">View Product</a></div><div class="product"><a href="https://www.amazon.com/dp/B098X8WS7Y?tag=eloabder-20&linkCode=osi&th=1&psc=1"><img src="https://m.media-amazon.com/images/I/41az3xS82UL._SL500_.jpg" alt="Product Image"></a><p>Momcozy Baby Wrap Carrier, Easy to Wear Infant Carrier Slings, Lightweight Hands Free Baby Sling, Adjustable Baby Carriers for Newborn to Toddler 8-35 lbs, Black</p><p> -28% 0FF </p><p>$32.99</p><a href="https://www.amazon.com/dp/B098X8WS7Y?tag=eloabder-20&linkCode=osi&th=1&psc=1">View Product</a></div>
<div class="product"><a href="https://www.amazon.com/dp/B01N3MYVZM?tag=eloabder-20&linkCode=osi&th=1&psc=1"><img src="https://m.media-amazon.com/images/I/41CLrlYJDnL._SL500_.jpg" alt="Product Image"></a><p>Graco SlimFit 3-in-1 Convertible Car Seat, Ultra-Space-Saving Design, Darcie, Suitable for Rear and Forward-Facing, Highback Booster Seat with 10-Position Headrest</p><p> -21% 0FF </p><p>$157.99</p><a href="https://www.amazon.com/dp/B01N3MYVZM?tag=eloabder-20&linkCode=osi&th=1&psc=1">View Product</a></div><div class="product"><a href="https://www.amazon.com/dp/B07J37RTPG?tag=eloabder-20&linkCode=osi&th=1&psc=1"><img src="https://m.media-amazon.com/images/I/41fGAx7LcGL._SL500_.jpg" alt="Product Image"></a><p>Graco 4Ever DLX 4-in-1 Car Seat, Grey, Infant to Toddler Car Seat, with 10 Years of Use, Rear-facing, Forward-facing and Booster Modes, Safe, Comfortable and Convenient</p><p> -7% 0FF </p><p>$279.00</p><a href="https://www.amazon.com/dp/B07J37RTPG?tag=eloabder-20&linkCode=osi&th=1&psc=1">View Product</a></div><div class="product"><a href="https://www.amazon.com/dp/B07R9H1JC9?tag=eloabder-20&linkCode=osi&th=1&psc=1"><img src="https://m.media-amazon.com/images/I/41NwO9xrBGL._SL500_.jpg" alt="Product Image"></a><p>Graco Grows4Me 4-in-1 Car Seat, Convertible Infant to Toddler Car Seat and Booster, West Point Design, for 10 Years of Safe, Comfortable Journeys</p><p> -29% 0FF </p><p>$199.99</p><a href="https://www.amazon.com/dp/B07R9H1JC9?tag=eloabder-20&linkCode=osi&th=1&psc=1">View Product</a></div>
<div class="product"><a href="https://www.amazon.com/dp/B08RN8G58P?tag=eloabder-20&linkCode=osi&th=1&psc=1"><img src="https://m.media-amazon.com/images/I/41Qid-FWhYL._SL500_.jpg" alt="Product Image"></a><p>Baby Portable Changing Pad Travel - Waterproof Compact Diaper Changing Mat with Built-in Pillow - Lightweight & Foldable Changing Station, Newborn Shower Gifts</p><p> -29% 0FF </p><p>$9.99</p><a href="https://www.amazon.com/dp/B08RN8G58P?tag=eloabder-20&linkCode=osi&th=1&psc=1">View Product</a></div><div class="product"><a href="https://www.amazon.com/dp/B089XVKJSL?tag=eloabder-20&linkCode=osi&th=1&psc=1"><img src="https://m.media-amazon.com/images/I/51qlzLJHUWL._SL500_.jpg" alt="Product Image"></a><p>Portable Diaper Changing Pad - Waterproof Foldable Baby Changing Mat - Travel Diaper Change Mat - Lightweight Changing Pads for Baby - Baby Changer - Machine Washable (Black Geo)</p><p> -7% 0FF </p><p>$12.96</p><a href="https://www.amazon.com/dp/B089XVKJSL?tag=eloabder-20&linkCode=osi&th=1&psc=1">View Product</a></div><div class="product"><a href="https://www.amazon.com/dp/B08PH9Y6QS?tag=eloabder-20&linkCode=osi&th=1&psc=1"><img src="https://m.media-amazon.com/images/I/21cBsus1AHL._SL500_.jpg" alt="Product Image"></a><p>Regalo Baby Basics Infant Changing Pad, White , 31x16x4 Inch (Pack of 1)</p><p> -33% 0FF </p><p>$19.99</p><a href="https://www.amazon.com/dp/B08PH9Y6QS?tag=eloabder-20&linkCode=osi&th=1&psc=1">View Product</a></div>
<div class="product"><a href="https://www.amazon.com/dp/B07GFNVLS2?tag=eloabder-20&linkCode=osi&th=1&psc=1"><img src="https://m.media-amazon.com/images/I/31T-p4V5gsL._SL500_.jpg" alt="Product Image"></a><p>Gerber Unisex Baby Multi-Pack Long-Sleeve Onesies Bodysuit Mitten Cuff Sizes 6-Pack Mitten Cuff 0-3 Months</p><p> -12% 0FF </p><p>$15.81</p><a href="https://www.amazon.com/dp/B07GFNVLS2?tag=eloabder-20&linkCode=osi&th=1&psc=1">View Product</a></div><div class="product"><a href="https://www.amazon.com/dp/B0CP3NQCN3?tag=eloabder-20&linkCode=osi&th=1&psc=1"><img src="https://m.media-amazon.com/images/I/41MpsB3rYcL._SL500_.jpg" alt="Product Image"></a><p>Kaipiclos Newborn Infant Girl Clothes Rib Knit Romper Daisy Print Pants Headband Baby Clothes for Girls 0 3 6 12 18 24 Months</p><p> -10% 0FF </p><p>$14.99</p><a href="https://www.amazon.com/dp/B0CP3NQCN3?tag=eloabder-20&linkCode=osi&th=1&psc=1">View Product</a></div><div class="product"><a href="https://www.amazon.com/dp/B0D88Z7VLZ?tag=eloabder-20&linkCode=osi&th=1&psc=1"><img src="https://m.media-amazon.com/images/I/41Au0yzblbL._SL500_.jpg" alt="Product Image"></a><p>Burt's Bees Baby Baby Boys Pajamas, Sleep and Play Loose Fit, 100% Organic Cotton, Soft One-piece PJs, Diagonal Zip Up Jumpsuit Newborn Essentials with Interior Zipper Guard in sizes NB to 6-9 Months</p><p> -49% 0FF </p><p>$7.60</p><a href="https://www.amazon.com/dp/B0D88Z7VLZ?tag=eloabder-20&linkCode=osi&th=1&psc=1">View Product</a></div>
<div class="product"><a href="https://www.amazon.com/dp/B002FQK8IQ?tag=eloabder-20&linkCode=osi&th=1&psc=1"><img src="https://m.media-amazon.com/images/I/41WTSrhkJ4L._SL500_.jpg" alt="Product Image"></a><p>Safety 1st Easy Grip Brush and Comb, Colors May Vary</p><p> -23% 0FF </p><p>$4.59</p><a href="https://www.amazon.com/dp/B002FQK8IQ?tag=eloabder-20&linkCode=osi&th=1&psc=1">View Product</a></div><div class="product"><a href="https://www.amazon.com/dp/B07T16DQ31?tag=eloabder-20&linkCode=osi&th=1&psc=1"><img src="https://m.media-amazon.com/images/I/41Grt+V3Q7L._SL500_.jpg" alt="Product Image"></a><p>Frida Baby The 3-Step Cradle Cap System, DermaFrida The FlakeFixer, Sponge, Brush, Comb and Storage Stand for Babies with Cradle Cap, White-Blue</p><p> -15% 0FF </p><p>$14.44</p><a href="https://www.amazon.com/dp/B07T16DQ31?tag=eloabder-20&linkCode=osi&th=1&psc=1">View Product</a></div>
<div class="product"><a href="https://www.amazon.com/dp/B071K5T5Q2?tag=eloabder-20&linkCode=osi&th=1&psc=1"><img src="https://m.media-amazon.com/images/I/21rvQFmQBLL._SL500_.jpg" alt="Product Image"></a><p>The Honest Company Silicone-Free Conditioner | Gentle for Baby | Naturally Derived, Tear-free, Hypoallergenic | Fragrance Free Sensitive, 10 fl oz</p><p> -16% 0FF </p><p>$10.10 ($1.01 / Fl Oz)</p><a href="https://www.amazon.com/dp/B071K5T5Q2?tag=eloabder-20&linkCode=osi&th=1&psc=1">View Product</a></div><div class="product"><a href="https://www.amazon.com/dp/B07DGJ57P7?tag=eloabder-20&linkCode=osi&th=1&psc=1"><img src="https://m.media-amazon.com/images/I/31AEfjD6FyL._SL500_.jpg" alt="Product Image"></a><p>Johnson's Baby No More Tangles 2-in-1 Detangling Hair Shampoo & Conditioner for Kids & Toddlers, Gentle & Tear-Free, Hypoallergenic & Free of Parabens, Phthalates, Sulfates & Dyes, 20.3 fl. oz</p><p> -7% 0FF </p><p>$6.29 ($0.31 / Fl Oz)</p><a href="https://www.amazon.com/dp/B07DGJ57P7?tag=eloabder-20&linkCode=osi&th=1&psc=1">View Product</a></div><div class="product"><a href="https://www.amazon.com/dp/B07S89SL7D?tag=eloabder-20&linkCode=osi&th=1&psc=1"><img src="https://m.media-amazon.com/images/I/313C69-mF6L._SL500_.jpg" alt="Product Image"></a><p>Johnson's Baby Curl Defining Tear-Free Kids' Leave-in Conditioner with Shea Butter, Paraben-, Sulfate- & Dye-Free Formula, Hypoallergenic & Gentle for Toddlers' Hair, 6.8 fl. Oz</p><p> -28% 0FF </p><p>$6.11 ($0.90 / Fl Oz)</p><a href="https://www.amazon.com/dp/B07S89SL7D?tag=eloabder-20&linkCode=osi&th=1&psc=1">View Product</a></div><div class="product"><a href="https://www.amazon.com/dp/B07S7BPB2Q?tag=eloabder-20&linkCode=osi&th=1&psc=1"><img src="https://m.media-amazon.com/images/I/31DemfdZoNL._SL500_.jpg" alt="Product Image"></a><p>Johnson's Baby Shiny & Soft Tear-Free Kids' Hair Conditioning Spray with Argan Oil & Silk Proteins, Paraben, Sulfate & Dye-Free Formula, Hypoallergenic & Gentle for Toddlers, 10 Fl Oz</p><p> -33% 0FF </p><p>$5.66 ($0.57 / Fl Oz)</p><a href="https://www.amazon.com/dp/B07S7BPB2Q?tag=eloabder-20&linkCode=osi&th=1&psc=1">View Product</a></div><div class="product"><a href="https://www.amazon.com/dp/B0CJP91HN7?tag=eloabder-20&linkCode=osi&th=1&psc=1"><img src="https://m.media-amazon.com/images/I/41Z4G7wsFWL._SL500_.jpg" alt="Product Image"></a><p>ECOLATIÈR Kids Hair Balm Easy Detangling 3+ - Toddler Hair Conditioner, Tear-Free, 96.8% Natural, Vegan, Strengthens & Softens Kids' Hair, No Irritation - 8.5 Fl Oz</p><p> -14% 0FF </p><p>$9.49 ($1.12 / Ounce)</p><a href="https://www.amazon.com/dp/B0CJP91HN7?tag=eloabder-20&linkCode=osi&th=1&psc=1">View Product</a></div>
<div class="product"><a href="https://www.amazon.com/dp/B07Y3WQHZ6?tag=eloabder-20&linkCode=osi&th=1&psc=1"><img src="https://m.media-amazon.com/images/I/41Ai-kbx6LL._SL500_.jpg" alt="Product Image"></a><p>Delta Children Essex 4-in-1 Convertible Baby Crib, Bianca White with Natural Legs</p><p> -34% 0FF </p><p>$145.96</p><a href="https://www.amazon.com/dp/B07Y3WQHZ6?tag=eloabder-20&linkCode=osi&th=1&psc=1">View Product</a></div><div class="product"><a href="https://www.amazon.com/dp/B00LFP61PW?tag=eloabder-20&linkCode=osi&th=1&psc=1"><img src="https://m.media-amazon.com/images/I/41jj-ehw-vL._SL500_.jpg" alt="Product Image"></a><p>Graco Benton 5-in-1 Convertible Crib (White) – GREENGUARD Gold Certified, Converts from Baby Crib to Toddler Bed, Daybed and Full-Size Bed, Fits Standard Full-Size Crib Mattress</p><p> -20% 0FF </p><p>$159.99</p><a href="https://www.amazon.com/dp/B00LFP61PW?tag=eloabder-20&linkCode=osi&th=1&psc=1">View Product</a></div><div class="product"><a href="https://www.amazon.com/dp/B00EANJX5Q?tag=eloabder-20&linkCode=osi&th=1&psc=1"><img src="https://m.media-amazon.com/images/I/41+kxqP4icL._SL500_.jpg" alt="Product Image"></a><p>Dream On Me Synergy 5-In-1 Convertible Crib In White, Greenguard Gold Certified</p><p> -31% 0FF </p><p>$137.20</p><a href="https://www.amazon.com/dp/B00EANJX5Q?tag=eloabder-20&linkCode=osi&th=1&psc=1">View Product</a></div><div class="product"><a href="https://www.amazon.com/dp/B08D4N5RKW?tag=eloabder-20&linkCode=osi&th=1&psc=1"><img src="https://m.media-amazon.com/images/I/41sUNWg3sBL._SL500_.jpg" alt="Product Image"></a><p>Graco Hadley 5-in-1 Convertible Crib and Changer with Drawer (White) – GREENGUARD Gold Certified, Crib and Changing -Table Combo with Drawer, Includes Baby Changing Pad, Converts to Full-Size Bed</p><p> -18% 0FF </p><p>$359.99</p><a href="https://www.amazon.com/dp/B08D4N5RKW?tag=eloabder-20&linkCode=osi&th=1&psc=1">View Product</a></div><div class="product"><a href="https://www.amazon.com/dp/B08PMJBN33?tag=eloabder-20&linkCode=osi&th=1&psc=1"><img src="https://m.media-amazon.com/images/I/416ZYsREZOL._SL500_.jpg" alt="Product Image"></a><p>Oxford Baby North Bay 4-in-1 Convertible Baby Crib, Dove Gray, GreenGuard Gold Certified</p><p> -18% 0FF </p><p>$188.09</p><a href="https://www.amazon.com/dp/B08PMJBN33?tag=eloabder-20&linkCode=osi&th=1&psc=1">View Product</a></div><div class="product"><a href="https://www.amazon.com/dp/B078WTVBVW?tag=eloabder-20&linkCode=osi&th=1&psc=1"><img src="https://m.media-amazon.com/images/I/41NpHX4YnfL._SL500_.jpg" alt="Product Image"></a><p>Dream On Me Jayden 4-in-1 Mini Convertible Crib And Changer in Storm Grey, Greenguard Gold Certified, Non-Toxic Finish, New Zealand Pinewood, 1" Mattress Pad</p><p> -35% 0FF </p><p>$259.99</p><a href="https://www.amazon.com/dp/B078WTVBVW?tag=eloabder-20&linkCode=osi&th=1&psc=1">View Product</a></div>
<div class="product"><a href="https://www.amazon.com/dp/B01M4QMQ4B?tag=eloabder-20&linkCode=osi&th=1&psc=1"><img src="https://m.media-amazon.com/images/I/317ardc5Y-L._SL500_.jpg" alt="Product Image"></a><p>The Honest Company 2-in-1 Cleansing Shampoo + Body Wash | Gentle for Baby | Naturally Derived, Tear-free, Hypoallergenic | Lavender Calm, 10 fl oz</p><p> -8% 0FF </p><p>$10.99 ($1.10 / Fl Oz)</p><a href="https://www.amazon.com/dp/B01M4QMQ4B?tag=eloabder-20&linkCode=osi&th=1&psc=1">View Product</a></div><div class="product"><a href="https://www.amazon.com/dp/B09MVMNW5M?tag=eloabder-20&linkCode=osi&th=1&psc=1"><img src="https://m.media-amazon.com/images/I/41GDxpQsmOL._SL500_.jpg" alt="Product Image"></a><p>Cetaphil Baby Wash & Shampoo, 13.5oz Pack of 2, Hypoallergenic, Gentle Enough for Everyday Use, Soap Free</p><p> -10% 0FF </p><p>$16.99</p><a href="https://www.amazon.com/dp/B09MVMNW5M?tag=eloabder-20&linkCode=osi&th=1&psc=1">View Product</a></div><div class="product"><a href="https://www.amazon.com/dp/B0CZY44GD2?tag=eloabder-20&linkCode=osi&th=1&psc=1"><img src="https://m.media-amazon.com/images/I/31Gh3bZjFXL._SL500_.jpg" alt="Product Image"></a><p>Aveeno Baby Healthy Start Nourishing Newborn Wash, Hypoallergenic Baby Body Wash with Prebiotic Oat Gently Cleanses Delicate Newborn Skin, Fragrance-Free, Tear-Free, Paraben-Free, 8 fl. oz</p><p> -21% 0FF </p><p>$7.01 ($0.88 / Fl Oz)</p><a href="https://www.amazon.com/dp/B0CZY44GD2?tag=eloabder-20&linkCode=osi&th=1&psc=1">View Product</a></div>
<div class="product"><a href="https://www.amazon.com/dp/B07M6FL57T?tag=eloabder-20&linkCode=osi&th=1&psc=1"><img src="https://m.media-amazon.com/images/I/51iE4BjVpYL._SL500_.jpg" alt="Product Image"></a><p>Huggies Newborn Diapers, Little Snugglers Baby Diapers, Size Newborn (up to 10 lbs), 31 Count</p><p> -19% 0FF </p><p>$9.94 ($0.32 / Count)</p><a href="https://www.amazon.com/dp/B07M6FL57T?tag=eloabder-20&linkCode=osi&th=1&psc=1">View Product</a></div><div class="product"><a href="https://www.amazon.com/dp/B0CHGCDYJJ?tag=eloabder-20&linkCode=osi&th=1&psc=1"><img src="https://m.media-amazon.com/images/I/41csgXalIEL._SL500_.jpg" alt="Product Image"></a><p>Huggies Size Newborn Diapers, Skin Essentials Baby Diapers, Size Newborn (6-9 lbs), 31 Count</p><p> -19% 0FF </p><p>$9.94 ($0.32 / Count)</p><a href="https://www.amazon.com/dp/B0CHGCDYJJ?tag=eloabder-20&linkCode=osi&th=1&psc=1">View Product</a></div><div class="product"><a href="https://www.amazon.com/dp/B082QBHW74?tag=eloabder-20&linkCode=osi&th=1&psc=1"><img src="https://m.media-amazon.com/images/I/41z+Jw1td2L._SL500_.jpg" alt="Product Image"></a><p>Pampers Pure Protection Diapers Newborn - Size 0, 76 Count, Hypoallergenic Premium Disposable Baby Diapers</p><p> -19% 0FF </p><p>$22.79 ($0.30 / Count)</p><a href="https://www.amazon.com/dp/B082QBHW74?tag=eloabder-20&linkCode=osi&th=1&psc=1">View Product</a></div><div class="product"><a href="https://www.amazon.com/dp/B07M6FL9V2?tag=eloabder-20&linkCode=osi&th=1&psc=1"><img src="https://m.media-amazon.com/images/I/51JPrk+N-RL._SL500_.jpg" alt="Product Image"></a><p>Huggies Size 4 Diapers, Little Movers Baby Diapers, Size 4 (22-37 lbs), 22 Count (Packaging May Vary)</p><p> -19% 0FF </p><p>$9.94 ($0.45 / Count)</p><a href="https://www.amazon.com/dp/B07M6FL9V2?tag=eloabder-20&linkCode=osi&th=1&psc=1">View Product</a></div><div class="product"><a href="https://www.amazon.com/dp/B07T2QM32L?tag=eloabder-20&linkCode=osi&th=1&psc=1"><img src="https://m.media-amazon.com/images/I/41w5IxTMsnL._SL500_.jpg" alt="Product Image"></a><p>Amazon Brand - Mama Bear Gentle Touch Diapers, Hypoallergenic, Size 6, 27 Count, White</p><p> -10% 0FF </p><p>$11.32</p><a href="https://www.amazon.com/dp/B07T2QM32L?tag=eloabder-20&linkCode=osi&th=1&psc=1">View Product</a></div>
<div class="product"><a href="https://www.amazon.com/dp/B001OC5UMQ?tag=eloabder-20&linkCode=osi&th=1&psc=1"><img src="https://m.media-amazon.com/images/I/413nT5TZ9sL._SL500_.jpg" alt="Product Image"></a><p>Regalo Easy Step 38.5-Inch Wide Walk Thru Baby Gate, Includes 6-Inch Extension Kit, Pressure Mount Kit, Wall Cups</p><p> -22% 0FF </p><p>$34.99</p><a href="https://www.amazon.com/dp/B001OC5UMQ?tag=eloabder-20&linkCode=osi&th=1&psc=1">View Product</a></div><div class="product"><a href="https://www.amazon.com/dp/B075XQ2XYV?tag=eloabder-20&linkCode=osi&th=1&psc=1"><img src="https://m.media-amazon.com/images/I/51+9Fa+FH3L._SL500_.jpg" alt="Product Image"></a><p>Evenflo Position & Lock Baby Gate, Pressure-Mounted, Farmhouse Collection</p><p> -9% 0FF </p><p>$19.98</p><a href="https://www.amazon.com/dp/B075XQ2XYV?tag=eloabder-20&linkCode=osi&th=1&psc=1">View Product</a></div><div class="product"><a href="https://www.amazon.com/dp/B01BTUNHSQ?tag=eloabder-20&linkCode=osi&th=1&psc=1"><img src="https://m.media-amazon.com/images/I/31nuC-O3n9L._SL500_.jpg" alt="Product Image"></a><p>Safety 1st Easy Install 28" High Walk Thru Gate, Fits Between 29" and 38"</p><p> -10% 0FF </p><p>$44.99</p><a href="https://www.amazon.com/dp/B01BTUNHSQ?tag=eloabder-20&linkCode=osi&th=1&psc=1">View Product</a></div><div class="product"><a href="https://www.amazon.com/dp/B07WFZSW72?tag=eloabder-20&linkCode=osi&th=1&psc=1"><img src="https://m.media-amazon.com/images/I/41nc627IqxL._SL500_.jpg" alt="Product Image"></a><p>Cumbor 29.7-46" Baby Gate for Stairs, Mom's Choice Awards Winner-Auto Close Dog Gate for the House, Easy Install Pressure Mounted Pet Gates for Doorways, Easy Walk Thru Wide Safety Gate for Dog, Black</p><p> -10% 0FF </p><p>$89.99</p><a href="https://www.amazon.com/dp/B07WFZSW72?tag=eloabder-20&linkCode=osi&th=1&psc=1">View Product</a></div><div class="product"><a href="https://www.amazon.com/dp/B09F36M2T5?tag=eloabder-20&linkCode=osi&th=1&psc=1"><img src="https://m.media-amazon.com/images/I/416tulkEC2L._SL500_.jpg" alt="Product Image"></a><p>COMOMY 36" Extra Tall Baby Gate for Stairs Doorways, Fits Openings 29.5" to 48.8" Wide, Auto Close Extra Wide Dog Gate for House, Pressure Mounted Easy Walk Through Pet Gate with Door, Black</p><p> -13% 0FF </p><p>$69.99</p><a href="https://www.amazon.com/dp/B09F36M2T5?tag=eloabder-20&linkCode=osi&th=1&psc=1">View Product</a></div><div class="product"><a href="https://www.amazon.com/dp/B01EMK5JQI?tag=eloabder-20&linkCode=osi&th=1&psc=1"><img src="https://m.media-amazon.com/images/I/417uxACGTTL._SL500_.jpg" alt="Product Image"></a><p>Regalo Easy Step 49-Inch Extra Wide Baby Gate, Includes 4-Inch and 12-Inch Extension Kit, 4 Pack of Pressure Mount Kit and 4 Pack of Wall Mount Kit, Black</p><p> -20% 0FF </p><p>$39.99</p><a href="https://www.amazon.com/dp/B01EMK5JQI?tag=eloabder-20&linkCode=osi&th=1&psc=1">View Product</a></div><div class="product"><a href="https://www.amazon.com/dp/B07JGDGG23?tag=eloabder-20&linkCode=osi&th=1&psc=1"><img src="https://m.media-amazon.com/images/I/51eFFFBIYUL._SL500_.jpg" alt="Product Image"></a><p>Toddleroo by North States Superyard 6 Panel Baby Play Yard. Playpen or Extra Wide Baby Gate, Wall Mount Kit Included. Made in USA. 38.5" - 201" wide, 5.5 ft corner to corner play yard (26" tall, Gray)</p><p> -29% 0FF </p><p>$61.46</p><a href="https://www.amazon.com/dp/B07JGDGG23?tag=eloabder-20&linkCode=osi&th=1&psc=1">View Product</a></div>
<div class="product"><a href="https://www.amazon.com/dp/B0D8J8RGMN?tag=eloabder-20&linkCode=osi&th=1&psc=1"><img src="https://m.media-amazon.com/images/I/51IQYrOgXVL._SL500_.jpg" alt="Product Image"></a><p>3 Pack Baby Beanie Hats with Earflaps, 2 Size Baby Winter Hat for Newborn Infant Toddler Kids Children with Cute Smiley Face, Soft Warm Fleece Lined Knit Hat for Girls Boys-01</p><p> -47% 0FF </p><p>$15.99</p><a href="https://www.amazon.com/dp/B0D8J8RGMN?tag=eloabder-20&linkCode=osi&th=1&psc=1">View Product</a></div><div class="product"><a href="https://www.amazon.com/dp/B08V4HJF5T?tag=eloabder-20&linkCode=osi&th=1&psc=1"><img src="https://m.media-amazon.com/images/I/41JnGlILpnL._SL500_.jpg" alt="Product Image"></a><p>6 Pieces Newborn Baby Hat Bear Ears Infant Caps Baby Boy Girl Toddler Hats Infant Beanie Caps for 0-3 Months (Black White, Black, Navy Blue, Black Gray, Gray, White,Classic)</p><p> -8% 0FF </p><p>$11.99</p><a href="https://www.amazon.com/dp/B08V4HJF5T?tag=eloabder-20&linkCode=osi&th=1&psc=1">View Product</a></div><div class="product"><a href="https://www.amazon.com/dp/B091D4KRJS?tag=eloabder-20&linkCode=osi&th=1&psc=1"><img src="https://m.media-amazon.com/images/I/41IspZQwuhL._SL500_.jpg" alt="Product Image"></a><p>Baby Boy Sun Hat Bucket Hats for Toddler 6-12,12-24 months</p><p> -20% 0FF </p><p>$14.39</p><a href="https://www.amazon.com/dp/B091D4KRJS?tag=eloabder-20&linkCode=osi&th=1&psc=1">View Product</a></div>
<div class="product"><a href="https://www.amazon.com/dp/B07BVN1YMN?tag=eloabder-20&linkCode=osi&th=1&psc=1"><img src="https://m.media-amazon.com/images/I/41+i0x5p4TL._SL500_.jpg" alt="Product Image"></a><p>Baby Trend Tot Spot 3-in-1 High Chair, Bluebell</p><p> -40% 0FF </p><p>$59.99</p><a href="https://www.amazon.com/dp/B07BVN1YMN?tag=eloabder-20&linkCode=osi&th=1&psc=1">View Product</a></div><div class="product"><a href="https://www.amazon.com/dp/B01JRY07BQ?tag=eloabder-20&linkCode=osi&th=1&psc=1"><img src="https://m.media-amazon.com/images/I/41zyGMxJY0L._SL500_.jpg" alt="Product Image"></a><p>Cosco Simple Fold High Chair, Comet</p><p> -23% 0FF </p><p>$49.99</p><a href="https://www.amazon.com/dp/B01JRY07BQ?tag=eloabder-20&linkCode=osi&th=1&psc=1">View Product</a></div><div class="product"><a href="https://www.amazon.com/dp/B017VNNWXA?tag=eloabder-20&linkCode=osi&th=1&psc=1"><img src="https://m.media-amazon.com/images/I/41VGIO1sPhL._SL500_.jpg" alt="Product Image"></a><p>Cosco Simple Fold Deluxe High Chair with 3-Position Tray, Monster Syd</p><p> -17% 0FF </p><p>$49.99</p><a href="https://www.amazon.com/dp/B017VNNWXA?tag=eloabder-20&linkCode=osi&th=1&psc=1">View Product</a></div><div class="product"><a href="https://www.amazon.com/dp/B089PKYWJ8?tag=eloabder-20&linkCode=osi&th=1&psc=1"><img src="https://m.media-amazon.com/images/I/31MgSLR6W8L._SL500_.jpg" alt="Product Image"></a><p>Dream On Me Portable 2-in-1 Tabletalk High Chair, Convertible Compact High Chair, Light Weight Portable Highchair, Aqua</p><p> -45% 0FF </p><p>$55.13</p><a href="https://www.amazon.com/dp/B089PKYWJ8?tag=eloabder-20&linkCode=osi&th=1&psc=1">View Product</a></div><div class="product"><a href="https://www.amazon.com/dp/B0CPXDDPDY?tag=eloabder-20&linkCode=osi&th=1&psc=1"><img src="https://m.media-amazon.com/images/I/41qNrW3wklL._SL500_.jpg" alt="Product Image"></a><p>Fodoss 3-in-1 Wooden High Chair for Babies and Toddlers,Convertible Easy Clean Infant Highchair,Silla Modern Design para Comer De Bebe</p><p> -10% 0FF </p><p>$80.98</p><a href="https://www.amazon.com/dp/B0CPXDDPDY?tag=eloabder-20&linkCode=osi&th=1&psc=1">View Product</a></div>
<div class="product"><a href="https://www.amazon.com/dp/B0BG7B1GHP?tag=eloabder-20&linkCode=osi&th=1&psc=1"><img src="https://m.media-amazon.com/images/I/51MRfMlZsSL._SL500_.jpg" alt="Product Image"></a><p>Yoofoss Hooded Baby Towels for Newborn 2 Pack 100% Muslin Cotton Baby Bath Towel with Hood for Babies, Infant, Toddler and Kids, Large 32x32Inch, Soft and Absorbent Newborn Essential</p><p> -20% 0FF </p><p>$15.99</p><a href="https://www.amazon.com/dp/B0BG7B1GHP?tag=eloabder-20&linkCode=osi&th=1&psc=1">View Product</a></div><div class="product"><a href="https://www.amazon.com/dp/B0C6RKZLXW?tag=eloabder-20&linkCode=osi&th=1&psc=1"><img src="https://m.media-amazon.com/images/I/51HX88nmMOL._SL500_.jpg" alt="Product Image"></a><p>Gerber Baby 4 Piece Animal Character Hooded Towel and Washcloth Set, Brown Lion, One Size</p><p> -49% 0FF </p><p>$9.24</p><a href="https://www.amazon.com/dp/B0C6RKZLXW?tag=eloabder-20&linkCode=osi&th=1&psc=1">View Product</a></div><div class="product"><a href="https://www.amazon.com/dp/B0CKXKR1RV?tag=eloabder-20&linkCode=osi&th=1&psc=1"><img src="https://m.media-amazon.com/images/I/41PjOK7YCBL._SL500_.jpg" alt="Product Image"></a><p>Momcozy Baby Hooded Towel, 2 Pack Baby Towel Set, Super Soft Bath Towel with Original Design, Shower Gifts for Infant, Toddler (28 X 28 Inch, Lemon Leaves)</p><p> -19% 0FF </p><p>$21.99</p><a href="https://www.amazon.com/dp/B0CKXKR1RV?tag=eloabder-20&linkCode=osi&th=1&psc=1">View Product</a></div><div class="product"><a href="https://www.amazon.com/dp/B00X21O4L0?tag=eloabder-20&linkCode=osi&th=1&psc=1"><img src="https://m.media-amazon.com/images/I/51fEvVAVyfL._SL500_.jpg" alt="Product Image"></a><p>Luvable Friends Unisex Baby Hooded Towel with Five Washcloths, Boy Fox, One Size</p><p> -17% 0FF </p><p>$9.99</p><a href="https://www.amazon.com/dp/B00X21O4L0?tag=eloabder-20&linkCode=osi&th=1&psc=1">View Product</a></div>
<div class="product"><a href="https://www.amazon.com/dp/B07DGKXBD7?tag=eloabder-20&linkCode=osi&th=1&psc=1"><img src="https://m.media-amazon.com/images/I/31FyDL3570L._SL500_.jpg" alt="Product Image"></a><p>Johnson's Moisturizing Mild Pink Baby Lotion with Coconut Oil for Delicate Baby Skin, Paraben-, Phthalate- & Dye-Free, Hypoallergenic & Dermatologist-Tested, Baby Skin Care, 27.1 Fl. Oz</p><p> -33% 0FF </p><p>$7.19 ($0.27 / Fl Oz)</p><a href="https://www.amazon.com/dp/B07DGKXBD7?tag=eloabder-20&linkCode=osi&th=1&psc=1">View Product</a></div><div class="product"><a href="https://www.amazon.com/dp/B00JF3RYPM?tag=eloabder-20&linkCode=osi&th=1&psc=1"><img src="https://m.media-amazon.com/images/I/31n9VJQSijL._SL500_.jpg" alt="Product Image"></a><p>CeraVe Baby Lotion | Gentle Baby Skin Care with Ceramides, Niacinamide & Vitamin E | Fragrance, Paraben, Dye & Phthalates Free | Lightweight Baby Moisturizer | 8 Ounce | Packaging May Vary</p><p> -10% 0FF </p><p>$8.97 ($1.12 / Fl Oz)</p><a href="https://www.amazon.com/dp/B00JF3RYPM?tag=eloabder-20&linkCode=osi&th=1&psc=1">View Product</a></div><div class="product"><a href="https://www.amazon.com/dp/B094RH4GHC?tag=eloabder-20&linkCode=osi&th=1&psc=1"><img src="https://m.media-amazon.com/images/I/31xi7tuBJAL._SL500_.jpg" alt="Product Image"></a><p>Johnson's Baby Moisturizing Mild Pink Baby Lotion with Coconut Oil for Delicate Baby Skin, Paraben-, Phthalate- & Dye-Free, Hypoallergenic & Dermatologist-Tested, Baby Skin Care, 13.6 Fl. Oz</p><p> -34% 0FF </p><p>$4.49 ($0.33 / Fl Oz)</p><a href="https://www.amazon.com/dp/B094RH4GHC?tag=eloabder-20&linkCode=osi&th=1&psc=1">View Product</a></div><div class="product"><a href="https://www.amazon.com/dp/B0030UF6EW?tag=eloabder-20&linkCode=osi&th=1&psc=1"><img src="https://m.media-amazon.com/images/I/31RKFp5lxLL._SL500_.jpg" alt="Product Image"></a><p>Aveeno Baby Daily Moisture Body Lotion for Sensitive Skin, Hypoallergenic Moisturizing Baby Lotion with Nourishing Oatmeal to Deeply Moisturize Baby's Skin, Fragrance-Free, 18 fl. oz</p><p> -32% 0FF </p><p>$11.06</p><a href="https://www.amazon.com/dp/B0030UF6EW?tag=eloabder-20&linkCode=osi&th=1&psc=1">View Product</a></div><div class="product"><a href="https://www.amazon.com/dp/B00U2VQW72?tag=eloabder-20&linkCode=osi&th=1&psc=1"><img src="https://m.media-amazon.com/images/I/31nMuDcXtPL._SL500_.jpg" alt="Product Image"></a><p>Aveeno Baby Calming Comfort Moisturizing Body Lotion with Relaxing Lavender & Vanilla Scents, Non-Greasy Baby Lotion, Nourishing Prebiotic Oatmeal, Paraben- & Phthalate-Free, 18 fl. oz</p><p> -29% 0FF </p><p>$11.69 ($0.65 / Fl Oz)</p><a href="https://www.amazon.com/dp/B00U2VQW72?tag=eloabder-20&linkCode=osi&th=1&psc=1">View Product</a></div><div class="product"><a href="https://www.amazon.com/dp/B07DGL23H4?tag=eloabder-20&linkCode=osi&th=1&psc=1"><img src="https://m.media-amazon.com/images/I/31YO49z1TsL._SL500_.jpg" alt="Product Image"></a><p>Johnson's Moisturizing Bedtime Baby Lotion with Coconut Oil & NaturalCalm Aromas to Help Relax Baby, Hypoallergenic & Free of Parabens, Phthalates & Dyes, Mild Baby Skin Care, 27.1 fl. oz</p><p> -36% 0FF </p><p>$9.50 ($0.35 / Fl Oz)</p><a href="https://www.amazon.com/dp/B07DGL23H4?tag=eloabder-20&linkCode=osi&th=1&psc=1">View Product</a></div><div class="product"><a href="https://www.amazon.com/dp/B01A59VMSO?tag=eloabder-20&linkCode=osi&th=1&psc=1"><img src="https://m.media-amazon.com/images/I/31P-2Bf0eYL._SL500_.jpg" alt="Product Image"></a><p>Eucerin Baby Body Lotion, Hypoallergenic and Fragrance Free Baby Lotion, Baby Moisturizer with Pro-Vitamin B5 and Shea Butter, 13.5 Fl Oz Bottle</p><p> -17% 0FF </p><p>$9.78 ($0.72 / Fl Oz)</p><a href="https://www.amazon.com/dp/B01A59VMSO?tag=eloabder-20&linkCode=osi&th=1&psc=1">View Product</a></div><div class="product"><a href="https://www.amazon.com/dp/B07DGKXBDD?tag=eloabder-20&linkCode=osi&th=1&psc=1"><img src="https://m.media-amazon.com/images/I/31IvagYz0ML._SL500_.jpg" alt="Product Image"></a><p>Johnson's Baby CottonTouch Newborn Baby Face and Body Lotion, Hypoallergenic and Paraben-Free Moisturization for Baby's Sensitive Skin, Made with Real Cotton, 27.1 fl. oz</p><p> -37% 0FF </p><p>$9.35 ($0.35 / Fl Oz)</p><a href="https://www.amazon.com/dp/B07DGKXBDD?tag=eloabder-20&linkCode=osi&th=1&psc=1">View Product</a></div>
<div class="product"><a href="https://www.amazon.com/dp/B08HSNXSM6?tag=eloabder-20&linkCode=osi&th=1&psc=1"><img src="https://m.media-amazon.com/images/I/4193Km1SQcL._SL500_.jpg" alt="Product Image"></a><p>The Peanutshell Crib Mobile for Boys or Girls - White Musical Baby Crib Mobile with 12 Lullabies, Jungle Animal, Baby Mobile Crib Safari Animals Nursery Decor</p><p> -11% 0FF </p><p>$39.99</p><a href="https://www.amazon.com/dp/B08HSNXSM6?tag=eloabder-20&linkCode=osi&th=1&psc=1">View Product</a></div><div class="product"><a href="https://www.amazon.com/dp/B088TCNZ52?tag=eloabder-20&linkCode=osi&th=1&psc=1"><img src="https://m.media-amazon.com/images/I/41Nuh1UJwkL._SL500_.jpg" alt="Product Image"></a><p>EVERLOVE Montessori Mobile Baby for Crib (TINITIGIES) - Black and White Mobile Give Visual Stimulation to Engage Your Newborn - Baby Crib Mobile for Boys & Girls - Baby Mobile for Crib</p><p> -12% 0FF </p><p>$37.99</p><a href="https://www.amazon.com/dp/B088TCNZ52?tag=eloabder-20&linkCode=osi&th=1&psc=1">View Product</a></div><div class="product"><a href="https://www.amazon.com/dp/B07DM86Z43?tag=eloabder-20&linkCode=osi&th=1&psc=1"><img src="https://m.media-amazon.com/images/I/41wBVQgCTUL._SL500_.jpg" alt="Product Image"></a><p>Baby Einstein Sea Dreams Soother Musical Crib Toy and Sound Machine, Newborn and up</p><p> -15% 0FF </p><p>$33.90</p><a href="https://www.amazon.com/dp/B07DM86Z43?tag=eloabder-20&linkCode=osi&th=1&psc=1">View Product</a></div><div class="product"><a href="https://www.amazon.com/dp/B0B38G1MBD?tag=eloabder-20&linkCode=osi&th=1&psc=1"><img src="https://m.media-amazon.com/images/I/51ES4bHBHqL._SL500_.jpg" alt="Product Image"></a><p>Eners Baby Crib Mobile with Music and Lights, Mobile for Crib with Remote Control, Rotation, Moon and Star Projection, Baby Crib Toys for Boys Girls (Blue)</p><p> -6% 0FF </p><p>$33.99</p><a href="https://www.amazon.com/dp/B0B38G1MBD?tag=eloabder-20&linkCode=osi&th=1&psc=1">View Product</a></div>
<div class="product"><a href="https://www.amazon.com/dp/B09GM8JZM9?tag=eloabder-20&linkCode=osi&th=1&psc=1"><img src="https://m.media-amazon.com/images/I/41XmH3g0-aL._SL500_.jpg" alt="Product Image"></a><p>HelloBaby Upgrade Baby Monitor, 5'' Screen with 30-Hour Battery, Pan-Tilt-Zoom Video Baby Monitor with Camera and Audio, Night Vision, VOX, 2-Way Talk, 8 Lullabies and 1000ft Range No WiFi</p><p> -20% 0FF </p><p>$79.99</p><a href="https://www.amazon.com/dp/B09GM8JZM9?tag=eloabder-20&linkCode=osi&th=1&psc=1">View Product</a></div><div class="product"><a href="https://www.amazon.com/dp/B00JEV5UI8?tag=eloabder-20&linkCode=osi&th=1&psc=1"><img src="https://m.media-amazon.com/images/I/41va56lWJ6L._SL500_.jpg" alt="Product Image"></a><p>VTech Upgraded Audio Baby Monitor with Rechargeable Battery, Long Range, and Crystal-Clear Sound</p><p> -9% 0FF </p><p>$19.99</p><a href="https://www.amazon.com/dp/B00JEV5UI8?tag=eloabder-20&linkCode=osi&th=1&psc=1">View Product</a></div><div class="product"><a href="https://www.amazon.com/dp/B0BZ8BN87L?tag=eloabder-20&linkCode=osi&th=1&psc=1"><img src="https://m.media-amazon.com/images/I/41Bi8mMjlBL._SL500_.jpg" alt="Product Image"></a><p>OKAIDI Video Baby Monitor with Camera and Audio, 5" Display Baby Monitor No WiFi, 30H Battery and 1000ft Range Baby Monitor, Remote Pan-Tilt-Zoom Baby Camera, Night Vision, 2-Way Talk, VOX,Temperature</p><p> -25% 0FF </p><p>$44.99</p><a href="https://www.amazon.com/dp/B0BZ8BN87L?tag=eloabder-20&linkCode=osi&th=1&psc=1">View Product</a></div><div class="product"><a href="https://www.amazon.com/dp/B0B316NPZ6?tag=eloabder-20&linkCode=osi&th=1&psc=1"><img src="https://m.media-amazon.com/images/I/41IWDeVuDfL._SL500_.jpg" alt="Product Image"></a><p>HelloBaby Monitor with Camera and Audio, 1000ft Long Range Video Baby Monitor-No WiFi, Night Vision, VOX Mode-Power Saving, 2.4'' Portable Travel Screen, Baby Safety Camera, for Baby/Pet, Plug & Play</p><p> -10% 0FF </p><p>$29.98</p><a href="https://www.amazon.com/dp/B0B316NPZ6?tag=eloabder-20&linkCode=osi&th=1&psc=1">View Product</a></div><div class="product"><a href="https://www.amazon.com/dp/B0CYCDTZ6G?tag=eloabder-20&linkCode=osi&th=1&psc=1"><img src="https://m.media-amazon.com/images/I/41PTcAHdqoL._SL500_.jpg" alt="Product Image"></a><p>HelloBaby Baby Monitor with Camera and Audio, 6'' World First IPS Screen Baby Camera Monitor No WiFi, 30-Hrs Battery, ECO, VOX, 2-Way Talk, Night Vision, 1000ft, Video Baby Monitor Portable</p><p> -25% 0FF </p><p>$89.99</p><a href="https://www.amazon.com/dp/B0CYCDTZ6G?tag=eloabder-20&linkCode=osi&th=1&psc=1">View Product</a></div><div class="product"><a href="https://www.amazon.com/dp/B007NG5UF4?tag=eloabder-20&linkCode=osi&th=1&psc=1"><img src="https://m.media-amazon.com/images/I/41SdqvzVNuL._SL500_.jpg" alt="Product Image"></a><p>VTech DM221 Audio Baby Monitor with up to 1,000 ft of Range, Vibrating Sound-Alert, Talk Back Intercom & Night Light Loop, White/Silver</p><p> -13% 0FF </p><p>$33.95</p><a href="https://www.amazon.com/dp/B007NG5UF4?tag=eloabder-20&linkCode=osi&th=1&psc=1">View Product</a></div><div class="product"><a href="https://www.amazon.com/dp/B0CZDYF95R?tag=eloabder-20&linkCode=osi&th=1&psc=1"><img src="https://m.media-amazon.com/images/I/41hYOyPQ9dL._SL500_.jpg" alt="Product Image"></a><p>VTimes Baby Monitor with Camera and Audio, Video Baby Monitor No WiFi Night Vision, 2.4" LCD Screen Portable Baby Camera VOX Mode Pan-Tilt-Zoom Alarm and 1000ft Range, Ideal for Baby/Elderly/Pet</p><p> -40% 0FF </p><p>$29.99</p><a href="https://www.amazon.com/dp/B0CZDYF95R?tag=eloabder-20&linkCode=osi&th=1&psc=1">View Product</a></div>
<div class="product"><a href="https://www.amazon.com/dp/B0119493OY?tag=eloabder-20&linkCode=osi&th=1&psc=1"><img src="https://m.media-amazon.com/images/I/31o0TllpwAL._SL500_.jpg" alt="Product Image"></a><p>Safety 1st Fold-Up Nail Clippers - 2pk</p><p> -25% 0FF </p><p>$2.99</p><a href="https://www.amazon.com/dp/B0119493OY?tag=eloabder-20&linkCode=osi&th=1&psc=1">View Product</a></div><div class="product"><a href="https://www.amazon.com/dp/B01644OCVS?tag=eloabder-20&linkCode=osi&th=1&psc=1"><img src="https://m.media-amazon.com/images/I/41oX5dLMB1L._SL500_.jpg" alt="Product Image"></a><p>Frida Baby NailFrida The SnipperClipper Set, Baby Nail Clippers & Nail Filer, Baby Essential Nail Kit for Newborns and Up</p><p> -36% 0FF </p><p>$8.31</p><a href="https://www.amazon.com/dp/B01644OCVS?tag=eloabder-20&linkCode=osi&th=1&psc=1">View Product</a></div><div class="product"><a href="https://www.amazon.com/dp/B084JZ27SM?tag=eloabder-20&linkCode=osi&th=1&psc=1"><img src="https://m.media-amazon.com/images/I/31JsNl8WpML._SL500_.jpg" alt="Product Image"></a><p>Safety 1st Light Zoom Nail Clippers, One Size</p><p> -27% 0FF </p><p>$7.29</p><a href="https://www.amazon.com/dp/B084JZ27SM?tag=eloabder-20&linkCode=osi&th=1&psc=1">View Product</a></div><div class="product"><a href="https://www.amazon.com/dp/B0D9BCJWC7?tag=eloabder-20&linkCode=osi&th=1&psc=1"><img src="https://m.media-amazon.com/images/I/41vknqnodfL._SL500_.jpg" alt="Product Image"></a><p>Yeeeasy Baby Nail Clippers Kit Baby Grooming Set with Nail Clippers, Scissors, Nail File & Tweezers Baby Care Kit Fingernail Cutter for Baby,Newborn,Infant,Toddler,Kid(Purple)</p><p> -55% 0FF </p><p>$4.49</p><a href="https://www.amazon.com/dp/B0D9BCJWC7?tag=eloabder-20&linkCode=osi&th=1&psc=1">View Product</a></div>
<div class="product"><a href="https://www.amazon.com/dp/B08CMWHD3B?tag=eloabder-20&linkCode=osi&th=1&psc=1"><img src="https://m.media-amazon.com/images/I/41+F2Dv0iiL._SL500_.jpg" alt="Product Image"></a><p>GROWNSY Nasal Aspirator for Baby, Baby Nose Sucker Pro with 3 Soft Silicone Tips, Adjustable Suction, Electric Nose Suction for Baby, Built-in Music & Light Soothing</p><p> -20% 0FF </p><p>$39.99 ($39.99 / Count)</p><a href="https://www.amazon.com/dp/B08CMWHD3B?tag=eloabder-20&linkCode=osi&th=1&psc=1">View Product</a></div><div class="product"><a href="https://www.amazon.com/dp/B00RP0GHBO?tag=eloabder-20&linkCode=osi&th=1&psc=1"><img src="https://m.media-amazon.com/images/I/41pIJoWu-UL._SL500_.jpg" alt="Product Image"></a><p>Frida Baby NoseFrida SnotSucker Nasal Aspirator for Baby, Baby Nose Sucker with 24 Extra Hygiene Filters, Baby Congestion Relief, FSA/HSA Eligible</p><p> -25% 0FF </p><p>$14.99</p><a href="https://www.amazon.com/dp/B00RP0GHBO?tag=eloabder-20&linkCode=osi&th=1&psc=1">View Product</a></div><div class="product"><a href="https://www.amazon.com/dp/B0C3CHQHJP?tag=eloabder-20&linkCode=osi&th=1&psc=1"><img src="https://m.media-amazon.com/images/I/51IO9JHchbL._SL500_.jpg" alt="Product Image"></a><p>X-Bosak Baby Nasal Aspirator, Electric Nose Sucker with 5 Levels Suction, Soothing Light & Nursery Rhymes</p><p> -18% 0FF </p><p>$30.99</p><a href="https://www.amazon.com/dp/B0C3CHQHJP?tag=eloabder-20&linkCode=osi&th=1&psc=1">View Product</a></div><div class="product"><a href="https://www.amazon.com/dp/B094Z43BQF?tag=eloabder-20&linkCode=osi&th=1&psc=1"><img src="https://m.media-amazon.com/images/I/41elOKysySL._SL500_.jpg" alt="Product Image"></a><p>Frida Baby Electric NoseFrida Nasal Aspirator for Baby, Nose Sucker for Baby & Toddler, Nasal Aspirator for Congestion Relief with 3 Suction Levels, 2 Silicone Tips, USB Rechargeable</p><p> -13% 0FF </p><p>$34.99</p><a href="https://www.amazon.com/dp/B094Z43BQF?tag=eloabder-20&linkCode=osi&th=1&psc=1">View Product</a></div><div class="product"><a href="https://www.amazon.com/dp/B01N093BYV?tag=eloabder-20&linkCode=osi&th=1&psc=1"><img src="https://m.media-amazon.com/images/I/316hpVBAmNL._SL500_.jpg" alt="Product Image"></a><p>Frida Baby Nasal Aspirator for Baby, NoseFrida Baby Nose Sucker with 10 Extra Filters + All-Natural Saline Nasal Spray for Babies, Nasal Spray Decongestant, 0.68 fl oz</p><p> -15% 0FF </p><p>$16.97</p><a href="https://www.amazon.com/dp/B01N093BYV?tag=eloabder-20&linkCode=osi&th=1&psc=1">View Product</a></div><div class="product"><a href="https://www.amazon.com/dp/B0BSVG8S59?tag=eloabder-20&linkCode=osi&th=1&psc=1"><img src="https://m.media-amazon.com/images/I/31Rju6jEphL._SL500_.jpg" alt="Product Image"></a><p>Dr. Talbot's Nasal Aspirator for Babies - Silicone - Includes Storage Case - Clear</p><p> -20% 0FF </p><p>$6.39</p><a href="https://www.amazon.com/dp/B0BSVG8S59?tag=eloabder-20&linkCode=osi&th=1&psc=1">View Product</a></div>
<div class="product"><a href="https://www.amazon.com/dp/B00WEBVM5U?tag=eloabder-20&linkCode=osi&th=1&psc=1"><img src="https://m.media-amazon.com/images/I/31oMSFi3dGL._SL500_.jpg" alt="Product Image"></a><p>Johnson's Baby Oil, Mineral Oil Enriched with Shea & Cocoa Butter to Prevent Moisture Loss, Hypoallergenic, 20 fl. oz</p><p> -35% 0FF </p><p>$5.90 ($0.30 / Fl Oz)</p><a href="https://www.amazon.com/dp/B00WEBVM5U?tag=eloabder-20&linkCode=osi&th=1&psc=1">View Product</a></div><div class="product"><a href="https://www.amazon.com/dp/B00J51Q1IA?tag=eloabder-20&linkCode=osi&th=1&psc=1"><img src="https://m.media-amazon.com/images/I/31WSLNGqaEL._SL500_.jpg" alt="Product Image"></a><p>Johnson & Johnson SLC (Cosmetics) Baby Oil, 20 Fl Oz</p><p> -33% 0FF </p><p>$6.02 ($0.30 / Fl Oz)</p><a href="https://www.amazon.com/dp/B00J51Q1IA?tag=eloabder-20&linkCode=osi&th=1&psc=1">View Product</a></div><div class="product"><a href="https://www.amazon.com/dp/B00LPC15FQ?tag=eloabder-20&linkCode=osi&th=1&psc=1"><img src="https://m.media-amazon.com/images/I/315PcqnZ4qL._SL500_.jpg" alt="Product Image"></a><p>Johnson's Baby Johnson & Johnson Baby Oil, Aloe Vera & Vitamin E, Multicolor, 14 Fl Oz</p><p> -23% 0FF </p><p>$5.49 ($0.39 / Fl Oz)</p><a href="https://www.amazon.com/dp/B00LPC15FQ?tag=eloabder-20&linkCode=osi&th=1&psc=1">View Product</a></div><div class="product"><a href="https://www.amazon.com/dp/B001UAA2UC?tag=eloabder-20&linkCode=osi&th=1&psc=1"><img src="https://m.media-amazon.com/images/I/31-74Q7XbxL._SL500_.jpg" alt="Product Image"></a><p>Johnson's Baby Oil Gel, Moisturizing Baby Massage Mineral Oil Enriched with Shea & Cocoa Butter, Dry Skin Relief for Babies, Kids & Adults, Nourishing & Gentle on Delicate Skin, 6.5 fl. oz</p><p> -16% 0FF </p><p>$5.98 ($0.92 / Fl Oz)</p><a href="https://www.amazon.com/dp/B001UAA2UC?tag=eloabder-20&linkCode=osi&th=1&psc=1">View Product</a></div>
<div class="product"><a href="https://www.amazon.com/dp/B0D88Y4955?tag=eloabder-20&linkCode=osi&th=1&psc=1"><img src="https://m.media-amazon.com/images/I/41Au0yzblbL._SL500_.jpg" alt="Product Image"></a><p>Burt's Bees Baby Baby Boys Pajamas, Sleep and Play Loose Fit, 100% Organic Cotton, Soft One-piece PJs, Diagonal Zip Up Jumpsuit Newborn Essentials with Interior Zipper Guard in sizes NB to 6-9 Months</p><p> -49% 0FF </p><p>$7.60</p><a href="https://www.amazon.com/dp/B0D88Y4955?tag=eloabder-20&linkCode=osi&th=1&psc=1">View Product</a></div><div class="product"><a href="https://www.amazon.com/dp/B08GHLBW8P?tag=eloabder-20&linkCode=osi&th=1&psc=1"><img src="https://m.media-amazon.com/images/I/512q+TZZ2UL._SL500_.jpg" alt="Product Image"></a><p>Gerber Baby Boys' 4-Pack Footed Pajamas, Dinosaurs Space Grey, 18 Months</p><p> -9% 0FF </p><p>$29.98</p><a href="https://www.amazon.com/dp/B08GHLBW8P?tag=eloabder-20&linkCode=osi&th=1&psc=1">View Product</a></div>
<div class="product"><a href="https://www.amazon.com/dp/B09XHGG4B8?tag=eloabder-20&linkCode=osi&th=1&psc=1"><img src="https://m.media-amazon.com/images/I/51drx-WonLL._SL500_.jpg" alt="Product Image"></a><p>Yeeeasy Tummy Time Water Mat丨Inflatable Tummy Time Water Play Mat for Babies, Infants and Toddlers 3 to 12 Months Promote Development Toys Baby Gifts</p><p> -33% 0FF </p><p>$9.99</p><a href="https://www.amazon.com/dp/B09XHGG4B8?tag=eloabder-20&linkCode=osi&th=1&psc=1">View Product</a></div>
<div class="product"><a href="https://www.amazon.com/dp/B0009STDJW?tag=eloabder-20&linkCode=osi&th=1&psc=1"><img src="https://m.media-amazon.com/images/I/31XlMHyMw4L._SL500_.jpg" alt="Product Image"></a><p>Johnson's Baby Powder, Naturally Derived Cornstarch with Aloe & Vitamin E for Delicate Skin, Hypoallergenic and Free of Parabens, Phthalates, and Dyes for Gentle Baby Skin Care, 15 oz</p><p> -31% 0FF </p><p>$4.98 ($0.33 / Ounce)</p><a href="https://www.amazon.com/dp/B0009STDJW?tag=eloabder-20&linkCode=osi&th=1&psc=1">View Product</a></div><div class="product"><a href="https://www.amazon.com/dp/B005IHT880?tag=eloabder-20&linkCode=osi&th=1&psc=1"><img src="https://m.media-amazon.com/images/I/31Yy8plMS3L._SL500_.jpg" alt="Product Image"></a><p>Johnson's Baby Naturally Derived Cornstarch Baby Powder with Aloe and Vitamin E for Delicate Skin, Hypoallergenic and Free of Parabens, Phthalates, and Dyes for Gentle Baby Skin Care, 1.5 oz</p><p> -31% 0FF </p><p>$1.97 ($1.31 / Ounce)</p><a href="https://www.amazon.com/dp/B005IHT880?tag=eloabder-20&linkCode=osi&th=1&psc=1">View Product</a></div><div class="product"><a href="https://www.amazon.com/dp/B00I5MVFB8?tag=eloabder-20&linkCode=osi&th=1&psc=1"><img src="https://m.media-amazon.com/images/I/41kU-erHU1L._SL500_.jpg" alt="Product Image"></a><p>Johnson's Baby Powder, Pure Cornstarch, Aloe & Vitamin E, 22 Ounce (Pack of 3) - Packaging May Vary</p><p> -31% 0FF </p><p>$18.87 ($0.29 / Ounce)</p><a href="https://www.amazon.com/dp/B00I5MVFB8?tag=eloabder-20&linkCode=osi&th=1&psc=1">View Product</a></div><div class="product"><a href="https://www.amazon.com/dp/B004Z4MNGQ?tag=eloabder-20&linkCode=osi&th=1&psc=1"><img src="https://m.media-amazon.com/images/I/31szXN97ucL._SL500_.jpg" alt="Product Image"></a><p>Johnson's Baby Powder with Naturally Derived Cornstarch Aloe & Vitamin E, Hypoallergenic, 9 oz</p><p> -26% 0FF </p><p>$3.95 ($0.44 / Ounce)</p><a href="https://www.amazon.com/dp/B004Z4MNGQ?tag=eloabder-20&linkCode=osi&th=1&psc=1">View Product</a></div><div class="product"><a href="https://www.amazon.com/dp/B0CCPK861Q?tag=eloabder-20&linkCode=osi&th=1&psc=1"><img src="https://m.media-amazon.com/images/I/51jIdMql0FL._SL500_.jpg" alt="Product Image"></a><p>Burt's Bees Christmas Gifts, Baby Dusting Powder, 100% Natural Origin, Talc-Free, Pediatrician Tested Stocking Stuffers, 7.5 Ounces, Pack of 3, Pack May Vary</p><p> -29% 0FF </p><p>$19.17 ($0.85 / Ounce)</p><a href="https://www.amazon.com/dp/B0CCPK861Q?tag=eloabder-20&linkCode=osi&th=1&psc=1">View Product</a></div><div class="product"><a href="https://www.amazon.com/dp/B012FUZ8NG?tag=eloabder-20&linkCode=osi&th=1&psc=1"><img src="https://m.media-amazon.com/images/I/41t4DM92+aL._SL500_.jpg" alt="Product Image"></a><p>Gold Bond Comfort Body Powder, 10 oz., Talc-Free, Fresh Clean Scent With Aloe & Chamomile</p><p> -7% 0FF </p><p>$6.79 ($0.68 / Ounce)</p><a href="https://www.amazon.com/dp/B012FUZ8NG?tag=eloabder-20&linkCode=osi&th=1&psc=1">View Product</a></div>
<div class="product"><a href="https://www.amazon.com/dp/B00JHKTDQG?tag=eloabder-20&linkCode=osi&th=1&psc=1"><img src="https://m.media-amazon.com/images/I/41u2OOs0uOL._SL500_.jpg" alt="Product Image"></a><p>Safety 1st Plug Protectors, 36 Count</p><p> -22% 0FF </p><p>$3.49</p><a href="https://www.amazon.com/dp/B00JHKTDQG?tag=eloabder-20&linkCode=osi&th=1&psc=1">View Product</a></div><div class="product"><a href="https://www.amazon.com/dp/B0CZRKFS5Z?tag=eloabder-20&linkCode=osi&th=1&psc=1"><img src="https://m.media-amazon.com/images/I/413bGIIY4WL._SL500_.jpg" alt="Product Image"></a><p>Baby Proofing Kit, Oven Door Lock Child proof Safety Product for Kitchen, Double Button, Heat-Resistant, Easy to Install (1 Pack,Grey)</p><p> -20% 0FF </p><p>$7.99</p><a href="https://www.amazon.com/dp/B0CZRKFS5Z?tag=eloabder-20&linkCode=osi&th=1&psc=1">View Product</a></div><div class="product"><a href="https://www.amazon.com/dp/B00YKG2YS6?tag=eloabder-20&linkCode=osi&th=1&psc=1"><img src="https://m.media-amazon.com/images/I/41+wB4D0smL._SL500_.jpg" alt="Product Image"></a><p>Safety 1st Safety Essentials Kit , White , 1 Count</p><p> -38% 0FF </p><p>$7.48</p><a href="https://www.amazon.com/dp/B00YKG2YS6?tag=eloabder-20&linkCode=osi&th=1&psc=1">View Product</a></div>
<div class="product"><a href="https://www.amazon.com/dp/B000BNCA4K?tag=eloabder-20&linkCode=osi&th=1&psc=1"><img src="https://m.media-amazon.com/images/I/51+hwco0h6L._SL500_.jpg" alt="Product Image"></a><p>Manhattan Toy Winkel Rattle & Sensory Teether Toy, Blue/Green/Orange, 5 Inch x 4 Inch x 3.5 Inch</p><p> -29% 0FF </p><p>$9.99</p><a href="https://www.amazon.com/dp/B000BNCA4K?tag=eloabder-20&linkCode=osi&th=1&psc=1">View Product</a></div><div class="product"><a href="https://www.amazon.com/dp/B000FMQWS2?tag=eloabder-20&linkCode=osi&th=1&psc=1"><img src="https://m.media-amazon.com/images/I/4108+CwoQfL._SL500_.jpg" alt="Product Image"></a><p>Bright Starts Grab & Spin Baby Rattle & BPA-Free Teether Toy, Ages 3 Months+</p><p> -15% 0FF </p><p>$2.97</p><a href="https://www.amazon.com/dp/B000FMQWS2?tag=eloabder-20&linkCode=osi&th=1&psc=1">View Product</a></div><div class="product"><a href="https://www.amazon.com/dp/B071YCHDX1?tag=eloabder-20&linkCode=osi&th=1&psc=1"><img src="https://m.media-amazon.com/images/I/512uBUjyccL._SL500_.jpg" alt="Product Image"></a><p>iPlay, iLearn 10pcs Baby Rattles Toys Set, Infant Grab Shake Rattle, Sensory Teether, Babies Development Learning Music Toy, Newborn First Christmas Gifts 0 1 2 3 4 5 6 7 8 9 10 12 Month Boy Girl</p><p> -15% 0FF </p><p>$22.99</p><a href="https://www.amazon.com/dp/B071YCHDX1?tag=eloabder-20&linkCode=osi&th=1&psc=1">View Product</a></div><div class="product"><a href="https://www.amazon.com/dp/B019ICFYNI?tag=eloabder-20&linkCode=osi&th=1&psc=1"><img src="https://m.media-amazon.com/images/I/51oYX33BlzL._SL500_.jpg" alt="Product Image"></a><p>VTech Baby Rattle and Sing Puppy</p><p> -18% 0FF </p><p>$8.99</p><a href="https://www.amazon.com/dp/B019ICFYNI?tag=eloabder-20&linkCode=osi&th=1&psc=1">View Product</a></div><div class="product"><a href="https://www.amazon.com/dp/B000V2Y5BW?tag=eloabder-20&linkCode=osi&th=1&psc=1"><img src="https://m.media-amazon.com/images/I/41Bz5Kz2OzL._SL500_.jpg" alt="Product Image"></a><p>The First Years First Keys Infant and Baby Toy</p><p> -67% 0FF </p><p>$2.44</p><a href="https://www.amazon.com/dp/B000V2Y5BW?tag=eloabder-20&linkCode=osi&th=1&psc=1">View Product</a></div>
<div class="product"><a href="https://www.amazon.com/dp/B005SPESKK?tag=eloabder-20&linkCode=osi&th=1&psc=1"><img src="https://m.media-amazon.com/images/I/410ZKnRS3aL._SL500_.jpg" alt="Product Image"></a><p>Aveeno Baby Bathtime Solutions Baby & Me Gift Set with Baby Wash & Shampoo, Calming Baby Bath, Baby Daily Moisturizing Lotion & Stress Relief Body Wash for Mom, Oatmeal, 4 Items</p><p> -35% 0FF </p><p>$20.69</p><a href="https://www.amazon.com/dp/B005SPESKK?tag=eloabder-20&linkCode=osi&th=1&psc=1">View Product</a></div><div class="product"><a href="https://www.amazon.com/dp/B005UEB96K?tag=eloabder-20&linkCode=osi&th=1&psc=1"><img src="https://m.media-amazon.com/images/I/41irWX472ZL._SL500_.jpg" alt="Product Image"></a><p>Aquaphor Baby Healing Ointment Advanced Therapy Skin Protectant, Dry Skin and Diaper Rash Ointment, 14 Oz Jar</p><p> -8% 0FF </p><p>$18.37</p><a href="https://www.amazon.com/dp/B005UEB96K?tag=eloabder-20&linkCode=osi&th=1&psc=1">View Product</a></div><div class="product"><a href="https://www.amazon.com/dp/B0CNXKT6S7?tag=eloabder-20&linkCode=osi&th=1&psc=1"><img src="https://m.media-amazon.com/images/I/41UPubKIJYL._SL500_.jpg" alt="Product Image"></a><p>Blissful Diary Baby Diaper Caddy Organizer, Stylish Nursery Storage Basket - Gift for Baby Shower, Baby Registry Must Have, Newborn Essentials - Baby Caddy Organizer for Diaper Station - Sage Green</p><p> -7% 0FF </p><p>$22.99</p><a href="https://www.amazon.com/dp/B0CNXKT6S7?tag=eloabder-20&linkCode=osi&th=1&psc=1">View Product</a></div><div class="product"><a href="https://www.amazon.com/dp/B07RX5BD32?tag=eloabder-20&linkCode=osi&th=1&psc=1"><img src="https://m.media-amazon.com/images/I/41p16YTuexL._SL500_.jpg" alt="Product Image"></a><p>Portable Diaper Changing Pad, Portable Changing pad for Newborn Girl & Boy - Baby Changing Pad with Smart Wipes Pocket – Waterproof Travel Changing Kit - Baby Gift by Kopi Baby</p><p> -42% 0FF </p><p>$21.89</p><a href="https://www.amazon.com/dp/B07RX5BD32?tag=eloabder-20&linkCode=osi&th=1&psc=1">View Product</a></div>
<div class="product"><a href="https://www.amazon.com/dp/B07DGKWFJM?tag=eloabder-20&linkCode=osi&th=1&psc=1"><img src="https://m.media-amazon.com/images/I/313M7YzzHPL._SL500_.jpg" alt="Product Image"></a><p>Johnson's Baby Shampoo with Tear-Free Formula, Shampoo for Baby's Delicate Scalp & Skin, Gently Washes Away Dirt & Germs, Paraben-, Phthalate-, Sulfate- & Dye-Free, 20.3 fl. oz</p><p> -35% 0FF </p><p>$5.90 ($0.29 / Fl Oz)</p><a href="https://www.amazon.com/dp/B07DGKWFJM?tag=eloabder-20&linkCode=osi&th=1&psc=1">View Product</a></div><div class="product"><a href="https://www.amazon.com/dp/B07DGK9FQG?tag=eloabder-20&linkCode=osi&th=1&psc=1"><img src="https://m.media-amazon.com/images/I/31ZmgkaoecL._SL500_.jpg" alt="Product Image"></a><p>Johnson's Baby Tear Free Shampoo, No Parabens/Phthalates/Sulfates/Dyes, Fresh, 13.6 Fl Oz</p><p> -30% 0FF </p><p>$4.78 ($0.35 / Fl Oz)</p><a href="https://www.amazon.com/dp/B07DGK9FQG?tag=eloabder-20&linkCode=osi&th=1&psc=1">View Product</a></div><div class="product"><a href="https://www.amazon.com/dp/B07D2JMJPS?tag=eloabder-20&linkCode=osi&th=1&psc=1"><img src="https://m.media-amazon.com/images/I/31GFcXvNoSL._SL500_.jpg" alt="Product Image"></a><p>Johnson's Head-to-Toe Gentle Tear-Free Baby & Newborn Wash & Shampoo, Sulfate-, Paraben- Phthalate- & Dye-Free, Hypoallergenic Wash for Sensitive Skin & Hair, 27.1 fl. Oz</p><p> -33% 0FF </p><p>$7.19 ($0.27 / Fl Oz)</p><a href="https://www.amazon.com/dp/B07D2JMJPS?tag=eloabder-20&linkCode=osi&th=1&psc=1">View Product</a></div><div class="product"><a href="https://www.amazon.com/dp/B07NSBTZ22?tag=eloabder-20&linkCode=osi&th=1&psc=1"><img src="https://m.media-amazon.com/images/I/316UK0+xv+L._SL500_.jpg" alt="Product Image"></a><p>Aveeno Baby Daily Moisture Gentle Bath Wash & Shampoo with Natural Oat Extract, Hypoallergenic, Tear-Free & Paraben-Free Formula For Sensitive Hair & Skin, Lightly Scented, 33 fl. oz</p><p> -43% 0FF </p><p>$13.98 ($0.42 / Fl Oz)</p><a href="https://www.amazon.com/dp/B07NSBTZ22?tag=eloabder-20&linkCode=osi&th=1&psc=1">View Product</a></div><div class="product"><a href="https://www.amazon.com/dp/B07DGPL4Y7?tag=eloabder-20&linkCode=osi&th=1&psc=1"><img src="https://m.media-amazon.com/images/I/310oJnMMURS._SL500_.jpg" alt="Product Image"></a><p>Johnson's Baby Calming Baby Shampoo with Soothing NaturalCalm Scent, Hypoallergenic & Tear-Free Baby Hair Shampoo, Free of Parabens, Phthalates, Sulfates & Dyes, 20.3 fl. oz</p><p> -9% 0FF </p><p>$5.39 ($0.27 / Fl Oz)</p><a href="https://www.amazon.com/dp/B07DGPL4Y7?tag=eloabder-20&linkCode=osi&th=1&psc=1">View Product</a></div><div class="product"><a href="https://www.amazon.com/dp/B072QXWXS6?tag=eloabder-20&linkCode=osi&th=1&psc=1"><img src="https://m.media-amazon.com/images/I/31nATTwRNrL._SL500_.jpg" alt="Product Image"></a><p>The Honest Company 2-in-1 Cleansing Shampoo + Body Wash | Gentle for Baby | Naturally Derived, Tear-free, Hypoallergenic | Fragrance Free Sensitive, 10 fl oz</p><p> -8% 0FF </p><p>$10.99 ($1.10 / Fl Oz)</p><a href="https://www.amazon.com/dp/B072QXWXS6?tag=eloabder-20&linkCode=osi&th=1&psc=1">View Product</a></div><div class="product"><a href="https://www.amazon.com/dp/B0BXB874ZB?tag=eloabder-20&linkCode=osi&th=1&psc=1"><img src="https://m.media-amazon.com/images/I/61I9qaFfznL._SL500_.jpg" alt="Product Image"></a><p>SheaMoisture Baby Shampoo & Bath Milk Manuka Honey & Lavender for Delicate Hair and Skin Nighttime Skin and Hair Care Regimen 13 oz</p><p> -10% 0FF </p><p>$8.97 ($0.69 / Fl Oz)</p><a href="https://www.amazon.com/dp/B0BXB874ZB?tag=eloabder-20&linkCode=osi&th=1&psc=1">View Product</a></div>
<div class="product"><a href="https://www.amazon.com/dp/B07JP112TD?tag=eloabder-20&linkCode=osi&th=1&psc=1"><img src="https://m.media-amazon.com/images/I/31-1TtUqz2L._SL500_.jpg" alt="Product Image"></a><p>Stride Rite Baby Girls Sr Taye 2.0 First Walker Shoe, Pink, 3 Infant US</p><p> -30% 0FF </p><p>$25.72</p><a href="https://www.amazon.com/dp/B07JP112TD?tag=eloabder-20&linkCode=osi&th=1&psc=1">View Product</a></div><div class="product"><a href="https://www.amazon.com/dp/B08M5M2ZNJ?tag=eloabder-20&linkCode=osi&th=1&psc=1"><img src="https://m.media-amazon.com/images/I/31qHgEG+WSL._SL500_.jpg" alt="Product Image"></a><p>Baby Booties 6-12 Months Unisex Cozy Fleece Newborn Booties Non-Slip Newborn First Walkers Shoes Toddler Slippers for Baby Boys & Baby Girls Gifts, Black</p><p> -33% 0FF </p><p>$9.99</p><a href="https://www.amazon.com/dp/B08M5M2ZNJ?tag=eloabder-20&linkCode=osi&th=1&psc=1">View Product</a></div><div class="product"><a href="https://www.amazon.com/dp/B0BV2J28DN?tag=eloabder-20&linkCode=osi&th=1&psc=1"><img src="https://m.media-amazon.com/images/I/41n15Z33RlL._SL500_.jpg" alt="Product Image"></a><p>Baby Walking Shoes First Boy Girl Walker Infant Sock Tennis Mesh Sneakers Breathable 6 9 12 18 24 Months Camel Size 6-12 Months Infant</p><p> -18% 0FF </p><p>$26.99</p><a href="https://www.amazon.com/dp/B0BV2J28DN?tag=eloabder-20&linkCode=osi&th=1&psc=1">View Product</a></div><div class="product"><a href="https://www.amazon.com/dp/B0C9ZTGHWF?tag=eloabder-20&linkCode=osi&th=1&psc=1"><img src="https://m.media-amazon.com/images/I/41jzu4SNmLL._SL500_.jpg" alt="Product Image"></a><p>BMCiTYBM Baby Boy Girl Shoes Infant First Walker Shoes Breathable Walking Shoes Lightweight Non-Slip Sneakers 6 9 12 18 24 Months Gray Size 12-18 Months Infant</p><p> -12% 0FF </p><p>$29.99</p><a href="https://www.amazon.com/dp/B0C9ZTGHWF?tag=eloabder-20&linkCode=osi&th=1&psc=1">View Product</a></div>
<div class="product"><a href="https://www.amazon.com/dp/B0B6Z9SVXG?tag=eloabder-20&linkCode=osi&th=1&psc=1"><img src="https://m.media-amazon.com/images/I/41yQhQfpuJL._SL500_.jpg" alt="Product Image"></a><p>Shiaon Baby Sling Carrier Newborn to Toddler, Lightweight Baby Carrier Sling, Baby Wrap Sling, Baby Hip Seat Carrier for Toddler Sling, Baby Holder Carrier, Nursing Sling, Carrying 7-45 lbs, Grey</p><p> -20% 0FF </p><p>$32.99</p><a href="https://www.amazon.com/dp/B0B6Z9SVXG?tag=eloabder-20&linkCode=osi&th=1&psc=1">View Product</a></div><div class="product"><a href="https://www.amazon.com/dp/B07SK6GVCJ?tag=eloabder-20&linkCode=osi&th=1&psc=1"><img src="https://m.media-amazon.com/images/I/41o7bWiYEUL._SL500_.jpg" alt="Product Image"></a><p>CUBY Water Baby Sling Carrier Breathable Mesh Baby Wraps Carrier Adjustable Ring Sling Baby Carrier Infant Carrier for Summer Swimming Pool Beach (Light Grey)</p><p> -27% 0FF </p><p>$18.99</p><a href="https://www.amazon.com/dp/B07SK6GVCJ?tag=eloabder-20&linkCode=osi&th=1&psc=1">View Product</a></div><div class="product"><a href="https://www.amazon.com/dp/B07YQYRVDX?tag=eloabder-20&linkCode=osi&th=1&psc=1"><img src="https://m.media-amazon.com/images/I/41nKHqgPniL._SL500_.jpg" alt="Product Image"></a><p>Baby Sling and Ring Sling 100% Cotton Muslin Infant Carrier, Front and Chest Newborn Carrier Wrap, Toddler Carrier – Grey</p><p> -31% 0FF </p><p>$44.95</p><a href="https://www.amazon.com/dp/B07YQYRVDX?tag=eloabder-20&linkCode=osi&th=1&psc=1">View Product</a></div>
<div class="product"><a href="https://www.amazon.com/dp/B07N13W76L?tag=eloabder-20&linkCode=osi&th=1&psc=1"><img src="https://m.media-amazon.com/images/I/41d8emuEA8L._SL500_.jpg" alt="Product Image"></a><p>Baby Dove Sensitive Skin Care Baby Wash Calming Moisture For a Calming Bath Wash Hypoallergenic and Tear-Free, Washes Away Bacteria 13 oz</p><p> -6% 0FF </p><p>$7.99 ($0.61 / Ounce)</p><a href="https://www.amazon.com/dp/B07N13W76L?tag=eloabder-20&linkCode=osi&th=1&psc=1">View Product</a></div><div class="product"><a href="https://www.amazon.com/dp/B097NRRRNT?tag=eloabder-20&linkCode=osi&th=1&psc=1"><img src="https://m.media-amazon.com/images/I/31qcQUGmwRS._SL500_.jpg" alt="Product Image"></a><p>Johnson's Skin Nourishing Moisture Baby Body Wash With Vanilla & Oat Scents, Hypoallergenic & Tear Free Baby Bath Wash, Paraben-, Dye-, Sulfate & Phthalate-Free, 20.3 fl. oz</p><p> -26% 0FF </p><p>$6.78 ($0.33 / Fl Oz)</p><a href="https://www.amazon.com/dp/B097NRRRNT?tag=eloabder-20&linkCode=osi&th=1&psc=1">View Product</a></div><div class="product"><a href="https://www.amazon.com/dp/B07D2G6CLG?tag=eloabder-20&linkCode=osi&th=1&psc=1"><img src="https://m.media-amazon.com/images/I/31EQ6Pb153L._SL500_.jpg" alt="Product Image"></a><p>Johnson's Bedtime Baby Bath with Soothing NaturalCalm Aromas, Hypoallergenic & Tear Free Formula, 27.1 fl. oz</p><p> -33% 0FF </p><p>$9.98 ($0.37 / Fl Oz)</p><a href="https://www.amazon.com/dp/B07D2G6CLG?tag=eloabder-20&linkCode=osi&th=1&psc=1">View Product</a></div>
<div class="product"><a href="https://www.amazon.com/dp/B006VB29D8?tag=eloabder-20&linkCode=osi&th=1&psc=1"><img src="https://m.media-amazon.com/images/I/41avOtC2ssL._SL500_.jpg" alt="Product Image"></a><p>Munchkin® Soft Tip™ Baby Spoons, BPA Free, 12 Pack</p><p> -17% 0FF </p><p>$6.98</p><a href="https://www.amazon.com/dp/B006VB29D8?tag=eloabder-20&linkCode=osi&th=1&psc=1">View Product</a></div><div class="product"><a href="https://www.amazon.com/dp/B0CKJXWM44?tag=eloabder-20&linkCode=osi&th=1&psc=1"><img src="https://m.media-amazon.com/images/I/41n4jr8b6VL._SL500_.jpg" alt="Product Image"></a><p>Nuby Baby's First Spoons Set - (3-Pack) Feeding Utensils for Babies - 6+ Months</p><p> -40% 0FF </p><p>$5.97</p><a href="https://www.amazon.com/dp/B0CKJXWM44?tag=eloabder-20&linkCode=osi&th=1&psc=1">View Product</a></div><div class="product"><a href="https://www.amazon.com/dp/B0CKWJNQP4?tag=eloabder-20&linkCode=osi&th=1&psc=1"><img src="https://m.media-amazon.com/images/I/413epEJW7PL._SL500_.jpg" alt="Product Image"></a><p>Munchkin® Gentle Dip™ Multistage First Spoon Set for Baby Led Weaning, Self Feeding, Solids & Purees, 3 Pack, Coral/Purple</p><p> -35% 0FF </p><p>$6.49</p><a href="https://www.amazon.com/dp/B0CKWJNQP4?tag=eloabder-20&linkCode=osi&th=1&psc=1">View Product</a></div><div class="product"><a href="https://www.amazon.com/dp/B08MVST7H1?tag=eloabder-20&linkCode=osi&th=1&psc=1"><img src="https://m.media-amazon.com/images/I/319zTmlUj8L._SL500_.jpg" alt="Product Image"></a><p>PrimaStella Silicone Chew Spoon Set for Babies and Toddlers | Safety Tested | BPA Free | Microwave, Dishwasher and Freezer Safe</p><p> -33% 0FF </p><p>$7.99</p><a href="https://www.amazon.com/dp/B08MVST7H1?tag=eloabder-20&linkCode=osi&th=1&psc=1">View Product</a></div>
<div class="product"><a href="https://www.amazon.com/dp/B0D5Q2GKMX?tag=eloabder-20&linkCode=osi&th=1&psc=1"><img src="https://m.media-amazon.com/images/I/51PSbL1vo1L._SL500_.jpg" alt="Product Image"></a><p>Accombe 2 in 1 Baby Stroller, Convertible Bassinet Pushchair for Infants and Newborns 0-36 Months</p><p> -23% 0FF </p><p>$154.99</p><a href="https://www.amazon.com/dp/B0D5Q2GKMX?tag=eloabder-20&linkCode=osi&th=1&psc=1">View Product</a></div><div class="product"><a href="https://www.amazon.com/dp/B01FCDWZFC?tag=eloabder-20&linkCode=osi&th=1&psc=1"><img src="https://m.media-amazon.com/images/I/41jrn+R3+0L._SL500_.jpg" alt="Product Image"></a><p>Baby Trend Range Jogger Stroller, Millennium</p><p> -36% 0FF </p><p>$90.08</p><a href="https://www.amazon.com/dp/B01FCDWZFC?tag=eloabder-20&linkCode=osi&th=1&psc=1">View Product</a></div><div class="product"><a href="https://www.amazon.com/dp/B0BSP4K34F?tag=eloabder-20&linkCode=osi&th=1&psc=1"><img src="https://m.media-amazon.com/images/I/41zs0EAVv0L._SL500_.jpg" alt="Product Image"></a><p>Summer by Ingenuity 3Dquickclose CS+ Compact Fold Stroller, Car-Seat Compatible, Lightweight Stroller with Oversized Canopy, Extra-Large Storage</p><p> -19% 0FF </p><p>$80.74</p><a href="https://www.amazon.com/dp/B0BSP4K34F?tag=eloabder-20&linkCode=osi&th=1&psc=1">View Product</a></div><div class="product"><a href="https://www.amazon.com/dp/B08K2YFNDW?tag=eloabder-20&linkCode=osi&th=1&psc=1"><img src="https://m.media-amazon.com/images/I/41USzhsByBL._SL500_.jpg" alt="Product Image"></a><p>Graco Ready2Grow LX 2.0 Double Stroller Features Bench Seat and Standing Platform Options, Clark</p><p> -20% 0FF </p><p>$215.99</p><a href="https://www.amazon.com/dp/B08K2YFNDW?tag=eloabder-20&linkCode=osi&th=1&psc=1">View Product</a></div><div class="product"><a href="https://www.amazon.com/dp/B09FL82SRC?tag=eloabder-20&linkCode=osi&th=1&psc=1"><img src="https://m.media-amazon.com/images/I/41oWEq1J+SL._SL500_.jpg" alt="Product Image"></a><p>Mompush Wiz 2-in-1 Convertible Baby Stroller with Bassinet Mode - Foldable Infant Stroller to Explore More as a Family - Toddler Stroller with Reversible Stroller Seat</p><p> -30% 0FF </p><p>$159.99</p><a href="https://www.amazon.com/dp/B09FL82SRC?tag=eloabder-20&linkCode=osi&th=1&psc=1">View Product</a></div><div class="product"><a href="https://www.amazon.com/dp/B01JRY00C2?tag=eloabder-20&linkCode=osi&th=1&psc=1"><img src="https://m.media-amazon.com/images/I/41oyBwt71IL._SL500_.jpg" alt="Product Image"></a><p>Safety 1st Smooth Ride Travel System Stroller and Car Seat OnBoard™ FLX - Efficient Infant Car Seat Stroller and Infant Car Seat and Stroller Combo, Monument</p><p> -9% 0FF </p><p>$199.99</p><a href="https://www.amazon.com/dp/B01JRY00C2?tag=eloabder-20&linkCode=osi&th=1&psc=1">View Product</a></div>
<div class="product"><a href="https://www.amazon.com/dp/B08K2CN246?tag=eloabder-20&linkCode=osi&th=1&psc=1"><img src="https://m.media-amazon.com/images/I/41kw6Z5JVpL._SL500_.jpg" alt="Product Image"></a><p>Graco Soothe My Way with Removable Rocker, Madden - Versatile Baby Swing & Portable Rocker</p><p> -5% 0FF </p><p>$199.99</p><a href="https://www.amazon.com/dp/B08K2CN246?tag=eloabder-20&linkCode=osi&th=1&psc=1">View Product</a></div><div class="product"><a href="https://www.amazon.com/dp/B0CPTD1PS8?tag=eloabder-20&linkCode=osi&th=1&psc=1"><img src="https://m.media-amazon.com/images/I/31mjNCs4A0L._SL500_.jpg" alt="Product Image"></a><p>Maxi-Cosi Cassia Baby Swings for Infants: Smart Portable Baby Swing with Music, Lightweight & Foldable Baby Swing, 360 Rotation Infant Swing, Classic Oat</p><p> -14% 0FF </p><p>$172.65</p><a href="https://www.amazon.com/dp/B0CPTD1PS8?tag=eloabder-20&linkCode=osi&th=1&psc=1">View Product</a></div>
<div class="product"><a href="https://www.amazon.com/dp/B0795ZW85G?tag=eloabder-20&linkCode=osi&th=1&psc=1"><img src="https://m.media-amazon.com/images/I/41MJ3gfs90L._SL500_.jpg" alt="Product Image"></a><p>Kinsa Smart,Fever, Digital Medical Baby, Kid and Adult Termometro - Accurate, Fast, FDA Cleared Thermometer for Oral, Armpit or Rectal Temperature Reading - QuickCare</p><p> -27% 0FF </p><p>$21.97</p><a href="https://www.amazon.com/dp/B0795ZW85G?tag=eloabder-20&linkCode=osi&th=1&psc=1">View Product</a></div>
<div class="product"><a href="https://www.amazon.com/dp/B0866RV9SM?tag=eloabder-20&linkCode=osi&th=1&psc=1"><img src="https://m.media-amazon.com/images/I/41n5jaf1l8L._SL500_.jpg" alt="Product Image"></a><p>Dr. Brown's Infant-to-Toddler Training Toothbrush Set with Fluoride-Free Baby Toothpaste, Strawberry - Giraffe - 1.4oz - 0-3 years</p><p> -9% 0FF </p><p>$8.19</p><a href="https://www.amazon.com/dp/B0866RV9SM?tag=eloabder-20&linkCode=osi&th=1&psc=1">View Product</a></div>
<div class="product"><a href="https://www.amazon.com/dp/B079KV58DJ?tag=eloabder-20&linkCode=osi&th=1&psc=1"><img src="https://m.media-amazon.com/images/I/31a0bFQr94L._SL500_.jpg" alt="Product Image"></a><p>Dr. Talbot's Baby Toothpaste Naturally Inspired with Citroganix and Silicone Finger Gum Massager, Vanilla Milk Flavor</p><p> -35% 0FF </p><p>$3.87</p><a href="https://www.amazon.com/dp/B079KV58DJ?tag=eloabder-20&linkCode=osi&th=1&psc=1">View Product</a></div><div class="product"><a href="https://www.amazon.com/dp/B07GT9YRXD?tag=eloabder-20&linkCode=osi&th=1&psc=1"><img src="https://m.media-amazon.com/images/I/416EJX6PtPL._SL500_.jpg" alt="Product Image"></a><p>Baby Toothpaste 6 to 12 Months - Rain Fluoride Free Tooth Paste Gel for Infant Toddler Kids 0-6 Years and Up, Safe to Swallow, 2.8 Oz, Babies Training, Xylitol, Vitamin C, Vegan, SLS Free, Gluten Free</p><p> -25% 0FF </p><p>$13.94</p><a href="https://www.amazon.com/dp/B07GT9YRXD?tag=eloabder-20&linkCode=osi&th=1&psc=1">View Product</a></div>
<div class="product"><a href="https://www.amazon.com/dp/B0B9BMFS4X?tag=eloabder-20&linkCode=osi&th=1&psc=1"><img src="https://m.media-amazon.com/images/I/51QOy--SVyL._SL500_.jpg" alt="Product Image"></a><p>HOMEXCEL Baby Washcloths 24 Pack-Microfiber Coral Fleece Baby Bath Face Towel 7 x 9 Inch Extra Absorbent and Soft Burp Cloth and Wash Cloths for Newborn-Infants and Toddlers-Gentle On Sensitive Skin</p><p> -10% 0FF </p><p>$8.99</p><a href="https://www.amazon.com/dp/B0B9BMFS4X?tag=eloabder-20&linkCode=osi&th=1&psc=1">View Product</a></div>
<div class="product"><a href="https://www.amazon.com/dp/B00M2AAYG6?tag=eloabder-20&linkCode=osi&th=1&psc=1"><img src="https://m.media-amazon.com/images/I/41fixA-oZyL._SL500_.jpg" alt="Product Image"></a><p>Smart Steps 3.0 Activity Walker, Emily</p><p> -20% 0FF </p><p>$39.98</p><a href="https://www.amazon.com/dp/B00M2AAYG6?tag=eloabder-20&linkCode=osi&th=1&psc=1">View Product</a></div><div class="product"><a href="https://www.amazon.com/dp/B0C4PB4QN3?tag=eloabder-20&linkCode=osi&th=1&psc=1"><img src="https://m.media-amazon.com/images/I/41a0CSHVcBL._SL500_.jpg" alt="Product Image"></a><p>Wismind Baby Walker Foldable with 9 Adjustable Heights, Baby Walkers and Activity Center for Boys Girls Babies 7-18 Months, Baby Walker with Wheels Portable</p><p> -30% 0FF </p><p>$69.99</p><a href="https://www.amazon.com/dp/B0C4PB4QN3?tag=eloabder-20&linkCode=osi&th=1&psc=1">View Product</a></div><div class="product"><a href="https://www.amazon.com/dp/B074ZDNJBD?tag=eloabder-20&linkCode=osi&th=1&psc=1"><img src="https://m.media-amazon.com/images/I/41WJhym-67L._SL500_.jpg" alt="Product Image"></a><p>Fisher-Price Baby Toy Laugh & Learn Smart Stages Learn with Puppy Walker with Music Lights & Activities for Infants Ages 6+ Months</p><p> -20% 0FF </p><p>$19.97</p><a href="https://www.amazon.com/dp/B074ZDNJBD?tag=eloabder-20&linkCode=osi&th=1&psc=1">View Product</a></div><div class="product"><a href="https://www.amazon.com/dp/B0CPP7HFVY?tag=eloabder-20&linkCode=osi&th=1&psc=1"><img src="https://m.media-amazon.com/images/I/51L9TuZYYDL._SL500_.jpg" alt="Product Image"></a><p>Tiny Land Wooden Baby Walker, Baby Push Walker, Montessori Walker Toy, Adjustable Speed Baby Walker for Boys and Girls, Baby Activity Center, Push Toys for Kids Development</p><p> -6% 0FF </p><p>$79.99</p><a href="https://www.amazon.com/dp/B0CPP7HFVY?tag=eloabder-20&linkCode=osi&th=1&psc=1">View Product</a></div><div class="product"><a href="https://www.amazon.com/dp/B09QNK7BD9?tag=eloabder-20&linkCode=osi&th=1&psc=1"><img src="https://m.media-amazon.com/images/I/417kGxszQCL._SL500_.jpg" alt="Product Image"></a><p>Bright Starts Disney Baby Minnie Mouse Forever Besties 2-in-1 Baby Activity Walker - Easy Fold Frame and Removable -Toy Station, 6 Months and up</p><p> -17% 0FF </p><p>$49.98</p><a href="https://www.amazon.com/dp/B09QNK7BD9?tag=eloabder-20&linkCode=osi&th=1&psc=1">View Product</a></div>
<div class="product"><a href="https://www.amazon.com/dp/B078XYF78X?tag=eloabder-20&linkCode=osi&th=1&psc=1"><img src="https://m.media-amazon.com/images/I/41cDmYF13wL._SL500_.jpg" alt="Product Image"></a><p>Huggies Simply Clean Fragrance-Free Baby Wipes, Unscented Diaper Wipes, 1 Flip-Top Pack (64 Wipes Total)</p><p> -21% 0FF </p><p>$2.17 ($3.39 / 100 Count)</p><a href="https://www.amazon.com/dp/B078XYF78X?tag=eloabder-20&linkCode=osi&th=1&psc=1">View Product</a></div><div class="product"><a href="https://www.amazon.com/dp/B08QRT84WJ?tag=eloabder-20&linkCode=osi&th=1&psc=1"><img src="https://m.media-amazon.com/images/I/51vfRHDV3QL._SL500_.jpg" alt="Product Image"></a><p>Huggies Natural Care Sensitive Baby Wipes, Unscented, Hypoallergenic, 6 Flip-Top Packs (288 Wipes Total)</p><p> -15% 0FF </p><p>$11.33 ($3.93 / 100 Count)</p><a href="https://www.amazon.com/dp/B08QRT84WJ?tag=eloabder-20&linkCode=osi&th=1&psc=1">View Product</a></div><div class="product"><a href="https://www.amazon.com/dp/B0CNSCVGPH?tag=eloabder-20&linkCode=osi&th=1&psc=1"><img src="https://m.media-amazon.com/images/I/51oFmARUYLL._SL500_.jpg" alt="Product Image"></a><p>Huggies Simply Clean Fresh Scent Baby Wipes, 3 Flip-Top Packs of 64 (192 Wipes Total)</p><p> -13% 0FF </p><p>$6.77 ($3.53 / 100 Count)</p><a href="https://www.amazon.com/dp/B0CNSCVGPH?tag=eloabder-20&linkCode=osi&th=1&psc=1">View Product</a></div><div class="product"><a href="https://www.amazon.com/dp/B07KGL6L56?tag=eloabder-20&linkCode=osi&th=1&psc=1"><img src="https://m.media-amazon.com/images/I/41mNPe9fqbL._SL500_.jpg" alt="Product Image"></a><p>Pampers Baby Clean Wipes, Baby Fresh Scented Baby Wipes, 72 Baby Wipes Total (1 Flip-Top Pack)</p><p> -27% 0FF </p><p>$2.49 ($3.46 / 100 Count)</p><a href="https://www.amazon.com/dp/B07KGL6L56?tag=eloabder-20&linkCode=osi&th=1&psc=1">View Product</a></div><div class="product"><a href="https://www.amazon.com/dp/B07XMFVN95?tag=eloabder-20&linkCode=osi&th=1&psc=1"><img src="https://m.media-amazon.com/images/I/51-VIf1JGuL._SL500_.jpg" alt="Product Image"></a><p>Amazon Brand - Mama Bear Gentle Fragrance Free Baby Wipes, Hypoallergenic, Sensitive Skin, Unscented, 800 Count (8 Packs of 100)</p><p> -11% 0FF </p><p>$20.59</p><a href="https://www.amazon.com/dp/B07XMFVN95?tag=eloabder-20&linkCode=osi&th=1&psc=1">View Product</a></div>
<div class="product"><a href="https://www.amazon.com/dp/B082PSKBXV?tag=eloabder-20&linkCode=osi&th=1&psc=1"><img src="https://m.media-amazon.com/images/I/41e-U+REwlL._SL500_.jpg" alt="Product Image"></a><p>Baby Wrap Carrier Jeroray Hands Free Infant Carrier,Lightweight,Breathable,Softness,Heather Grey</p><p> -11% 0FF </p><p>$19.59</p><a href="https://www.amazon.com/dp/B082PSKBXV?tag=eloabder-20&linkCode=osi&th=1&psc=1">View Product</a></div>
<div class="product"><a href="https://www.amazon.com/dp/B0771L5HN5?tag=eloabder-20&linkCode=osi&th=1&psc=1"><img src="https://m.media-amazon.com/images/I/51pAl1My4tL._SL500_.jpg" alt="Product Image"></a><p>Corner Protector for Baby, Protectors Guards, Furniture Corner Guard & Edge Safety Bumpers - Baby Proof Bumper Cushion - Clear & Transparent (12 Pack)</p><p> -11% 0FF </p><p>$7.98 ($0.66 / Count)</p><a href="https://www.amazon.com/dp/B0771L5HN5?tag=eloabder-20&linkCode=osi&th=1&psc=1">View Product</a></div><div class="product"><a href="https://www.amazon.com/dp/B07CNS8W5Y?tag=eloabder-20&linkCode=osi&th=1&psc=1"><img src="https://m.media-amazon.com/images/I/41Hxr+wFkkL._SL500_.jpg" alt="Product Image"></a><p>12 Pack Corner Guards Corner Protectors Baby Proof Furniture Corner & Edge Safety Bumpers, Table Corner Protector for Furniture Corner Covers Baby Safety</p><p> -17% 0FF </p><p>$4.99</p><a href="https://www.amazon.com/dp/B07CNS8W5Y?tag=eloabder-20&linkCode=osi&th=1&psc=1">View Product</a></div>
<div class="product"><a href="https://www.amazon.com/dp/B0BDFB3LW6?tag=eloabder-20&linkCode=osi&th=1&psc=1"><img src="https://m.media-amazon.com/images/I/31HyDb7637L._SL500_.jpg" alt="Product Image"></a><p>Baby Proofing Cabinets,Cabinet Locks for Babies,U-Shaped Child Locks for Cabinets, Child Proof Cabinet Latches,Child Safety Cabinet Locks with Adjustable by SPISPI (Pack of 2)</p><p> -30% 0FF </p><p>$6.99</p><a href="https://www.amazon.com/dp/B0BDFB3LW6?tag=eloabder-20&linkCode=osi&th=1&psc=1">View Product</a></div><div class="product"><a href="https://www.amazon.com/dp/B07GRNTXJZ?tag=eloabder-20&linkCode=osi&th=1&psc=1"><img src="https://m.media-amazon.com/images/I/41WR7vsRvML._SL500_.jpg" alt="Product Image"></a><p>Upgraded Invisible Baby Proofing Cabinet Latch Locks (10 Pack) - No Drilling or Tools Required for Installation, Works with Most Cabinets and Drawers, Works with Countertop Overhangs, Highly Secure</p><p> -33% 0FF </p><p>$19.99</p><a href="https://www.amazon.com/dp/B07GRNTXJZ?tag=eloabder-20&linkCode=osi&th=1&psc=1">View Product</a></div><div class="product"><a href="https://www.amazon.com/dp/B07TV9QY16?tag=eloabder-20&linkCode=osi&th=1&psc=1"><img src="https://m.media-amazon.com/images/I/31CzUhfEf9S._SL500_.jpg" alt="Product Image"></a><p>Child Safety Cabinet Locks - (10 Pack) Baby Proofing Latches to Drawer Door Fridge Oven Toilet Seat Kitchen Cupboard Appliance Trash Can with 3M Adhesive - Adjustable Strap No Drill No Tool</p><p> -25% 0FF </p><p>$14.99</p><a href="https://www.amazon.com/dp/B07TV9QY16?tag=eloabder-20&linkCode=osi&th=1&psc=1">View Product</a></div><div class="product"><a href="https://www.amazon.com/dp/B0D7W79D9T?tag=eloabder-20&linkCode=osi&th=1&psc=1"><img src="https://m.media-amazon.com/images/I/31awaiU9CVL._SL500_.jpg" alt="Product Image"></a><p>Baby Proofing Cabinets, Sliding Cabinet Locks for Babies, Adjustable U Shaped Baby Safety Locks, Childproof Cabinet Latch for Kitchen, Bathroom, Drawer, Cupboard Doors Knobs & Handles (2Pack White)</p><p> -25% 0FF </p><p>$2.99</p><a href="https://www.amazon.com/dp/B0D7W79D9T?tag=eloabder-20&linkCode=osi&th=1&psc=1">View Product</a></div><div class="product"><a href="https://www.amazon.com/dp/B07K2PWN19?tag=eloabder-20&linkCode=osi&th=1&psc=1"><img src="https://m.media-amazon.com/images/I/41UlC3lEJaS._SL500_.jpg" alt="Product Image"></a><p>Cabinet Locks - Adoric Life Child Safety Locks 4 Pack - Baby Safety Cabinet Locks - Baby Proofing Cabinet Kitchen System with Strong Adhesive Tape</p><p> -46% 0FF </p><p>$6.99</p><a href="https://www.amazon.com/dp/B07K2PWN19?tag=eloabder-20&linkCode=osi&th=1&psc=1">View Product</a></div>
<div class="product"><a href="https://www.amazon.com/dp/B007IUOG5A?tag=eloabder-20&linkCode=osi&th=1&psc=1"><img src="https://m.media-amazon.com/images/I/31+8zGGzplL._SL500_.jpg" alt="Product Image"></a><p>Safety Innovations Twin Door Baby Safety Outlet Cover Box for Babyproofing Outlets - More Interior Space for Extra Large Electrical Plugs and Adapters - Easy to Install - Easy to Use, (1-Pack)</p><p> -33% 0FF </p><p>$9.95</p><a href="https://www.amazon.com/dp/B007IUOG5A?tag=eloabder-20&linkCode=osi&th=1&psc=1">View Product</a></div><div class="product"><a href="https://www.amazon.com/dp/B000HKVG9C?tag=eloabder-20&linkCode=osi&th=1&psc=1"><img src="https://m.media-amazon.com/images/I/41RdFKMVyCL._SL500_.jpg" alt="Product Image"></a><p>Safety 1st Outlet Cover with Cord Shortener for Baby Proofing</p><p> -9% 0FF </p><p>$4.98</p><a href="https://www.amazon.com/dp/B000HKVG9C?tag=eloabder-20&linkCode=osi&th=1&psc=1">View Product</a></div><div class="product"><a href="https://www.amazon.com/dp/B01N7H7J47?tag=eloabder-20&linkCode=osi&th=1&psc=1"><img src="https://m.media-amazon.com/images/I/414dT3xocLL._SL500_.jpg" alt="Product Image"></a><p>Outlet Covers Baby Proofing (50 Pack) Safe & Secure Electric Plug Protectors | Sturdy Childproof Socket Covers for Home & Office | Easy Installation | Protect Toddlers & Babies | White</p><p> -31% 0FF </p><p>$8.99</p><a href="https://www.amazon.com/dp/B01N7H7J47?tag=eloabder-20&linkCode=osi&th=1&psc=1">View Product</a></div>
<div class="product"><a href="https://www.amazon.com/dp/B08SQYKXCH?tag=eloabder-20&linkCode=osi&th=1&psc=1"><img src="https://m.media-amazon.com/images/I/51NMUNJ6CmL._SL500_.jpg" alt="Product Image"></a><p>Baby Proofing Edge Corner Protector, Table Bumper Guard, Soft Rubber Foam Guard, 3M Pre-Taped Corners, 20.5 ft (18.1ft Edge + 8 Corners) Baby Proof Corner Guard Heavy-Duty (18.1ft, Cream White)</p><p> -5% 0FF </p><p>$15.75</p><a href="https://www.amazon.com/dp/B08SQYKXCH?tag=eloabder-20&linkCode=osi&th=1&psc=1">View Product</a></div>
<div class="product"><a href="https://www.amazon.com/dp/B082LN53Y4?tag=eloabder-20&linkCode=osi&th=1&psc=1"><img src="https://m.media-amazon.com/images/I/51MQ1RC2tuL._SL500_.jpg" alt="Product Image"></a><p>Baby Car Mirror Most Stable Backseat Mirror with Premium Matte Finish-Super Clear PMMA Material Mirror-Safe, Secure and Shatterproof,Black</p><p> -53% 0FF </p><p>$7.99</p><a href="https://www.amazon.com/dp/B082LN53Y4?tag=eloabder-20&linkCode=osi&th=1&psc=1">View Product</a></div><div class="product"><a href="https://www.amazon.com/dp/B07MT8HXVC?tag=eloabder-20&linkCode=osi&th=1&psc=1"><img src="https://m.media-amazon.com/images/I/51lvNQUNxjL._SL500_.jpg" alt="Product Image"></a><p>Baby Car Mirror, DARVIQS Seat Safely Monitor Infant Child in Rear Facing Seat, Wide View Shatterproof Adjustable Acrylic 360°for Backseat, Crash Tested and Certified for Safety</p><p> -15% 0FF </p><p>$12.69</p><a href="https://www.amazon.com/dp/B07MT8HXVC?tag=eloabder-20&linkCode=osi&th=1&psc=1">View Product</a></div><div class="product"><a href="https://www.amazon.com/dp/B01K478YBA?tag=eloabder-20&linkCode=osi&th=1&psc=1"><img src="https://m.media-amazon.com/images/I/413tQ4nkWHL._SL500_.jpg" alt="Product Image"></a><p>Shynerk Baby Car Mirror, Rear Facing Car Seat Mirror Safety for Infant Newborn, Baby Mirror with Wide Rearview & 360° Rotation, Shatterproof & Easy Assembled Crash Tested</p><p> -38% 0FF </p><p>$15.99</p><a href="https://www.amazon.com/dp/B01K478YBA?tag=eloabder-20&linkCode=osi&th=1&psc=1">View Product</a></div><div class="product"><a href="https://www.amazon.com/dp/B08FLH1SHC?tag=eloabder-20&linkCode=osi&th=1&psc=1"><img src="https://m.media-amazon.com/images/I/31HQAIIlPlL._SL500_.jpg" alt="Product Image"></a><p>Munchkin® Brica® 360 Pivot Baby in-Sight® Wide Angle Adjustable Car Mirror, Crash Tested and Shatter Resistant, Black</p><p> -11% 0FF </p><p>$20.52</p><a href="https://www.amazon.com/dp/B08FLH1SHC?tag=eloabder-20&linkCode=osi&th=1&psc=1">View Product</a></div><div class="product"><a href="https://www.amazon.com/dp/B0DD43HCBS?tag=eloabder-20&linkCode=osi&th=1&psc=1"><img src="https://m.media-amazon.com/images/I/411RbPJWuRL._SL500_.jpg" alt="Product Image"></a><p>WZBB Baby Car Mirror with Light - Remote Control, 360° Adjustable, Shatter Resistant, Clear Night Vision, Easy Installation for Rear Facing Infants and Toddlers</p><p> -22% 0FF </p><p>$27.98</p><a href="https://www.amazon.com/dp/B0DD43HCBS?tag=eloabder-20&linkCode=osi&th=1&psc=1">View Product</a></div>
<div class="product"><a href="https://www.amazon.com/dp/B000JVCJDQ?tag=eloabder-20&linkCode=osi&th=1&psc=1"><img src="https://m.media-amazon.com/images/I/41o-rEGfj5L._SL500_.jpg" alt="Product Image"></a><p>Earth Mama Organic Diaper Balm | Diaper Cream with Calendula | Calm Skin Baby Essentials for Diaper Bag |Multipurpose Baby Ointment, 2-Fluid Ounce (2-Pack)</p><p> -30% 0FF </p><p>$26.58</p><a href="https://www.amazon.com/dp/B000JVCJDQ?tag=eloabder-20&linkCode=osi&th=1&psc=1">View Product</a></div><div class="product"><a href="https://www.amazon.com/dp/B006YTX0HQ?tag=eloabder-20&linkCode=osi&th=1&psc=1"><img src="https://m.media-amazon.com/images/I/41WJwvRm5aL._SL500_.jpg" alt="Product Image"></a><p>Burt's Bees Christmas Gifts, Baby 100% Natural Multipurpose Healing Ointment, Face & Body Baby Ointment – 7.5 Ounce Tub</p><p> -16% 0FF </p><p>$7.59 ($1.01 / Ounce)</p><a href="https://www.amazon.com/dp/B006YTX0HQ?tag=eloabder-20&linkCode=osi&th=1&psc=1">View Product</a></div><div class="product"><a href="https://www.amazon.com/dp/B01HI7VY84?tag=eloabder-20&linkCode=osi&th=1&psc=1"><img src="https://m.media-amazon.com/images/I/41tnCnueEWL._SL500_.jpg" alt="Product Image"></a><p>Aveeno Baby Eczema Therapy Nighttime Moisturizing Body Balm, Nourishing Skin Protectant Soothes & Relieves Dry, Itchy Skin from Eczema, Hypoallergenic, Fragrance- & Steroid-Free, 11 oz</p><p> -28% 0FF </p><p>$19.37 ($1.76 / Ounce)</p><a href="https://www.amazon.com/dp/B01HI7VY84?tag=eloabder-20&linkCode=osi&th=1&psc=1">View Product</a></div><div class="product"><a href="https://www.amazon.com/dp/B078B9JPLX?tag=eloabder-20&linkCode=osi&th=1&psc=1"><img src="https://m.media-amazon.com/images/I/31V-kg6EG5L._SL500_.jpg" alt="Product Image"></a><p>Earth Mama Organic Baby Face Nose & Cheek Balm | Moisturizer with Calendula Oil for Dry Skin Care, Natural Petroleum Jelly Alternative (2-Fluid Ounce)</p><p> -9% 0FF </p><p>$9.99 ($5.00 / Ounce)</p><a href="https://www.amazon.com/dp/B078B9JPLX?tag=eloabder-20&linkCode=osi&th=1&psc=1">View Product</a></div>
<div class="product"><a href="https://www.amazon.com/dp/B0C6V4KH59?tag=eloabder-20&linkCode=osi&th=1&psc=1"><img src="https://m.media-amazon.com/images/I/41-m52lOZwL._SL500_.jpg" alt="Product Image"></a><p>HALO Baby Flex BassiNest, Adjustable Travel Bassinet, Easy Folding, Lightweight with Mattress and Carrying Bag, Morning Mist</p><p> -50% 0FF </p><p>$49.99</p><a href="https://www.amazon.com/dp/B0C6V4KH59?tag=eloabder-20&linkCode=osi&th=1&psc=1">View Product</a></div><div class="product"><a href="https://www.amazon.com/dp/B0C7VRMHYY?tag=eloabder-20&linkCode=osi&th=1&psc=1"><img src="https://m.media-amazon.com/images/I/41XOT8oQMML._SL500_.jpg" alt="Product Image"></a><p>AirClub Bassinet Bedside Sleeper, Baby Crib for Newborn, Baby Bassinets Bedside Sleeper with 4 Auto-Lock & Adjustable Height, Breathable Mesh & Mattress, Bedside Bassinet</p><p> -25% 0FF </p><p>$149.99</p><a href="https://www.amazon.com/dp/B0C7VRMHYY?tag=eloabder-20&linkCode=osi&th=1&psc=1">View Product</a></div><div class="product"><a href="https://www.amazon.com/dp/B0CB3HVPL7?tag=eloabder-20&linkCode=osi&th=1&psc=1"><img src="https://m.media-amazon.com/images/I/41AO8J-9fZL._SL500_.jpg" alt="Product Image"></a><p>Fodoss Baby Bassinets Bedside Sleeper - All Mesh Bedside Bassinet with Wheels, 7 Height Adjustable Baby Bassinet for Infants, Beige</p><p> -10% 0FF </p><p>$89.99</p><a href="https://www.amazon.com/dp/B0CB3HVPL7?tag=eloabder-20&linkCode=osi&th=1&psc=1">View Product</a></div><div class="product"><a href="https://www.amazon.com/dp/B0CXG8NVBP?tag=eloabder-20&linkCode=osi&th=1&psc=1"><img src="https://m.media-amazon.com/images/I/3173PjIYwrL._SL500_.jpg" alt="Product Image"></a><p>Graco® SmartSense™ Soothing Baby Bassinet – Smart Newborn Bassinet Detects and Automatically Responds to Baby's Cries – for Newborn Babies to 6 Months</p><p> -20% 0FF </p><p>$319.99</p><a href="https://www.amazon.com/dp/B0CXG8NVBP?tag=eloabder-20&linkCode=osi&th=1&psc=1">View Product</a></div><div class="product"><a href="https://www.amazon.com/dp/B08K3314ZL?tag=eloabder-20&linkCode=osi&th=1&psc=1"><img src="https://m.media-amazon.com/images/I/41pUDfJ9dAL._SL500_.jpg" alt="Product Image"></a><p>Graco Pack 'n Play Close2Baby Bassinet Playard Features Portable Bassinet Diaper Changer and More, Derby</p><p> -6% 0FF </p><p>$188.09</p><a href="https://www.amazon.com/dp/B08K3314ZL?tag=eloabder-20&linkCode=osi&th=1&psc=1">View Product</a></div><div class="product"><a href="https://www.amazon.com/dp/B0CTKT6641?tag=eloabder-20&linkCode=osi&th=1&psc=1"><img src="https://m.media-amazon.com/images/I/31pNKDUBgDL._SL500_.jpg" alt="Product Image"></a><p>Baby Delight Beside Me Dreamer Bassinet | Bedside Sleeper & Baby Bassinet | 6-Position Height Adjustment | 100% GOTS Certified Organic Cotton Fabric | Organic Mocha</p><p> -22% 0FF </p><p>$139.99</p><a href="https://www.amazon.com/dp/B0CTKT6641?tag=eloabder-20&linkCode=osi&th=1&psc=1">View Product</a></div><div class="product"><a href="https://www.amazon.com/dp/B09XHKL683?tag=eloabder-20&linkCode=osi&th=1&psc=1"><img src="https://m.media-amazon.com/images/I/611wEYRVaUL._SL500_.jpg" alt="Product Image"></a><p>Baby Bassinet Bedside Sleeper, besrey Bedside Bassinet for Newborn Infant with Comfy Mattress, 9 Height Positions, Adjustable Bedside Crib with 360° Swivel Wheels Bassinet for Baby with Storage Basket</p><p> -27% 0FF </p><p>$153.99</p><a href="https://www.amazon.com/dp/B09XHKL683?tag=eloabder-20&linkCode=osi&th=1&psc=1">View Product</a></div>
<div class="product"><a href="https://www.amazon.com/dp/B08CNM6DZT?tag=eloabder-20&linkCode=osi&th=1&psc=1"><img src="https://m.media-amazon.com/images/I/51D5+ArDsWL._SL500_.jpg" alt="Product Image"></a><p>Comfortable Bath Kneeler and Elbow Kneeling Rest Pad for Baby Bathing Parents - Painless Foam Mat with Toy Organizer Pockets - Quick Drying, Foldable, Non-Slip for Baby and Toddler Bathing</p><p> -20% 0FF </p><p>$41.97</p><a href="https://www.amazon.com/dp/B08CNM6DZT?tag=eloabder-20&linkCode=osi&th=1&psc=1">View Product</a></div><div class="product"><a href="https://www.amazon.com/dp/B07FK58QB1?tag=eloabder-20&linkCode=osi&th=1&psc=1"><img src="https://m.media-amazon.com/images/I/41qpzgGaHVL._SL500_.jpg" alt="Product Image"></a><p>Skip Hop Moby Bath Kneeler, Grey</p><p> -20% 0FF </p><p>$14.39</p><a href="https://www.amazon.com/dp/B07FK58QB1?tag=eloabder-20&linkCode=osi&th=1&psc=1">View Product</a></div><div class="product"><a href="https://www.amazon.com/dp/B081T5449V?tag=eloabder-20&linkCode=osi&th=1&psc=1"><img src="https://m.media-amazon.com/images/I/41bxm5Tx9BL._SL500_.jpg" alt="Product Image"></a><p>Toodly Baby Bath Kneeler and Elbow Rest Pad Set - Baby Bath Support for Knees and Elbows - Bath Kneeler Pad with Memory Foam and Bath Toys Organizer - Ideal Bath Kneeling Pad for Bathing Baby - Grey</p><p> -33% 0FF </p><p>$39.99</p><a href="https://www.amazon.com/dp/B081T5449V?tag=eloabder-20&linkCode=osi&th=1&psc=1">View Product</a></div><div class="product"><a href="https://www.amazon.com/dp/B07K1W7WN5?tag=eloabder-20&linkCode=osi&th=1&psc=1"><img src="https://m.media-amazon.com/images/I/31c0BxxJKZL._SL500_.jpg" alt="Product Image"></a><p>Skip Hop Baby Bath All-in-One Elbow Saver and Kneeler, Moby, Grey</p><p> -22% 0FF </p><p>$29.49</p><a href="https://www.amazon.com/dp/B07K1W7WN5?tag=eloabder-20&linkCode=osi&th=1&psc=1">View Product</a></div><div class="product"><a href="https://www.amazon.com/dp/B0CP48MH77?tag=eloabder-20&linkCode=osi&th=1&psc=1"><img src="https://m.media-amazon.com/images/I/41hoDZTiOEL._SL500_.jpg" alt="Product Image"></a><p>Efforest Baby Bath Kneeler and Elbow Rest Pad Set, 1.5" Thick Kneeling Pad for Baby Bath, Bathtub Kneeling pad with Toy Organizer for Knee & Arm Support, Non-Slip Mat for Baby & Toddler Bath</p><p> -50% 0FF </p><p>$17.48</p><a href="https://www.amazon.com/dp/B0CP48MH77?tag=eloabder-20&linkCode=osi&th=1&psc=1">View Product</a></div><div class="product"><a href="https://www.amazon.com/dp/B07WQTV19X?tag=eloabder-20&linkCode=osi&th=1&psc=1"><img src="https://m.media-amazon.com/images/I/41KGpUoWZ-S._SL500_.jpg" alt="Product Image"></a><p>Bath Kneeler and Elbow Rest Pad, 1.75 inch Extra Thick Baby Bath Kneeling Pad and Elbow Pad for Bathtub. Bath Tub Elbow Pad with Infant Toy and Baby Accessories Organizer, Grey</p><p> -13% 0FF </p><p>$34.99</p><a href="https://www.amazon.com/dp/B07WQTV19X?tag=eloabder-20&linkCode=osi&th=1&psc=1">View Product</a></div>
<div class="product"><a href="https://www.amazon.com/dp/B00I3K25R0?tag=eloabder-20&linkCode=osi&th=1&psc=1"><img src="https://m.media-amazon.com/images/I/41wucHZw+xL._SL500_.jpg" alt="Product Image"></a><p>Munchkin® Float & Play Bubbles™ Baby and Toddler Bath Toy, 4 Count</p><p> -35% 0FF </p><p>$6.15</p><a href="https://www.amazon.com/dp/B00I3K25R0?tag=eloabder-20&linkCode=osi&th=1&psc=1">View Product</a></div><div class="product"><a href="https://www.amazon.com/dp/B0C3VFVWYB?tag=eloabder-20&linkCode=osi&th=1&psc=1"><img src="https://m.media-amazon.com/images/I/41Cr35zwy4L._SL500_.jpg" alt="Product Image"></a><p>XY-WQ Bath Toys No Hole, for Infants 6-12& Toddlers 1-3, No Hole Bathtub Toys (Animal Ⅱ, 8 Pcs with Mesh Bag)</p><p> -25% 0FF </p><p>$11.99</p><a href="https://www.amazon.com/dp/B0C3VFVWYB?tag=eloabder-20&linkCode=osi&th=1&psc=1">View Product</a></div><div class="product"><a href="https://www.amazon.com/dp/B0D95ZDWD3?tag=eloabder-20&linkCode=osi&th=1&psc=1"><img src="https://m.media-amazon.com/images/I/51J3Myxu1lL._SL500_.jpg" alt="Product Image"></a><p>candyfouse Baby Whale Bath Toys,Whale Bath Toy Sprinkler, Light Up Bath Toys for Toddlers 1-3, Four Water Spray Patterns, Waterproof Design, Bathtub Fountain Spray Toy, Baby Birthday Shower Gifts</p><p> -40% 0FF </p><p>$5.99</p><a href="https://www.amazon.com/dp/B0D95ZDWD3?tag=eloabder-20&linkCode=osi&th=1&psc=1">View Product</a></div><div class="product"><a href="https://www.amazon.com/dp/B07Z22YMPN?tag=eloabder-20&linkCode=osi&th=1&psc=1"><img src="https://m.media-amazon.com/images/I/5101dLkJnoL._SL500_.jpg" alt="Product Image"></a><p>Toy Boat Bath Toys for Toddlers with 4 Mini Car Toys and 4 Bath Boat Squirters, Kids Ferry Boat for Bathtub Bathroom Pool Beach Toys</p><p> -50% 0FF </p><p>$13.47</p><a href="https://www.amazon.com/dp/B07Z22YMPN?tag=eloabder-20&linkCode=osi&th=1&psc=1">View Product</a></div><div class="product"><a href="https://www.amazon.com/dp/B0C72TGNHL?tag=eloabder-20&linkCode=osi&th=1&psc=1"><img src="https://m.media-amazon.com/images/I/51AOyTHwqrL._SL500_.jpg" alt="Product Image"></a><p>SplashEZ Mold Free Bath Toys for Babies & Toddlers, Car No Hole Bath Toys, Non Squirting Bath Toys No Mold for Tub, Beach, Pool, BPA-Free, Safe, Fun Infant Baby Bath Toys No Holes 0 1 3 6 12 18 Months</p><p> -38% 0FF </p><p>$9.99</p><a href="https://www.amazon.com/dp/B0C72TGNHL?tag=eloabder-20&linkCode=osi&th=1&psc=1">View Product</a></div>
<div class="product"><a href="https://www.amazon.com/dp/B078941ZC8?tag=eloabder-20&linkCode=osi&th=1&psc=1"><img src="https://m.media-amazon.com/images/I/31ltY+yutGL._SL500_.jpg" alt="Product Image"></a><p>Summer by Ingenuity My Bath Seat for Sit-Up Baby Bathing, Sure & Secure Suction Cups, ASTM Safety Tested & Approved, Backrest for Assisted Sitting, Easy Setup & Storage, Aqua</p><p> -34% 0FF </p><p>$23.16</p><a href="https://www.amazon.com/dp/B078941ZC8?tag=eloabder-20&linkCode=osi&th=1&psc=1">View Product</a></div><div class="product"><a href="https://www.amazon.com/dp/B0DCZ4F9MT?tag=eloabder-20&linkCode=osi&th=1&psc=1"><img src="https://m.media-amazon.com/images/I/31BF+egPyoL._SL500_.jpg" alt="Product Image"></a><p>Baby Bath Seat for Babies 6 Months & Up, Bath Seats for Babies Sitting Up, 3 Baby Bath Toys, Open Design, Non-Slip, Compact Toddler Bath Seat.</p><p> -6% 0FF </p><p>$39.99</p><a href="https://www.amazon.com/dp/B0DCZ4F9MT?tag=eloabder-20&linkCode=osi&th=1&psc=1">View Product</a></div><div class="product"><a href="https://www.amazon.com/dp/B0CSCYM2NW?tag=eloabder-20&linkCode=osi&th=1&psc=1"><img src="https://m.media-amazon.com/images/I/31Vbrx5q63L._SL500_.jpg" alt="Product Image"></a><p>Trankerloop Baby Bath Seat, Bath Seat for Baby 6 Month & up, Baby Bath tub Seat with Suction Cups, Non-Slip, Detachable, Pink</p><p> -11% 0FF </p><p>$39.99</p><a href="https://www.amazon.com/dp/B0CSCYM2NW?tag=eloabder-20&linkCode=osi&th=1&psc=1">View Product</a></div><div class="product"><a href="https://www.amazon.com/dp/B0CJF7WSCV?tag=eloabder-20&linkCode=osi&th=1&psc=1"><img src="https://m.media-amazon.com/images/I/41r0TqNTb+L._SL500_.jpg" alt="Product Image"></a><p>BKFEDLU Infant Bath Seat with Thermometer, Suction Cups, Toys - Toddler Bath Chair for Babies 6 Months & Up</p><p> -50% 0FF </p><p>$19.99</p><a href="https://www.amazon.com/dp/B0CJF7WSCV?tag=eloabder-20&linkCode=osi&th=1&psc=1">View Product</a></div><div class="product"><a href="https://www.amazon.com/dp/B0CRYFHT1G?tag=eloabder-20&linkCode=osi&th=1&psc=1"><img src="https://m.media-amazon.com/images/I/41nKT+O2y1L._SL500_.jpg" alt="Product Image"></a><p>Baby Bath Seat LDIIDII Baby Bathtub Seat Infant Bath Seat for Babies 6 Months&Up Sit Up Bathing in Tub,Toddler Bath Seat with Water Thermometer/4 Strong Suction Cup/3 Bath Toys/Shower Cap (Grey)</p><p> -50% 0FF </p><p>$19.99</p><a href="https://www.amazon.com/dp/B0CRYFHT1G?tag=eloabder-20&linkCode=osi&th=1&psc=1">View Product</a></div><div class="product"><a href="https://www.amazon.com/dp/B0D9VMXND1?tag=eloabder-20&linkCode=osi&th=1&psc=1"><img src="https://m.media-amazon.com/images/I/41UIJrNYB2L._SL500_.jpg" alt="Product Image"></a><p>Baby Bath Seat for Babies 6 Months & Up, Non-Slip Toddler Bath Seat for Baby Sitting Up, Safe Baby Bath tub Seat with Suction Cups, Soft Cushion, Baby Bath Chair, Gray</p><p> -13% 0FF </p><p>$39.99</p><a href="https://www.amazon.com/dp/B0D9VMXND1?tag=eloabder-20&linkCode=osi&th=1&psc=1">View Product</a></div><div class="product"><a href="https://www.amazon.com/dp/B0CR78TDQS?tag=eloabder-20&linkCode=osi&th=1&psc=1"><img src="https://m.media-amazon.com/images/I/41nFTXKoQGL._SL500_.jpg" alt="Product Image"></a><p>Wddbb Baby Bath Seat, Bath seat for Babies 6 Months & up, with Thermometer Bath Seats for Babies Sitting up, Non-Slip Toddler Bath Seat for Baby,Baby Bathtub Baby Bath Seats 6-24 Months (Gray)</p><p> -50% 0FF </p><p>$19.98</p><a href="https://www.amazon.com/dp/B0CR78TDQS?tag=eloabder-20&linkCode=osi&th=1&psc=1">View Product</a></div>
<div class="product"><a href="https://www.amazon.com/dp/B073GGVN3Q?tag=eloabder-20&linkCode=osi&th=1&psc=1"><img src="https://m.media-amazon.com/images/I/31vxBAs9CqL._SL500_.jpg" alt="Product Image"></a><p>b&h Baby Thermometer, The Infant Baby Bath Floating Toy Safety Temperature Water Thermometer (Classic Duck)</p><p> -6% 0FF </p><p>$15.99</p><a href="https://www.amazon.com/dp/B073GGVN3Q?tag=eloabder-20&linkCode=osi&th=1&psc=1">View Product</a></div><div class="product"><a href="https://www.amazon.com/dp/B0CBVTGRW2?tag=eloabder-20&linkCode=osi&th=1&psc=1"><img src="https://m.media-amazon.com/images/I/415ogBhdwML._SL500_.jpg" alt="Product Image"></a><p>Nuby Bath and Room Digital Thermometer - Baby Thermometer for Safe and Cozy Bath and Room Temperatures - Penguin</p><p> -20% 0FF </p><p>$11.99</p><a href="https://www.amazon.com/dp/B0CBVTGRW2?tag=eloabder-20&linkCode=osi&th=1&psc=1">View Product</a></div><div class="product"><a href="https://www.amazon.com/dp/B08HWBT9YD?tag=eloabder-20&linkCode=osi&th=1&psc=1"><img src="https://m.media-amazon.com/images/I/31SEPnY30NL._SL500_.jpg" alt="Product Image"></a><p>Doli Yearning Upgrade Baby Bath Thermometer Room Temperature| Water Thermometer|Kids' Bathroom Safety Products| Baby Bath(Seal Shape)℃/℉, LCD</p><p> -28% 0FF </p><p>$12.99</p><a href="https://www.amazon.com/dp/B08HWBT9YD?tag=eloabder-20&linkCode=osi&th=1&psc=1">View Product</a></div><div class="product"><a href="https://www.amazon.com/dp/B0CNCVSKWJ?tag=eloabder-20&linkCode=osi&th=1&psc=1"><img src="https://m.media-amazon.com/images/I/413jcI7ZoZL._SL500_.jpg" alt="Product Image"></a><p>Baby Bath Thermometer, Digital Water Temperature Thermometer with 3 Color Backlit and Temperature Warning, Safety Bath Tube Thermometer Floating Toy for Infant, Toddler</p><p> -7% 0FF </p><p>$12.99</p><a href="https://www.amazon.com/dp/B0CNCVSKWJ?tag=eloabder-20&linkCode=osi&th=1&psc=1">View Product</a></div><div class="product"><a href="https://www.amazon.com/dp/B01MY98912?tag=eloabder-20&linkCode=osi&th=1&psc=1"><img src="https://m.media-amazon.com/images/I/41HQEQLxeCL._SL500_.jpg" alt="Product Image"></a><p>Bath Thermometer - Bath Water Thermometer for Bathtub Baby Safety Water Temperature for Baby Bath - Easy to Use Bath Temperature Thermometer</p><p> -12% 0FF </p><p>$5.25</p><a href="https://www.amazon.com/dp/B01MY98912?tag=eloabder-20&linkCode=osi&th=1&psc=1">View Product</a></div><div class="product"><a href="https://www.amazon.com/dp/B0CYLVX1ZJ?tag=eloabder-20&linkCode=osi&th=1&psc=1"><img src="https://m.media-amazon.com/images/I/41xhSGYiopL._SL500_.jpg" alt="Product Image"></a><p>Pircaath Baby Bath Thermometer & Swimming Turtle Floating Bath Toys, BPA-Free Bath Thermometer Baby Safety, Backlit Display Bathtub Thermometer Baby Water Thermometer, Bath Temperature Toy for Infant</p><p> -17% 0FF </p><p>$9.99</p><a href="https://www.amazon.com/dp/B0CYLVX1ZJ?tag=eloabder-20&linkCode=osi&th=1&psc=1">View Product</a></div><div class="product"><a href="https://www.amazon.com/dp/B07GC7H86T?tag=eloabder-20&linkCode=osi&th=1&psc=1"><img src="https://m.media-amazon.com/images/I/414jIzev-VL._SL500_.jpg" alt="Product Image"></a><p>Baby Bath Thermometer with Room Thermometer - Famidoc FDTH-V0-22 New Upgraded Sensor Technology for Baby Health Bath Tub Thermometer Floating Toy Thermometer (Blue)</p><p> -12% 0FF </p><p>$14.99</p><a href="https://www.amazon.com/dp/B07GC7H86T?tag=eloabder-20&linkCode=osi&th=1&psc=1">View Product</a></div>
<div class="product"><a href="https://www.amazon.com/dp/B00G0KPLZI?tag=eloabder-20&linkCode=osi&th=1&psc=1"><img src="https://m.media-amazon.com/images/I/41X53ExW5-S._SL500_.jpg" alt="Product Image"></a><p>Spasilk Hooded Terry Bathrobe with Booties, Blue Plane, One Size</p><p> -14% 0FF </p><p>$11.99</p><a href="https://www.amazon.com/dp/B00G0KPLZI?tag=eloabder-20&linkCode=osi&th=1&psc=1">View Product</a></div><div class="product"><a href="https://www.amazon.com/dp/B09N7BB9Y6?tag=eloabder-20&linkCode=osi&th=1&psc=1"><img src="https://m.media-amazon.com/images/I/41iGc7gTxlL._SL500_.jpg" alt="Product Image"></a><p>ROMASA Baby Bath Towel Ultra Soft Hooded Towel Highly Absorbent Bathrobe Blanket Toddlers Shower Gifts for Boys Girls- 27.5" x 55" (Yellow)</p><p> -20% 0FF </p><p>$14.39 ($1.27 / Ounce)</p><a href="https://www.amazon.com/dp/B09N7BB9Y6?tag=eloabder-20&linkCode=osi&th=1&psc=1">View Product</a></div>
<div class="product"><a href="https://www.amazon.com/dp/B0C9Q8MXWW?tag=eloabder-20&linkCode=osi&th=1&psc=1"><img src="https://m.media-amazon.com/images/I/31aI3dosJJL._SL500_.jpg" alt="Product Image"></a><p>Baby Bathtub Faucet Cover, Bath Faucet Cover for Kids, Baby Bath Spout Cover, Soft Silicone Bathtub Faucet Safety Toys, Cute Whale, Universal Fit, Make Your Baby's Bath Time Fun and Love It</p><p> -46% 0FF </p><p>$6.99</p><a href="https://www.amazon.com/dp/B0C9Q8MXWW?tag=eloabder-20&linkCode=osi&th=1&psc=1">View Product</a></div><div class="product"><a href="https://www.amazon.com/dp/B07D98DLDV?tag=eloabder-20&linkCode=osi&th=1&psc=1"><img src="https://m.media-amazon.com/images/I/21f3AzvkYLL._SL500_.jpg" alt="Product Image"></a><p>Skip Hop Baby Bath Spout Cover, Universal Fit, Moby, Grey</p><p> -7% 0FF </p><p>$12.99</p><a href="https://www.amazon.com/dp/B07D98DLDV?tag=eloabder-20&linkCode=osi&th=1&psc=1">View Product</a></div><div class="product"><a href="https://www.amazon.com/dp/B0CSYJQ9D6?tag=eloabder-20&linkCode=osi&th=1&psc=1"><img src="https://m.media-amazon.com/images/I/314iWaEh9xL._SL500_.jpg" alt="Product Image"></a><p>Baby Bathtub Faucet Cover, Baby Safety Protection Silicone Toys, Bath Spout Cover Baby Bathtub, Faucet Cover Baby Bathtub Silicone Whale for Kids, Toddler, Infant, Grey Whale</p><p> -20% 0FF </p><p>$7.99</p><a href="https://www.amazon.com/dp/B0CSYJQ9D6?tag=eloabder-20&linkCode=osi&th=1&psc=1">View Product</a></div>
<div class="product"><a href="https://www.amazon.com/dp/B0070WGV9K?tag=eloabder-20&linkCode=osi&th=1&psc=1"><img src="https://m.media-amazon.com/images/I/41pqg6p2q0L._SL500_.jpg" alt="Product Image"></a><p>Regalo Swing Down Bed Rail Guard, with Reinforced Anchor Safety System</p><p> -8% 0FF </p><p>$23.99</p><a href="https://www.amazon.com/dp/B0070WGV9K?tag=eloabder-20&linkCode=osi&th=1&psc=1">View Product</a></div><div class="product"><a href="https://www.amazon.com/dp/B0CWS2NZ3K?tag=eloabder-20&linkCode=osi&th=1&psc=1"><img src="https://m.media-amazon.com/images/I/41OVQSq+N9L._SL500_.jpg" alt="Product Image"></a><p>NUTIKAS Baby Bed Rail Guard for Toddlers - 47" Toddler Bed Side Rails for Twin, Full, Queen Bunk Size Bed Swing Down Bedrail Extral Tall Child Safety Side Railing Guards for Kids</p><p> -27% 0FF </p><p>$35.98</p><a href="https://www.amazon.com/dp/B0CWS2NZ3K?tag=eloabder-20&linkCode=osi&th=1&psc=1">View Product</a></div><div class="product"><a href="https://www.amazon.com/dp/B00MTJWT68?tag=eloabder-20&linkCode=osi&th=1&psc=1"><img src="https://m.media-amazon.com/images/I/21FdaFkL+tL._SL500_.jpg" alt="Product Image"></a><p>Dream On Me Lightweight Mesh Security Adjustable Bed Rail for Toddler, Breathable Mesh Fabric, Suitable for All Types Of Beds, Reinforced Anchor System Bed Guard Rail, White</p><p> -50% 0FF </p><p>$19.98</p><a href="https://www.amazon.com/dp/B00MTJWT68?tag=eloabder-20&linkCode=osi&th=1&psc=1">View Product</a></div><div class="product"><a href="https://www.amazon.com/dp/B07JJP7S3Q?tag=eloabder-20&linkCode=osi&th=1&psc=1"><img src="https://m.media-amazon.com/images/I/41Rn7Sf-wLL._SL500_.jpg" alt="Product Image"></a><p>BANBALOO | Bed Bumper for Toddlers 53" | Bed Rails for Queen, King, Twin, Full-Size Bed | Toddler Bed Bumper | Bumpers for Bed | Bed Rail for Toddlers | Bed Barrier for Toddler | Foam Bumper</p><p> -23% 0FF </p><p>$26.99</p><a href="https://www.amazon.com/dp/B07JJP7S3Q?tag=eloabder-20&linkCode=osi&th=1&psc=1">View Product</a></div>
<div class="product"><a href="https://www.amazon.com/dp/B07SPT3D3J?tag=eloabder-20&linkCode=osi&th=1&psc=1"><img src="https://m.media-amazon.com/images/I/517zG-7ToEL._SL500_.jpg" alt="Product Image"></a><p>Teddy Soft Baby Book Activity Quiet Cloth Books Developmental Toys,Interactive Baby Books for Babies Toddlers Infants kids,Baby Boy Girls Machine Washable Toys Fabric Soft Book Goodnight Gift Box</p><p> -5% 0FF </p><p>$17.95</p><a href="https://www.amazon.com/dp/B07SPT3D3J?tag=eloabder-20&linkCode=osi&th=1&psc=1">View Product</a></div>
<div class="product"><a href="https://www.amazon.com/dp/B00JFTFPHK?tag=eloabder-20&linkCode=osi&th=1&psc=1"><img src="https://m.media-amazon.com/images/I/51O+qRW-KEL._SL500_.jpg" alt="Product Image"></a><p>25pcs 1" Pacifier Suspender Clips, Marrywindix Pacifier Clips for Making Pacifier Holders Bib Clips Toy Holder Silver</p><p> -33% 0FF </p><p>$5.99</p><a href="https://www.amazon.com/dp/B00JFTFPHK?tag=eloabder-20&linkCode=osi&th=1&psc=1">View Product</a></div><div class="product"><a href="https://www.amazon.com/dp/B00W94QLX0?tag=eloabder-20&linkCode=osi&th=1&psc=1"><img src="https://m.media-amazon.com/images/I/51O+qRW-KEL._SL500_.jpg" alt="Product Image"></a><p>50pcs 1" Pacifier Suspender Clips, Marrywindix Pacifier Clips for Making Pacifier Holders Bib Clips Toy Holder Silver</p><p> -40% 0FF </p><p>$8.99</p><a href="https://www.amazon.com/dp/B00W94QLX0?tag=eloabder-20&linkCode=osi&th=1&psc=1">View Product</a></div>
<div class="product"><a href="https://www.amazon.com/dp/B08G4SDDQC?tag=eloabder-20&linkCode=osi&th=1&psc=1"><img src="https://m.media-amazon.com/images/I/41HQSFX14bL._SL500_.jpg" alt="Product Image"></a><p>8-Pack Organic Baby Bandana Drool Bibs for Girls - Super Absorbent Baby Bibs for Baby Girls, Baby Boys, Soft Cotton Bandana Bibs, Baby Drool Bib, Teething Bibs for Infant, Toddler(Muted Pastel)</p><p> -26% 0FF </p><p>$16.96</p><a href="https://www.amazon.com/dp/B08G4SDDQC?tag=eloabder-20&linkCode=osi&th=1&psc=1">View Product</a></div>
<div class="product"><a href="https://www.amazon.com/dp/B08NNDN5GF?tag=eloabder-20&linkCode=osi&th=1&psc=1"><img src="https://m.media-amazon.com/images/I/41ocef4uVmL._SL500_.jpg" alt="Product Image"></a><p>Hudson Baby Unisex Baby Plush Sleeping Bag, Sack, Blanket, Gray Clouds, 18-24 Months</p><p> -37% 0FF </p><p>$10.08</p><a href="https://www.amazon.com/dp/B08NNDN5GF?tag=eloabder-20&linkCode=osi&th=1&psc=1">View Product</a></div><div class="product"><a href="https://www.amazon.com/dp/B0CQMHYCMX?tag=eloabder-20&linkCode=osi&th=1&psc=1"><img src="https://m.media-amazon.com/images/I/41vq0RvJ3yL._SL500_.jpg" alt="Product Image"></a><p>Gerber Baby Girls Flame Resistant Fleece Footed Pajamas 2-Pack, Purple Rainbows</p><p> -6% 0FF </p><p>$16.98</p><a href="https://www.amazon.com/dp/B0CQMHYCMX?tag=eloabder-20&linkCode=osi&th=1&psc=1">View Product</a></div>
<div class="product"><a href="https://www.amazon.com/dp/B0BDRKG478?tag=eloabder-20&linkCode=osi&th=1&psc=1"><img src="https://m.media-amazon.com/images/I/31LBn9SzD9L._SL500_.jpg" alt="Product Image"></a><p>Graco TurboBooster 2.0 Backless Booster Car Seat, Denton</p><p> -29% 0FF </p><p>$20.49</p><a href="https://www.amazon.com/dp/B0BDRKG478?tag=eloabder-20&linkCode=osi&th=1&psc=1">View Product</a></div><div class="product"><a href="https://www.amazon.com/dp/B07C2RNRCJ?tag=eloabder-20&linkCode=osi&th=1&psc=1"><img src="https://m.media-amazon.com/images/I/31CuULOPD4L._SL500_.jpg" alt="Product Image"></a><p>Graco Tranzitions 3 in 1 Harness Booster Seat</p><p> -21% 0FF </p><p>$94.49</p><a href="https://www.amazon.com/dp/B07C2RNRCJ?tag=eloabder-20&linkCode=osi&th=1&psc=1">View Product</a></div>
<div class="product"><a href="https://www.amazon.com/dp/B09H6Y14KH?tag=eloabder-20&linkCode=osi&th=1&psc=1"><img src="https://m.media-amazon.com/images/I/410cJD5cOBL._SL500_.jpg" alt="Product Image"></a><p>Mancro Breastmilk Cooler Bag with Ice Pack, Fits 6 Baby Bottles Up to 9 Ounce Insulated Bottle Bag, Breast Milk on The go Strap, for Nursing Mom Daycare, Black</p><p> -6% 0FF </p><p>$16.99</p><a href="https://www.amazon.com/dp/B09H6Y14KH?tag=eloabder-20&linkCode=osi&th=1&psc=1">View Product</a></div>
<div class="product"><a href="https://www.amazon.com/dp/B006SFUCV8?tag=eloabder-20&linkCode=osi&th=1&psc=1"><img src="https://m.media-amazon.com/images/I/31Uu2+3+7RL._SL500_.jpg" alt="Product Image"></a><p>Munchkin® High Capacity Drying Rack for Baby Bottles and Accessories, White</p><p> -6% 0FF </p><p>$13.75</p><a href="https://www.amazon.com/dp/B006SFUCV8?tag=eloabder-20&linkCode=osi&th=1&psc=1">View Product</a></div><div class="product"><a href="https://www.amazon.com/dp/B0CHJS27KB?tag=eloabder-20&linkCode=osi&th=1&psc=1"><img src="https://m.media-amazon.com/images/I/51CDxHsKEAL._SL500_.jpg" alt="Product Image"></a><p>Termichy Baby Bottle Drying Rack: Large Vertical Bottle Dryer Rack Holder - Space Saving Standing Drying Rack for Baby Bottles and Pump Part Cleaning (Gray)</p><p> -7% 0FF </p><p>$26.99</p><a href="https://www.amazon.com/dp/B0CHJS27KB?tag=eloabder-20&linkCode=osi&th=1&psc=1">View Product</a></div><div class="product"><a href="https://www.amazon.com/dp/B00RQ83N76?tag=eloabder-20&linkCode=osi&th=1&psc=1"><img src="https://m.media-amazon.com/images/I/31bE-Iv6B6L._SL500_.jpg" alt="Product Image"></a><p>Munchkin Fold Baby Bottle Drying Rack - Compact Design Folds Flat for Easy Storage, White/Grey</p><p> -8% 0FF </p><p>$7.76</p><a href="https://www.amazon.com/dp/B00RQ83N76?tag=eloabder-20&linkCode=osi&th=1&psc=1">View Product</a></div><div class="product"><a href="https://www.amazon.com/dp/B00HNVWGNS?tag=eloabder-20&linkCode=osi&th=1&psc=1"><img src="https://m.media-amazon.com/images/I/41oD0n0VKWL._SL500_.jpg" alt="Product Image"></a><p>Dr. Brown's Folding Baby Bottle Drying Rack for Easy Storage, Dry Nipples, Pacifiers and Other Baby Essentials, BPA-free</p><p> -34% 0FF </p><p>$11.89</p><a href="https://www.amazon.com/dp/B00HNVWGNS?tag=eloabder-20&linkCode=osi&th=1&psc=1">View Product</a></div><div class="product"><a href="https://www.amazon.com/dp/B0CMRV5CPZ?tag=eloabder-20&linkCode=osi&th=1&psc=1"><img src="https://m.media-amazon.com/images/I/41XhN13vG4L._SL500_.jpg" alt="Product Image"></a><p>Dr. Brown's Drying Tower, Stand-Up Drying Rack, Countertop Baby Bottle Drying with Organized Storage for Baby Essentials, Space Saving Vertical Rack</p><p> -32% 0FF </p><p>$19.98</p><a href="https://www.amazon.com/dp/B0CMRV5CPZ?tag=eloabder-20&linkCode=osi&th=1&psc=1">View Product</a></div>
<div class="product"><a href="https://www.amazon.com/dp/B0876T9DQZ?tag=eloabder-20&linkCode=osi&th=1&psc=1"><img src="https://m.media-amazon.com/images/I/41EvYRi2WLL._SL500_.jpg" alt="Product Image"></a><p>Philips Avent Premium Fast Bottle Warmer, with Smart Temperature Control, Water Bath Technology, Automatic Shut-Off, Model SCF358</p><p> -20% 0FF </p><p>$39.99</p><a href="https://www.amazon.com/dp/B0876T9DQZ?tag=eloabder-20&linkCode=osi&th=1&psc=1">View Product</a></div><div class="product"><a href="https://www.amazon.com/dp/B0D2X9276K?tag=eloabder-20&linkCode=osi&th=1&psc=1"><img src="https://m.media-amazon.com/images/I/31kRB6a3EoL._SL500_.jpg" alt="Product Image"></a><p>WITGER 8-in-1 Baby Bottle Warmer and Sterilizer - Fast Heating, Accurate Temperature Control, BPA-Free, Defrosting, Food Heating, and Constant Temperature Maintenance.</p><p> -14% 0FF </p><p>$29.99</p><a href="https://www.amazon.com/dp/B0D2X9276K?tag=eloabder-20&linkCode=osi&th=1&psc=1">View Product</a></div><div class="product"><a href="https://www.amazon.com/dp/B09XJBQWQZ?tag=eloabder-20&linkCode=osi&th=1&psc=1"><img src="https://m.media-amazon.com/images/I/41rEmiL1MDL._SL500_.jpg" alt="Product Image"></a><p>Dr. Brown’s™ Insta-Feed™ Bottle Warmer and Sterilizer</p><p> -14% 0FF </p><p>$24.99</p><a href="https://www.amazon.com/dp/B09XJBQWQZ?tag=eloabder-20&linkCode=osi&th=1&psc=1">View Product</a></div><div class="product"><a href="https://www.amazon.com/dp/B0B97M3PX2?tag=eloabder-20&linkCode=osi&th=1&psc=1"><img src="https://m.media-amazon.com/images/I/31D1jFeOavL._SL500_.jpg" alt="Product Image"></a><p>Momcozy Bottle Warmer, Fast Bottle Warmers for All Bottles with Timer, Accurate Temperature Control and Automatic Shut-Off, Multifunctional Bottle Warmer for Breastmilk</p><p> -43% 0FF </p><p>$33.99</p><a href="https://www.amazon.com/dp/B0B97M3PX2?tag=eloabder-20&linkCode=osi&th=1&psc=1">View Product</a></div><div class="product"><a href="https://www.amazon.com/dp/B07YJKWTYW?tag=eloabder-20&linkCode=osi&th=1&psc=1"><img src="https://m.media-amazon.com/images/I/31Rfvw7DMyL._SL500_.jpg" alt="Product Image"></a><p>Bottle Warmer, GROWNSY 8-in-1 Fast Baby Milk Warmer with Timer for Breastmilk or Formula, Accurate Temperature Control, with Defrost, Sterili-zing, Keep, Heat Baby Food Jars Function</p><p> -20% 0FF </p><p>$39.99</p><a href="https://www.amazon.com/dp/B07YJKWTYW?tag=eloabder-20&linkCode=osi&th=1&psc=1">View Product</a></div><div class="product"><a href="https://www.amazon.com/dp/B0BY26RDWQ?tag=eloabder-20&linkCode=osi&th=1&psc=1"><img src="https://m.media-amazon.com/images/I/412nEaDc-cL._SL500_.jpg" alt="Product Image"></a><p>Momcozy Nutri Bottle Warmer, 9-in-1 Baby Bottle Warmer with Night Light, Accurate Temperature to Preserve Fullest Nutrients in Breast Milk, Bottle Warmers for All Bottles with Breastmilk or Formula</p><p> -20% 0FF </p><p>$39.99</p><a href="https://www.amazon.com/dp/B0BY26RDWQ?tag=eloabder-20&linkCode=osi&th=1&psc=1">View Product</a></div><div class="product"><a href="https://www.amazon.com/dp/B00005BXKM?tag=eloabder-20&linkCode=osi&th=1&psc=1"><img src="https://m.media-amazon.com/images/I/31nh2NZoUTL._SL500_.jpg" alt="Product Image"></a><p>The First Years Baby Bottle Warmer and Sterilizer - Pacifier and Bottle Nipple Sanitizer - Feeding Baby Essentials for Formula or Breast Milk - Holds Multiple Sizes</p><p> -10% 0FF </p><p>$19.75</p><a href="https://www.amazon.com/dp/B00005BXKM?tag=eloabder-20&linkCode=osi&th=1&psc=1">View Product</a></div>
<div class="product"><a href="https://www.amazon.com/dp/B0C7FL2XSL?tag=eloabder-20&linkCode=osi&th=1&psc=1"><img src="https://m.media-amazon.com/images/I/3195BfbxF2L._SL500_.jpg" alt="Product Image"></a><p>Motif Medical, Milk Storage Bags, 6 oz Milk Freezer Bag with Easy Pour Spout, BPA Free, Write-On Label - 100 Count</p><p> -20% 0FF </p><p>$15.99</p><a href="https://www.amazon.com/dp/B0C7FL2XSL?tag=eloabder-20&linkCode=osi&th=1&psc=1">View Product</a></div>
<div class="product"><a href="https://www.amazon.com/dp/B08H9QJVNZ?tag=eloabder-20&linkCode=osi&th=1&psc=1"><img src="https://m.media-amazon.com/images/I/31XZwvFZhIL._SL500_.jpg" alt="Product Image"></a><p>Medela Manual breast pump with Flex Shields Harmony Single Hand for More Comfort and Expressing More Milk</p><p> -34% 0FF </p><p>$28.72</p><a href="https://www.amazon.com/dp/B08H9QJVNZ?tag=eloabder-20&linkCode=osi&th=1&psc=1">View Product</a></div><div class="product"><a href="https://www.amazon.com/dp/B0BXH3XF7X?tag=eloabder-20&linkCode=osi&th=1&psc=1"><img src="https://m.media-amazon.com/images/I/41GBdp47u+L._SL500_.jpg" alt="Product Image"></a><p>Momcozy Hands Free Breast Pump S9 Pro Updated, Wearable Breast Pump of Longer Battery Life & LED Display, Double Portable Electric Breast Pump with 2 Modes & 9 Levels - 24mm, 2 Pack Gray</p><p> -31% 0FF </p><p>$95.98</p><a href="https://www.amazon.com/dp/B0BXH3XF7X?tag=eloabder-20&linkCode=osi&th=1&psc=1">View Product</a></div><div class="product"><a href="https://www.amazon.com/dp/B0CNGJMQDD?tag=eloabder-20&linkCode=osi&th=1&psc=1"><img src="https://m.media-amazon.com/images/I/41XS8v-5dyL._SL500_.jpg" alt="Product Image"></a><p>Momcozy Breast Pump Hands Free M5, Wearable Breast Pump of Baby Mouth Double-Sealed Flange with 3 Modes & 9 Levels, Electric Breast Pump Portable - 24mm, 2 Pack Cozy Red</p><p> -23% 0FF </p><p>$199.99 ($100.00 / Count)</p><a href="https://www.amazon.com/dp/B0CNGJMQDD?tag=eloabder-20&linkCode=osi&th=1&psc=1">View Product</a></div><div class="product"><a href="https://www.amazon.com/dp/B0DK9VJCRK?tag=eloabder-20&linkCode=osi&th=1&psc=1"><img src="https://m.media-amazon.com/images/I/41RyWq3DsfL._SL500_.jpg" alt="Product Image"></a><p>Hands Free Breast Pump Wearable MY-375 - Strong Suction, Low Noise, Wearable Breastfeeding Pump with 4 Mode &12 Levels, Portable Electric Breast Pump - 19/21/24mm Insert/Flange, 2 Pack (White)</p><p> -33% 0FF </p><p>$99.99 ($50.00 / Count)</p><a href="https://www.amazon.com/dp/B0DK9VJCRK?tag=eloabder-20&linkCode=osi&th=1&psc=1">View Product</a></div>
<div class="product"><a href="https://www.amazon.com/dp/B0BTZTSMM7?tag=eloabder-20&linkCode=osi&th=1&psc=1"><img src="https://m.media-amazon.com/images/I/41E+gI3y2mL._SL500_.jpg" alt="Product Image"></a><p>Konssy Muslin Nursing Cover for Baby Breastfeeding, Breathable 100% Cotton Breastfeeding Cover with Rigid Hoop for Mother Nursing Apron, Multi-use Carseat Canopy (Summer Wheat)</p><p> -25% 0FF </p><p>$14.99</p><a href="https://www.amazon.com/dp/B0BTZTSMM7?tag=eloabder-20&linkCode=osi&th=1&psc=1">View Product</a></div><div class="product"><a href="https://www.amazon.com/dp/B0CRY93RSV?tag=eloabder-20&linkCode=osi&th=1&psc=1"><img src="https://m.media-amazon.com/images/I/31GF3tvRWjL._SL500_.jpg" alt="Product Image"></a><p>Konssy Knit Nursing Cover for Breastfeeding, 360 Full Privacy Breathable Breastfeeding Cover, Multi-use Carseat Canopy(Beige)</p><p> -25% 0FF </p><p>$14.99</p><a href="https://www.amazon.com/dp/B0CRY93RSV?tag=eloabder-20&linkCode=osi&th=1&psc=1">View Product</a></div><div class="product"><a href="https://www.amazon.com/dp/B0CYM1Y178?tag=eloabder-20&linkCode=osi&th=1&psc=1"><img src="https://m.media-amazon.com/images/I/41BlDYTW3hL._SL500_.jpg" alt="Product Image"></a><p>Comfy Cubs Nursing Cover for Baby Breastfeeding - 100% Muslin Cotton, Soft & Breathable Cotton, Breastfeeding Pumping Cover for Mom, with Rigid Hoop - Privacy Unisex Lightweight Wrap (Pacific Blue)</p><p> -48% 0FF </p><p>$12.99</p><a href="https://www.amazon.com/dp/B0CYM1Y178?tag=eloabder-20&linkCode=osi&th=1&psc=1">View Product</a></div><div class="product"><a href="https://www.amazon.com/dp/B074M6FRND?tag=eloabder-20&linkCode=osi&th=1&psc=1"><img src="https://m.media-amazon.com/images/I/51odoDcAZ9L._SL500_.jpg" alt="Product Image"></a><p>Baby Nursing Cover & Nursing Poncho - Multi Use Cover for Baby Car Seat Canopy, Shopping Cart Cover, Stroller Cover, 360° Full Privacy Breastfeeding Coverage, Baby Shower Gifts for Boy&Girl</p><p> -30% 0FF </p><p>$13.95</p><a href="https://www.amazon.com/dp/B074M6FRND?tag=eloabder-20&linkCode=osi&th=1&psc=1">View Product</a></div><div class="product"><a href="https://www.amazon.com/dp/B0CB15QFNL?tag=eloabder-20&linkCode=osi&th=1&psc=1"><img src="https://m.media-amazon.com/images/I/31GyAL5zSlL._SL500_.jpg" alt="Product Image"></a><p>Breathable Car Seat Cover for Babies – Multi-Purpose Soft Rayon Nursing Cover for Breastfeeding, High Stretchy Infant Carseat Canopy, Stroller Cover (Smooth Rayon, Blush)</p><p> -20% 0FF </p><p>$7.99</p><a href="https://www.amazon.com/dp/B0CB15QFNL?tag=eloabder-20&linkCode=osi&th=1&psc=1">View Product</a></div>
<div class="product"><a href="https://www.amazon.com/dp/B00PC3K7OE?tag=eloabder-20&linkCode=osi&th=1&psc=1"><img src="https://m.media-amazon.com/images/I/41Ysisnr8oL._SL500_.jpg" alt="Product Image"></a><p>My Brest Friend Nursing Pillow - Deluxe - Enhanced Comfort w/ Slipcover - Ergonomic Breastfeeding Pillow For Ultimate Support For Mom & Baby - Adjustable Pillow W/ Handy Side Pocket, Evening Grey</p><p> -6% 0FF </p><p>$49.99</p><a href="https://www.amazon.com/dp/B00PC3K7OE?tag=eloabder-20&linkCode=osi&th=1&psc=1">View Product</a></div><div class="product"><a href="https://www.amazon.com/dp/B0B2W7X465?tag=eloabder-20&linkCode=osi&th=1&psc=1"><img src="https://m.media-amazon.com/images/I/41TWXbEgaJL._SL500_.jpg" alt="Product Image"></a><p>Momcozy Nursing Pillow for Breastfeeding, Original Plus Size Breastfeeding Pillows for More Support for Mom and Baby, with Adjustable Waist Strap and Removable Cotton Cover, Grey</p><p> -17% 0FF </p><p>$39.99</p><a href="https://www.amazon.com/dp/B0B2W7X465?tag=eloabder-20&linkCode=osi&th=1&psc=1">View Product</a></div><div class="product"><a href="https://www.amazon.com/dp/B08LF56YHJ?tag=eloabder-20&linkCode=osi&th=1&psc=1"><img src="https://m.media-amazon.com/images/I/31pJjCYHNMS._SL500_.jpg" alt="Product Image"></a><p>My Brest Friend Super Deluxe Nursing Pillow - Enhanced Comfort & Ergonomic Breastfeeding Pillow for Ultimate Support For Mom & Baby - Adjustable and with Handy Side Pocket, Platinum</p><p> -8% 0FF </p><p>$59.99</p><a href="https://www.amazon.com/dp/B08LF56YHJ?tag=eloabder-20&linkCode=osi&th=1&psc=1">View Product</a></div><div class="product"><a href="https://www.amazon.com/dp/B0C3RWRCQM?tag=eloabder-20&linkCode=osi&th=1&psc=1"><img src="https://m.media-amazon.com/images/I/516Q+AKi5kL._SL500_.jpg" alt="Product Image"></a><p>PILLANI Nursing Pillow, Plus Size Breastfeeding Pillows for Enhanced Support & Comfort for Mom & Baby, Removable Cotton Cover, Adjustable Waist Strap, Breastfeeding Essentials, Baby Registry Search</p><p> -20% 0FF </p><p>$31.99</p><a href="https://www.amazon.com/dp/B0C3RWRCQM?tag=eloabder-20&linkCode=osi&th=1&psc=1">View Product</a></div><div class="product"><a href="https://www.amazon.com/dp/B0CPVDN3J3?tag=eloabder-20&linkCode=osi&th=1&psc=1"><img src="https://m.media-amazon.com/images/I/41sq3SZUjlL._SL500_.jpg" alt="Product Image"></a><p>Momcozy Original Nursing Pillow and Positioner, Plus Size Breast Feeding Pillow for More Support for Mom and Baby Boy or Girl，Baby Essentials for Nursing or Bottle Feeding and Removable Cotton Cover</p><p> -15% 0FF </p><p>$39.99</p><a href="https://www.amazon.com/dp/B0CPVDN3J3?tag=eloabder-20&linkCode=osi&th=1&psc=1">View Product</a></div><div class="product"><a href="https://www.amazon.com/dp/B00PC3JYQQ?tag=eloabder-20&linkCode=osi&th=1&psc=1"><img src="https://m.media-amazon.com/images/I/51AoteowPXL._SL500_.jpg" alt="Product Image"></a><p>My Brest Friend Original Nursing Pillow Enhanced Ergonomics Essential Breastfeeding Pillow Support For Mom & Baby W/ Convenient Side Pocket, Double Straps & slipcover, Midnight Poppy</p><p> -7% 0FF </p><p>$41.99</p><a href="https://www.amazon.com/dp/B00PC3JYQQ?tag=eloabder-20&linkCode=osi&th=1&psc=1">View Product</a></div>
<div class="product"><a href="https://www.amazon.com/dp/B09KRKGJ3S?tag=eloabder-20&linkCode=osi&th=1&psc=1"><img src="https://m.media-amazon.com/images/I/41fXKHSGeCL._SL500_.jpg" alt="Product Image"></a><p>Looxii Muslin Burp Cloths 100% Cotton Large 20''x10'' Extra Soft and Absorbent 6 Pack Baby Burping Cloth for Boys Girls (Dark Green)</p><p> -6% 0FF </p><p>$13.14</p><a href="https://www.amazon.com/dp/B09KRKGJ3S?tag=eloabder-20&linkCode=osi&th=1&psc=1">View Product</a></div><div class="product"><a href="https://www.amazon.com/dp/B0CLPGQWNB?tag=eloabder-20&linkCode=osi&th=1&psc=1"><img src="https://m.media-amazon.com/images/I/416sGTkqHRL._SL500_.jpg" alt="Product Image"></a><p>Comfy Cubs Muslin Burp Cloths Large 100% Cotton Hand Washcloths for Babies, Baby Essentials 6 Layers Extra Absorbent and Soft Boys & Girls Baby Bibs & Burp Cloths Set (Multicolor, 10-Pack, 20" X10")</p><p> -33% 0FF </p><p>$19.99</p><a href="https://www.amazon.com/dp/B0CLPGQWNB?tag=eloabder-20&linkCode=osi&th=1&psc=1">View Product</a></div><div class="product"><a href="https://www.amazon.com/dp/B0CNKWNY43?tag=eloabder-20&linkCode=osi&th=1&psc=1"><img src="https://m.media-amazon.com/images/I/31iZQ-IdT6L._SL500_.jpg" alt="Product Image"></a><p>Comfy Cubs Burp Cloths 6 Pack Large 100% Cotton Washcloths Double Layered Absorbent Burping Cloth Extra Absorbent Baby Burp Cloth Extra Soft for Boys and Girls (Multicolor Girl, Pack of 6)</p><p> -40% 0FF </p><p>$14.99 ($2.50 / Count)</p><a href="https://www.amazon.com/dp/B0CNKWNY43?tag=eloabder-20&linkCode=osi&th=1&psc=1">View Product</a></div>
<div class="product"><a href="https://www.amazon.com/dp/B096NZHHVR?tag=eloabder-20&linkCode=osi&th=1&psc=1"><img src="https://m.media-amazon.com/images/I/41PxfLKcdWL._SL500_.jpg" alt="Product Image"></a><p>Meolsaek Car Seat Protector for Child Car Seat, 600D Fabric Waterproof Car Seat Cover with Non-Slip Backing, Under Baby Car Seat from Pressure Marks</p><p> -15% 0FF </p><p>$33.97</p><a href="https://www.amazon.com/dp/B096NZHHVR?tag=eloabder-20&linkCode=osi&th=1&psc=1">View Product</a></div><div class="product"><a href="https://www.amazon.com/dp/B096PGXGB4?tag=eloabder-20&linkCode=osi&th=1&psc=1"><img src="https://m.media-amazon.com/images/I/31Y4e9zhROS._SL500_.jpg" alt="Product Image"></a><p>XHYANG Car Seat Protector 1 Pack Car Seat Cushion Mat Thickest Padding,Waterproof 600D Fabric Car Seat Covers for Non-Slip Backing Mesh Pockets for Baby and Pet (1 Seat Protector)</p><p> -24% 0FF </p><p>$17.95</p><a href="https://www.amazon.com/dp/B096PGXGB4?tag=eloabder-20&linkCode=osi&th=1&psc=1">View Product</a></div><div class="product"><a href="https://www.amazon.com/dp/B09828NDRS?tag=eloabder-20&linkCode=osi&th=1&psc=1"><img src="https://m.media-amazon.com/images/I/31ua+nTGAXL._SL500_.jpg" alt="Product Image"></a><p>XHYANG Car Seat Protector,Auto Car Seat Protectors Baby Carseat Waterproof Durable 600D Fabric for Child Baby Car Seat Mat Vehicle Pet Cover 2 Storage Pockets (1 Pack)</p><p> -31% 0FF </p><p>$17.99</p><a href="https://www.amazon.com/dp/B09828NDRS?tag=eloabder-20&linkCode=osi&th=1&psc=1">View Product</a></div><div class="product"><a href="https://www.amazon.com/dp/B0CB14PHZT?tag=eloabder-20&linkCode=osi&th=1&psc=1"><img src="https://m.media-amazon.com/images/I/31lC1dggTTL._SL500_.jpg" alt="Product Image"></a><p>Breathable Car Seat Cover for Babies – Multi-Purpose Soft Rayon Nursing Cover for Breastfeeding, High Stretchy Infant Carseat Canopy, Stroller Cover (Smooth Rayon, Roman Green)</p><p> -20% 0FF </p><p>$7.19</p><a href="https://www.amazon.com/dp/B0CB14PHZT?tag=eloabder-20&linkCode=osi&th=1&psc=1">View Product</a></div><div class="product"><a href="https://www.amazon.com/dp/B08H4WCFXV?tag=eloabder-20&linkCode=osi&th=1&psc=1"><img src="https://m.media-amazon.com/images/I/516mz-4vqgL._SL500_.jpg" alt="Product Image"></a><p>Yoofoss Baby Car Seat Cover Winter Carseat Canopies Cover to Protect Baby from Cold Wind, Super Warm Plush Fleece Baby Carrier Cover for Infant Boys Girls (Black)</p><p> -11% 0FF </p><p>$32.99</p><a href="https://www.amazon.com/dp/B08H4WCFXV?tag=eloabder-20&linkCode=osi&th=1&psc=1">View Product</a></div>

<div class="product"><a href="https://www.amazon.com/dp/B07W6JGDYW?tag=eloabder-20&linkCode=osi&th=1&psc=1"><img src="https://m.media-amazon.com/images/I/41H2tKos7SL._SL500_.jpg" alt="Product Image"></a><p>Kaiphy Car Seat Protector - Seat Protection Mat - Thick Padding - Durable, Waterproof Fabric, Leather Reinforced Corners & 3 Pockets for Handy Storage Black</p><p> -46% 0FF </p><p>$13.97</p><a href="https://www.amazon.com/dp/B07W6JGDYW?tag=eloabder-20&linkCode=osi&th=1&psc=1">View Product</a></div><div class="product"><a href="https://www.amazon.com/dp/B0D5XFHH28?tag=eloabder-20&linkCode=osi&th=1&psc=1"><img src="https://m.media-amazon.com/images/I/31XhcmIiWAL._SL500_.jpg" alt="Product Image"></a><p>Car Seat Protector, Carseat Seat Protectors with Thick Padding and Upgraded Non-Slip Backing, Waterproof Seat Protector under Baby Car Seat, 600D Fabric Car Seat Covers with Storage Pockets for Baby</p><p> -20% 0FF </p><p>$13.59</p><a href="https://www.amazon.com/dp/B0D5XFHH28?tag=eloabder-20&linkCode=osi&th=1&psc=1">View Product</a></div><div class="product"><a href="https://www.amazon.com/dp/B07JBQBVL6?tag=eloabder-20&linkCode=osi&th=1&psc=1"><img src="https://m.media-amazon.com/images/I/31PZj+OEfjL._SL500_.jpg" alt="Product Image"></a><p>Car Seat Protector for Baby Child Car Seats, Shynerk Auto Seat Cover Mat for Under Carseat to Protect Automotive Vehicle Leather and Cloth Upholstery - Waterproof and Dirt Resistant</p><p> -33% 0FF </p><p>$19.99</p><a href="https://www.amazon.com/dp/B07JBQBVL6?tag=eloabder-20&linkCode=osi&th=1&psc=1">View Product</a></div>
<div class="product"><a href="https://www.amazon.com/dp/B00O64QJOC?tag=eloabder-20&linkCode=osi&th=1&psc=1"><img src="https://m.media-amazon.com/images/I/21l2K1fjgyL._SL500_.jpg" alt="Product Image"></a><p>Munchkin® Secure Grip™ Contoured Baby Diaper Changing Pad for Dresser, Waterproof, 16" x 31"</p><p> -10% 0FF </p><p>$31.49</p><a href="https://www.amazon.com/dp/B00O64QJOC?tag=eloabder-20&linkCode=osi&th=1&psc=1">View Product</a></div><div class="product"><a href="https://www.amazon.com/dp/B0DF1W28C5?tag=eloabder-20&linkCode=osi&th=1&psc=1"><img src="https://m.media-amazon.com/images/I/31F+H+AlPWL._SL500_.jpg" alt="Product Image"></a><p>Blissful Diary Vegan Leather Baby Changing Pad with Waterproof & Wipe-Clean PU Cover, Standard Size Cozy Baby Changing Table Pads for Dressers/Tables, Taupe</p><p> -13% 0FF </p><p>$34.99</p><a href="https://www.amazon.com/dp/B0DF1W28C5?tag=eloabder-20&linkCode=osi&th=1&psc=1">View Product</a></div><div class="product"><a href="https://www.amazon.com/dp/B0B45JKHGG?tag=eloabder-20&linkCode=osi&th=1&psc=1"><img src="https://m.media-amazon.com/images/I/41i2u89FqBL._SL500_.jpg" alt="Product Image"></a><p>YENING Baby Diaper Changing Pad for Dresser Top with Cover Waterproof Lining Foam Contoured Changing Table Pads Topper 31" x 16" Grey</p><p> -33% 0FF </p><p>$26.98</p><a href="https://www.amazon.com/dp/B0B45JKHGG?tag=eloabder-20&linkCode=osi&th=1&psc=1">View Product</a></div>
<div class="product"><a href="https://www.amazon.com/dp/B0D3BPZ77F?tag=eloabder-20&linkCode=osi&th=1&psc=1"><img src="https://m.media-amazon.com/images/I/41-+eE90DeL._SL500_.jpg" alt="Product Image"></a><p>Baby Changing Table, Versatile Folding Changing Table, Waterproof Diaper Changing Station, Adjustable Height with 2 Drawers,Baby Changing Station, Mobile Nursery for Infant and Newborn</p><p> -30% 0FF </p><p>$159.99</p><a href="https://www.amazon.com/dp/B0D3BPZ77F?tag=eloabder-20&linkCode=osi&th=1&psc=1">View Product</a></div><div class="product"><a href="https://www.amazon.com/dp/B073YB522V?tag=eloabder-20&linkCode=osi&th=1&psc=1"><img src="https://m.media-amazon.com/images/I/41IwxC2WttS._SL500_.jpg" alt="Product Image"></a><p>Delta Children Eclipse Changing Table with Changing Pad, Grey</p><p> -44% 0FF </p><p>$79.00</p><a href="https://www.amazon.com/dp/B073YB522V?tag=eloabder-20&linkCode=osi&th=1&psc=1">View Product</a></div><div class="product"><a href="https://www.amazon.com/dp/B075ZVTJ3D?tag=eloabder-20&linkCode=osi&th=1&psc=1"><img src="https://m.media-amazon.com/images/I/41Ig2EwFThL._SL500_.jpg" alt="Product Image"></a><p>Dream On Me Emily Changing Table In Steel Grey, Comes With 1" Changing Pad, Features Two Shelves, Portable Changing Station, Made Of Sustainable New Zealand Pinewood</p><p> -21% 0FF </p><p>$69.99</p><a href="https://www.amazon.com/dp/B075ZVTJ3D?tag=eloabder-20&linkCode=osi&th=1&psc=1">View Product</a></div><div class="product"><a href="https://www.amazon.com/dp/B08HMJCHCT?tag=eloabder-20&linkCode=osi&th=1&psc=1"><img src="https://m.media-amazon.com/images/I/31aqc05wT6L._SL500_.jpg" alt="Product Image"></a><p>Storkcraft Brookside 2 Drawer Changing Table Dresser (Pebble Gray) – GREENGUARD Gold Certified, Easy-to-Match Chest of Drawers and Cubbies for Nursery and Kids Bedroom, Includes Changing Table Topper</p><p> -31% 0FF </p><p>$151.29</p><a href="https://www.amazon.com/dp/B08HMJCHCT?tag=eloabder-20&linkCode=osi&th=1&psc=1">View Product</a></div><div class="product"><a href="https://www.amazon.com/dp/B005OSHTSO?tag=eloabder-20&linkCode=osi&th=1&psc=1"><img src="https://m.media-amazon.com/images/I/41ckUWX71DL._SL500_.jpg" alt="Product Image"></a><p>Badger Basket Modern Baby Changing Table with Laundry Hamper, 3 Storage Drawers and Pad, Diaper Change Station - White/White</p><p> -32% 0FF </p><p>$128.99</p><a href="https://www.amazon.com/dp/B005OSHTSO?tag=eloabder-20&linkCode=osi&th=1&psc=1">View Product</a></div><div class="product"><a href="https://www.amazon.com/dp/B08HHFZ5JJ?tag=eloabder-20&linkCode=osi&th=1&psc=1"><img src="https://m.media-amazon.com/images/I/31oH0mt34ML._SL500_.jpg" alt="Product Image"></a><p>Graco Noah 3 Drawer Chest with Changing Topper (White) – GREENGUARD Gold Certified, Baby Dresser With Changing Table Top, Dresser for Nursery, 3 Drawer Kids Dresser</p><p> -24% 0FF </p><p>$188.75</p><a href="https://www.amazon.com/dp/B08HHFZ5JJ?tag=eloabder-20&linkCode=osi&th=1&psc=1">View Product</a></div>
<div class="product"><a href="https://www.amazon.com/dp/B0BVHMHH4X?tag=eloabder-20&linkCode=osi&th=1&psc=1"><img src="https://m.media-amazon.com/images/I/41AOdI5vSML._SL500_.jpg" alt="Product Image"></a><p>TAHAVICE 1 Pack Over The Door Organizer, Bathroom Organizers and Storage with 5 Pockets 10 Mesh Pockets, 50 lbs Weight Capacity Stuffed Animal Storage for Nursery Newborn Baby Essential</p><p> -20% 0FF </p><p>$15.98</p><a href="https://www.amazon.com/dp/B0BVHMHH4X?tag=eloabder-20&linkCode=osi&th=1&psc=1">View Product</a></div><div class="product"><a href="https://www.amazon.com/dp/B06XJ343CC?tag=eloabder-20&linkCode=osi&th=1&psc=1"><img src="https://m.media-amazon.com/images/I/31zbpeWMpnL._SL500_.jpg" alt="Product Image"></a><p>20 Pack Clothing Rack Size Dividers, Wardrobe Round Hangers Label Closet Dividers with 1 Piece Marker Pen for Clothes Organization(White, Blank)</p><p> -14% 0FF </p><p>$8.59 ($0.43 / Count)</p><a href="https://www.amazon.com/dp/B06XJ343CC?tag=eloabder-20&linkCode=osi&th=1&psc=1">View Product</a></div><div class="product"><a href="https://www.amazon.com/dp/B09H4JTQC7?tag=eloabder-20&linkCode=osi&th=1&psc=1"><img src="https://m.media-amazon.com/images/I/51pFCzWgo3L._SL500_.jpg" alt="Product Image"></a><p>Pro Goleem Baby Closet Dividers Unisex Baby Closet Organizer for Nursery Baby Clothes Size Age Dividers Fits 1.5" Rod 6 PCS</p><p> -20% 0FF </p><p>$7.99</p><a href="https://www.amazon.com/dp/B09H4JTQC7?tag=eloabder-20&linkCode=osi&th=1&psc=1">View Product</a></div><div class="product"><a href="https://www.amazon.com/dp/B0DDTSNXNM?tag=eloabder-20&linkCode=osi&th=1&psc=1"><img src="https://m.media-amazon.com/images/I/517HtZWlKIL._SL500_.jpg" alt="Product Image"></a><p>Blissful Diary Baby Diaper Caddy Organizer, Cotton Rope Diaper Caddy Basket, Large Baby Shower Caddy for Newborn Boys and Girls, Gift for Baby Shower List, Newborn Essentials Basket, Earthy Rainbow</p><p> -30% 0FF </p><p>$15.99</p><a href="https://www.amazon.com/dp/B0DDTSNXNM?tag=eloabder-20&linkCode=osi&th=1&psc=1">View Product</a></div>
<div class="product"><a href="https://www.amazon.com/dp/B08DN1KTRH?tag=eloabder-20&linkCode=osi&th=1&psc=1"><img src="https://m.media-amazon.com/images/I/510rTaksLXL._SL500_.jpg" alt="Product Image"></a><p>16 Pack Baby Washcloths - Luxury Multicolor Coral Fleece - Extra Absorbent and Soft Wash Clothes for Newborns, Infants and Toddlers - Suitable for Sensitive Skin and New Born - Baby Shower, 10x10 Inch</p><p> -47% 0FF </p><p>$9.99</p><a href="https://www.amazon.com/dp/B08DN1KTRH?tag=eloabder-20&linkCode=osi&th=1&psc=1">View Product</a></div><div class="product"><a href="https://www.amazon.com/dp/B088RBY8Y5?tag=eloabder-20&linkCode=osi&th=1&psc=1"><img src="https://m.media-amazon.com/images/I/31Ku9qSjBCL._SL500_.jpg" alt="Product Image"></a><p>Yoofoss Muslin Burp Cloths for Baby 10 Pack 100% Cotton Baby Washcloths for Boys Girls Large 20''X10'' Super Soft and Absorbent White</p><p> -5% 0FF </p><p>$18.95</p><a href="https://www.amazon.com/dp/B088RBY8Y5?tag=eloabder-20&linkCode=osi&th=1&psc=1">View Product</a></div>
<div class="product"><a href="https://www.amazon.com/dp/B0CMZJ1J4T?tag=eloabder-20&linkCode=osi&th=1&psc=1"><img src="https://m.media-amazon.com/images/I/410bv8kIM8L._SL500_.jpg" alt="Product Image"></a><p>Jay Franco Bluey & Bingo Toddler Comforter Set - 4 Piece Bed Set Includes Sheet Set & Pillow Covers - Super Soft Clouds & Stars Kids Bedding</p><p> -23% 0FF </p><p>$46.49</p><a href="https://www.amazon.com/dp/B0CMZJ1J4T?tag=eloabder-20&linkCode=osi&th=1&psc=1">View Product</a></div><div class="product"><a href="https://www.amazon.com/dp/B00VQ2RLNA?tag=eloabder-20&linkCode=osi&th=1&psc=1"><img src="https://m.media-amazon.com/images/I/513vvaHOurL._SL500_.jpg" alt="Product Image"></a><p>Burt's Bees Baby Infant Reversible Quilt Blanket, Jersey Knit, Soft, 100% Organic Cotton Blankets, with 100% Polyester Fill for Warm Padding, Size 37 x 46 Inch</p><p> -50% 0FF </p><p>$32.49</p><a href="https://www.amazon.com/dp/B00VQ2RLNA?tag=eloabder-20&linkCode=osi&th=1&psc=1">View Product</a></div><div class="product"><a href="https://www.amazon.com/dp/B01GKZO0U4?tag=eloabder-20&linkCode=osi&th=1&psc=1"><img src="https://m.media-amazon.com/images/I/21lI+ZZ6+3L._SL500_.jpg" alt="Product Image"></a><p>Tadpoles Quilted Toddler Comforter | 40" x 60" | Made of 100% Microfiber Polyester (Shell) & 200 GSM Fiberfill | Soft, Breathable & Durable | Ideal for Toddlers (12-48 Months) | Box Pattern in White</p><p> -12% 0FF </p><p>$21.99</p><a href="https://www.amazon.com/dp/B01GKZO0U4?tag=eloabder-20&linkCode=osi&th=1&psc=1">View Product</a></div><div class="product"><a href="https://www.amazon.com/dp/B0BRKBKSB5?tag=eloabder-20&linkCode=osi&th=1&psc=1"><img src="https://m.media-amazon.com/images/I/313gax4ZutL._SL500_.jpg" alt="Product Image"></a><p>ZPECC Toddler Comforter Blanket - 39" x 53" Down Alternative Crib Duvet Set, Includes Child Quilt, Flat Pillow, Bear Stitching</p><p> -26% 0FF </p><p>$18.49</p><a href="https://www.amazon.com/dp/B0BRKBKSB5?tag=eloabder-20&linkCode=osi&th=1&psc=1">View Product</a></div>
<div class="product"><a href="https://www.amazon.com/dp/B0BZVLW3XY?tag=eloabder-20&linkCode=osi&th=1&psc=1"><img src="https://m.media-amazon.com/images/I/41bnCsnrb2L._SL500_.jpg" alt="Product Image"></a><p>Yoofoss Baby Crib Sheets for Boys Girls, Fitted Crib Sheet 2 Pack for Standard Crib and Toddler Mattress, Super Soft Microfiber Baby Sheet 28x52x8in(Green+Leaf)</p><p> -17% 0FF </p><p>$9.99</p><a href="https://www.amazon.com/dp/B0BZVLW3XY?tag=eloabder-20&linkCode=osi&th=1&psc=1">View Product</a></div><div class="product"><a href="https://www.amazon.com/dp/B086YCZN5H?tag=eloabder-20&linkCode=osi&th=1&psc=1"><img src="https://m.media-amazon.com/images/I/41jKlfbIwGL._SL500_.jpg" alt="Product Image"></a><p>Crib Mattress Protector Sheets Fitted Waterproof Crib Mattress Pad Cover, Noiseless & Machine Wash 100% Absorbent Crib/Toddler Mattress Protector Sheet Quilted, White, 52" x 28"</p><p> -11% 0FF </p><p>$11.98</p><a href="https://www.amazon.com/dp/B086YCZN5H?tag=eloabder-20&linkCode=osi&th=1&psc=1">View Product</a></div><div class="product"><a href="https://www.amazon.com/dp/B0CLL7JPTY?tag=eloabder-20&linkCode=osi&th=1&psc=1"><img src="https://m.media-amazon.com/images/I/41X3AyJQqrL._SL500_.jpg" alt="Product Image"></a><p>PINNKKU 3-Piece Crib Bedding Set for Boy Girls, Includes Crib Skirt, Blanket and Crib Sheet, Crib Baby Bedding, Pintuck Pinch Pleat Pink</p><p> -19% 0FF </p><p>$34.99 ($11.66 / Count)</p><a href="https://www.amazon.com/dp/B0CLL7JPTY?tag=eloabder-20&linkCode=osi&th=1&psc=1">View Product</a></div><div class="product"><a href="https://www.amazon.com/dp/B08G3DCPYM?tag=eloabder-20&linkCode=osi&th=1&psc=1"><img src="https://m.media-amazon.com/images/I/51UmAUm+f-L._SL500_.jpg" alt="Product Image"></a><p>Bedtime Originals Mighty Jungle 3Piece Crib Bedding Set, Multicolor (283003V)</p><p> -27% 0FF </p><p>$49.49</p><a href="https://www.amazon.com/dp/B08G3DCPYM?tag=eloabder-20&linkCode=osi&th=1&psc=1">View Product</a></div><div class="product"><a href="https://www.amazon.com/dp/B0BRWWTS3M?tag=eloabder-20&linkCode=osi&th=1&psc=1"><img src="https://m.media-amazon.com/images/I/51WZGfoIsvL._SL500_.jpg" alt="Product Image"></a><p>The Peanutshell 3 Piece Baby Crib Bedding Set for Girls - Newborn, Infant & Toddler Nursery Bed Set Decor with Fitted Crib Sheet, Dust Ruffle, Crib Comforter - Wildest Dreams</p><p> -10% 0FF </p><p>$44.99</p><a href="https://www.amazon.com/dp/B0BRWWTS3M?tag=eloabder-20&linkCode=osi&th=1&psc=1">View Product</a></div>
<div class="product"><a href="https://www.amazon.com/dp/B010S7VZI0?tag=eloabder-20&linkCode=osi&th=1&psc=1"><img src="https://m.media-amazon.com/images/I/31Ll01T4-sL._SL500_.jpg" alt="Product Image"></a><p>Graco Premium Crib & Toddler Mattress – GREENGUARD Gold Certified & CertiPUR-US Certified, Fits All Standard Crib & Toddler Beds, Waterproof Sleep Surface, Machine-Washable Outer Cover for Easy Care</p><p> -25% 0FF </p><p>$89.99</p><a href="https://www.amazon.com/dp/B010S7VZI0?tag=eloabder-20&linkCode=osi&th=1&psc=1">View Product</a></div><div class="product"><a href="https://www.amazon.com/dp/B0030V4Z02?tag=eloabder-20&linkCode=osi&th=1&psc=1"><img src="https://m.media-amazon.com/images/I/416srazdlsL._SL500_.jpg" alt="Product Image"></a><p>Dream On Me Honeycomb Orthopedic Firm Fiber Standard Baby Crib Mattress, Greenguard Gold and JPMA Certified, 5” Fiber Core Optimum Support, Fits Crib and Toddler Bed, Waterproof Vinyl Cover</p><p> -7% 0FF </p><p>$59.87</p><a href="https://www.amazon.com/dp/B0030V4Z02?tag=eloabder-20&linkCode=osi&th=1&psc=1">View Product</a></div><div class="product"><a href="https://www.amazon.com/dp/B0BLK39GTG?tag=eloabder-20&linkCode=osi&th=1&psc=1"><img src="https://m.media-amazon.com/images/I/41U0AL73RKL._SL500_.jpg" alt="Product Image"></a><p>Letmxiu Premium Dual-Sided Crib & Toddler Mattress,100% Knitted Fabric,Premium Fleece-Hypoallergenic,5" Firm Soft Crib Mattress, Non-Toxic Toddler Bed Mattress Fits Standard Cribs & Toddler Beds</p><p> -14% 0FF </p><p>$59.99</p><a href="https://www.amazon.com/dp/B0BLK39GTG?tag=eloabder-20&linkCode=osi&th=1&psc=1">View Product</a></div><div class="product"><a href="https://www.amazon.com/dp/B0BWDRBYL4?tag=eloabder-20&linkCode=osi&th=1&psc=1"><img src="https://m.media-amazon.com/images/I/41dkngPyPEL._SL500_.jpg" alt="Product Image"></a><p>Tiankehan Premium Dual-Sided Baby Crib Mattress and Toddler Mattress - 52" x 27.6" x 5" - Breathable - Firm Soft - Fits Standard Cribs and Toddler Beds</p><p> -14% 0FF </p><p>$59.98</p><a href="https://www.amazon.com/dp/B0BWDRBYL4?tag=eloabder-20&linkCode=osi&th=1&psc=1">View Product</a></div>
<div class="product"><a href="https://www.amazon.com/dp/B0C7T23J3Y?tag=eloabder-20&linkCode=osi&th=1&psc=1"><img src="https://m.media-amazon.com/images/I/41wcurEQD3L._SL500_.jpg" alt="Product Image"></a><p>The Peanutshell Crib Mobile for Girls - Pink and White Musical Baby Crib Mobile with 12 Lullabies, Forest Baby Mobile Crib Little Forest Nursery Decor</p><p> -16% 0FF </p><p>$37.69</p><a href="https://www.amazon.com/dp/B0C7T23J3Y?tag=eloabder-20&linkCode=osi&th=1&psc=1">View Product</a></div><div class="product"><a href="https://www.amazon.com/dp/B0C7SC34Z3?tag=eloabder-20&linkCode=osi&th=1&psc=1"><img src="https://m.media-amazon.com/images/I/41i+L053hPL._SL500_.jpg" alt="Product Image"></a><p>The Peanutshell Crib Mobile for Boys or Girls - Light and Dark Blue Musical Baby Crib Mobile with 12 Lullabies, Ocean Baby Mobile Crib Nautical Nursery Decor</p><p> -11% 0FF </p><p>$39.99</p><a href="https://www.amazon.com/dp/B0C7SC34Z3?tag=eloabder-20&linkCode=osi&th=1&psc=1">View Product</a></div>
<div class="product"><a href="https://www.amazon.com/dp/B07K594Q7W?tag=eloabder-20&linkCode=osi&th=1&psc=1"><img src="https://m.media-amazon.com/images/I/41chCOFT3fL._SL500_.jpg" alt="Product Image"></a><p>Burt's Bees Baby Print Fitted Crib Sheet Organic Cotton BEESNUG - Hello Moon! Prints, Fits Unisex Standard Bed and Toddler Mattress, Infant Essentials, 52 x 28 Inch 1-Pack</p><p> -34% 0FF </p><p>$13.80</p><a href="https://www.amazon.com/dp/B07K594Q7W?tag=eloabder-20&linkCode=osi&th=1&psc=1">View Product</a></div><div class="product"><a href="https://www.amazon.com/dp/B08HYS8HCQ?tag=eloabder-20&linkCode=osi&th=1&psc=1"><img src="https://m.media-amazon.com/images/I/41OJxVS5clL._SL500_.jpg" alt="Product Image"></a><p>KeaBabies 2-Pack Organic Crib Sheets for Boys, Girls, Jersey Fitted Crib Sheet, Baby Crib Sheets Neutral, Cotton Breathable Crib Sheet, Cute Printed Crib Mattress Sheet, Baby Mattress Sheets(Woodland)</p><p> -27% 0FF </p><p>$21.96</p><a href="https://www.amazon.com/dp/B08HYS8HCQ?tag=eloabder-20&linkCode=osi&th=1&psc=1">View Product</a></div><div class="product"><a href="https://www.amazon.com/dp/B07JBRWPRZ?tag=eloabder-20&linkCode=osi&th=1&psc=1"><img src="https://m.media-amazon.com/images/I/41WkDf7XWaL._SL500_.jpg" alt="Product Image"></a><p>American Baby Company 3 Pack Fitted Mini Crib Sheet 24" x 38", Soft Breathable Neutral 100% Cotton Jersey Portable Sheet, Gray Star/Zigzag, for Boys and Girls, Fits Most Pack N Play Mattresses</p><p> -20% 0FF </p><p>$14.34</p><a href="https://www.amazon.com/dp/B07JBRWPRZ?tag=eloabder-20&linkCode=osi&th=1&psc=1">View Product</a></div><div class="product"><a href="https://www.amazon.com/dp/B0BGWX27FP?tag=eloabder-20&linkCode=osi&th=1&psc=1"><img src="https://m.media-amazon.com/images/I/41tRk-EAY-L._SL500_.jpg" alt="Product Image"></a><p>4-Pack Fitted Crib Sheets for Boys and Girls - Breathable, Soft Microfiber Baby Sheets in Grey, Navy and White</p><p> -9% 0FF </p><p>$19.99 ($5.00 / Count)</p><a href="https://www.amazon.com/dp/B0BGWX27FP?tag=eloabder-20&linkCode=osi&th=1&psc=1">View Product</a></div>
<div class="product"><a href="https://www.amazon.com/dp/B082WW1FCQ?tag=eloabder-20&linkCode=osi&th=1&psc=1"><img src="https://m.media-amazon.com/images/I/416EVH-FKwL._SL500_.jpg" alt="Product Image"></a><p>Crib Bed Skirt 28” x 52” with 14” Drop Pleated Dust Ruffle for Baby Boys Girls Elastic Adjustable Fit Toddler Bedskirt Easy On/Off Soft Nursery Standard Crib Bedding Skirts Solid White Crib Skirt</p><p> -18% 0FF </p><p>$17.99</p><a href="https://www.amazon.com/dp/B082WW1FCQ?tag=eloabder-20&linkCode=osi&th=1&psc=1">View Product</a></div><div class="product"><a href="https://www.amazon.com/dp/B000YFU77W?tag=eloabder-20&linkCode=osi&th=1&psc=1"><img src="https://m.media-amazon.com/images/I/31R9qJzse7L._SL500_.jpg" alt="Product Image"></a><p>American Baby Company 100% Natural Cotton Percale Ruffled Crib Skirt, Cream, 52"L x 28"W + 13.5"</p><p> -33% 0FF </p><p>$16.79</p><a href="https://www.amazon.com/dp/B000YFU77W?tag=eloabder-20&linkCode=osi&th=1&psc=1">View Product</a></div><div class="product"><a href="https://www.amazon.com/dp/B0B5YML25P?tag=eloabder-20&linkCode=osi&th=1&psc=1"><img src="https://m.media-amazon.com/images/I/31DyVARAxlL._SL500_.jpg" alt="Product Image"></a><p>Lush Decor Ruffle Crib Skirt, 16" Drop, White</p><p> -26% 0FF </p><p>$28.19</p><a href="https://www.amazon.com/dp/B0B5YML25P?tag=eloabder-20&linkCode=osi&th=1&psc=1">View Product</a></div>
<div class="product"><a href="https://www.amazon.com/dp/B0D8B4FNHF?tag=eloabder-20&linkCode=osi&th=1&psc=1"><img src="https://m.media-amazon.com/images/I/41gmkYMTEaL._SL500_.jpg" alt="Product Image"></a><p>CHICWAY Baby Patter for Sleep, Baby Sleep Soother, Baby Vibrating Soother 3 Vibration Modes & Intensities Help Baby Sleep, Crib Toy, Crib Accessory, Registry Gift, Shower Gift, Newborn Baby Essentials</p><p> -54% 0FF </p><p>$22.91</p><a href="https://www.amazon.com/dp/B0D8B4FNHF?tag=eloabder-20&linkCode=osi&th=1&psc=1">View Product</a></div><div class="product"><a href="https://www.amazon.com/dp/B009UPUFCY?tag=eloabder-20&linkCode=osi&th=1&psc=1"><img src="https://m.media-amazon.com/images/I/41MuYdMqcXL._SL500_.jpg" alt="Product Image"></a><p>Munchkin® Lulla-Vibe™ Vibrating Mattress Pad Sleep Soother</p><p> -9% 0FF </p><p>$27.25</p><a href="https://www.amazon.com/dp/B009UPUFCY?tag=eloabder-20&linkCode=osi&th=1&psc=1">View Product</a></div>

<div class="product"><a href="https://www.amazon.com/dp/B098TWMRNV?tag=eloabder-20&linkCode=osi&th=1&psc=1"><img src="https://m.media-amazon.com/images/I/51eBNBdbFPL._SL500_.jpg" alt="Product Image"></a><p>PILLANI Baby Diaper Bag Backpack - Baby Bag for Boys & Girls - Diaper Backpack - Large Travel Diaper Bags w/Changing Pad - Baby Registry Search & Shower Gifts Newborn Essentials & Items for Mom, Gray</p><p> -37% 0FF </p><p>$34.99</p><a href="https://www.amazon.com/dp/B098TWMRNV?tag=eloabder-20&linkCode=osi&th=1&psc=1">View Product</a></div><div class="product"><a href="https://www.amazon.com/dp/B07HL6FV5F?tag=eloabder-20&linkCode=osi&th=1&psc=1"><img src="https://m.media-amazon.com/images/I/41CpqR1T2iL._SL500_.jpg" alt="Product Image"></a><p>RUVALINO Diaper Bag Backpack - Multifunction Waterproof Travel Essentials, Maternity Baby Bag with Changing Pad & Stroller D-Ring & Pacifier Case - Baby Registry Search/Items & Shower Gifts - Black</p><p> -51% 0FF </p><p>$43.99</p><a href="https://www.amazon.com/dp/B07HL6FV5F?tag=eloabder-20&linkCode=osi&th=1&psc=1">View Product</a></div><div class="product"><a href="https://www.amazon.com/dp/B0BSKZFV8Z?tag=eloabder-20&linkCode=osi&th=1&psc=1"><img src="https://m.media-amazon.com/images/I/41kJJGd0-KL._SL500_.jpg" alt="Product Image"></a><p>Skip Hop Diaper Bag Backpack: Forma, Multi-Function Baby Travel Bag with Changing Pad & Stroller Attachment, Sage</p><p> -6% 0FF </p><p>$74.49</p><a href="https://www.amazon.com/dp/B0BSKZFV8Z?tag=eloabder-20&linkCode=osi&th=1&psc=1">View Product</a></div>
<div class="product"><a href="https://www.amazon.com/dp/B00569GU18?tag=eloabder-20&linkCode=osi&th=1&psc=1"><img src="https://m.media-amazon.com/images/I/41Zx990UFlL._SL500_.jpg" alt="Product Image"></a><p>Boudreaux's Butt Paste Maximum Strength Diaper Rash Cream, Ointment for Baby, 4 oz Tube</p><p> -12% 0FF </p><p>$7.48 ($1.87 / Ounce)</p><a href="https://www.amazon.com/dp/B00569GU18?tag=eloabder-20&linkCode=osi&th=1&psc=1">View Product</a></div><div class="product"><a href="https://www.amazon.com/dp/B00ZQXT4EY?tag=eloabder-20&linkCode=osi&th=1&psc=1"><img src="https://m.media-amazon.com/images/I/31SXI-cW6IL._SL500_.jpg" alt="Product Image"></a><p>Desitin Maximum Strength Baby Diaper Rash Cream, 40% Zinc Oxide for Treatment, Relief & Prevention, Hypoallergenic, Phthalate- & Paraben-Free Paste, Protects Skin for 12 Hours, 4.8 oz</p><p> -38% 0FF </p><p>$7.33 ($1.53 / Ounce)</p><a href="https://www.amazon.com/dp/B00ZQXT4EY?tag=eloabder-20&linkCode=osi&th=1&psc=1">View Product</a></div><div class="product"><a href="https://www.amazon.com/dp/B082QBB8KQ?tag=eloabder-20&linkCode=osi&th=1&psc=1"><img src="https://m.media-amazon.com/images/I/51vNnfQ6MmL._SL500_.jpg" alt="Product Image"></a><p>Aquaphor Baby Diaper Rash Paste - For Serious Diaper Rash and Flare-ups - 3.5 Oz. Tube</p><p> -5% 0FF </p><p>$7.87 ($2.25 / Ounce)</p><a href="https://www.amazon.com/dp/B082QBB8KQ?tag=eloabder-20&linkCode=osi&th=1&psc=1">View Product</a></div><div class="product"><a href="https://www.amazon.com/dp/B00M0N9J20?tag=eloabder-20&linkCode=osi&th=1&psc=1"><img src="https://m.media-amazon.com/images/I/41t50K+y9yL._SL500_.jpg" alt="Product Image"></a><p>Desitin Daily Defense Baby Diaper Rash Cream with Zinc Oxide to Treat, Relieve & Prevent diaper rash, Hypoallergenic, Dye-, Phthalate- & Paraben-Free, 4 oz</p><p> -42% 0FF </p><p>$5.39 ($1.35 / Ounce)</p><a href="https://www.amazon.com/dp/B00M0N9J20?tag=eloabder-20&linkCode=osi&th=1&psc=1">View Product</a></div><div class="product"><a href="https://www.amazon.com/dp/B00Q2MYU9W?tag=eloabder-20&linkCode=osi&th=1&psc=1"><img src="https://m.media-amazon.com/images/I/51PiNmf+vpL._SL500_.jpg" alt="Product Image"></a><p>Aquaphor Baby Diaper Rash Cream, 3-in-1 Diaper Rash Relief, 3.5 Oz Tube</p><p> -17% 0FF </p><p>$18.69 ($1.78 / Ounce)</p><a href="https://www.amazon.com/dp/B00Q2MYU9W?tag=eloabder-20&linkCode=osi&th=1&psc=1">View Product</a></div><div class="product"><a href="https://www.amazon.com/dp/B0B4PNGXFS?tag=eloabder-20&linkCode=osi&th=1&psc=1"><img src="https://m.media-amazon.com/images/I/51BB218LJpL._SL500_.jpg" alt="Product Image"></a><p>Triple Paste Diaper Rash Cream for Baby - 3 oz Tube - Zinc Oxide Ointment Treats, Soothes and Prevents Diaper Rash - Pediatrician-Recommended Hypoallergenic Formula with Soothing Botanicals</p><p> -25% 0FF </p><p>$8.96 ($2.99 / Ounce)</p><a href="https://www.amazon.com/dp/B0B4PNGXFS?tag=eloabder-20&linkCode=osi&th=1&psc=1">View Product</a></div><div class="product"><a href="https://www.amazon.com/dp/B00KFITCXS?tag=eloabder-20&linkCode=osi&th=1&psc=1"><img src="https://m.media-amazon.com/images/I/41Upagho5nL._SL500_.jpg" alt="Product Image"></a><p>The Honest Company Hypoallergenic Diaper Rash Cream | Moisturizing + Calming Zinc Oxide Ointment | NEA Recognized, Cruelty Free | 2.5 oz</p><p> -7% 0FF </p><p>$10.25 ($4.10 / Ounce)</p><a href="https://www.amazon.com/dp/B00KFITCXS?tag=eloabder-20&linkCode=osi&th=1&psc=1">View Product</a></div><div class="product"><a href="https://www.amazon.com/dp/B000LTJRQ8?tag=eloabder-20&linkCode=osi&th=1&psc=1"><img src="https://m.media-amazon.com/images/I/51z4dtHfCgL._SL500_.jpg" alt="Product Image"></a><p>Triple Paste Diaper Rash Cream for Baby - 8 Oz Tub - Zinc Oxide Ointment Treats, Soothes and Prevents Diaper Rash - Pediatrician-Recommended Hypoallergenic Formula with Soothing Botanicals</p><p> -27% 0FF </p><p>$14.53 ($1.82 / Ounce)</p><a href="https://www.amazon.com/dp/B000LTJRQ8?tag=eloabder-20&linkCode=osi&th=1&psc=1">View Product</a></div><div class="product"><a href="https://www.amazon.com/dp/B00BH0PZBG?tag=eloabder-20&linkCode=osi&th=1&psc=1"><img src="https://m.media-amazon.com/images/I/41nENIiSAHL._SL500_.jpg" alt="Product Image"></a><p>Desitin Maximum Strength Baby Diaper Rash Cream with 40% Zinc Oxide for Treatment, Relief & Prevention, Hypoallergenic, Phthalate- & Paraben-Free Paste, 16 oz</p><p> -31% 0FF </p><p>$18.44 ($1.15 / Ounce)</p><a href="https://www.amazon.com/dp/B00BH0PZBG?tag=eloabder-20&linkCode=osi&th=1&psc=1">View Product</a></div><div class="product"><a href="https://www.amazon.com/dp/B000V3MFUY?tag=eloabder-20&linkCode=osi&th=1&psc=1"><img src="https://m.media-amazon.com/images/I/31To+A+IRQL._SL500_.jpg" alt="Product Image"></a><p>Weleda Baby Calendula Diaper Cream, 2.8 Fluid Ounce, Plant Rich Protection with Calendula, Chamomile, Sweet Almond Oil, Lanolin and Zinc Oxide</p><p> -12% 0FF </p><p>$12.32 ($4.40 / Ounce)</p><a href="https://www.amazon.com/dp/B000V3MFUY?tag=eloabder-20&linkCode=osi&th=1&psc=1">View Product</a></div>
<div class="product"><a href="https://www.amazon.com/dp/B012UFN9T6?tag=eloabder-20&linkCode=osi&th=1&psc=1"><img src="https://m.media-amazon.com/images/I/51SxpJF694L._SL500_.jpg" alt="Product Image"></a><p>Nuby Diaper Disposal Bags for Baby - (6-Pack) 50 Count Disposable Bags - Fresh Baby Powder Scent - Blue</p><p> -10% 0FF </p><p>$16.15</p><a href="https://www.amazon.com/dp/B012UFN9T6?tag=eloabder-20&linkCode=osi&th=1&psc=1">View Product</a></div>
<div class="product"><a href="https://www.amazon.com/dp/B0CPR2N8FD?tag=eloabder-20&linkCode=osi&th=1&psc=1"><img src="https://m.media-amazon.com/images/I/41uXmeS+P5L._SL500_.jpg" alt="Product Image"></a><p>Diaper Genie Select Pail Registry Gift Set (White) | Made of Durable Stainless Steel Metal | Includes 2 Jumbo Refills | Holds 1620 Newborn Diapers</p><p> -20% 0FF </p><p>$59.99</p><a href="https://www.amazon.com/dp/B0CPR2N8FD?tag=eloabder-20&linkCode=osi&th=1&psc=1">View Product</a></div><div class="product"><a href="https://www.amazon.com/dp/B0CNS3R8T7?tag=eloabder-20&linkCode=osi&th=1&psc=1"><img src="https://m.media-amazon.com/images/I/31BIw9M8SwL._SL500_.jpg" alt="Product Image"></a><p>Diaper Genie Classic Pail Includes 1 Starter Square Refill That can Hold up to 165 Newborn-Sized Diapers.</p><p> -20% 0FF </p><p>$23.99</p><a href="https://www.amazon.com/dp/B0CNS3R8T7?tag=eloabder-20&linkCode=osi&th=1&psc=1">View Product</a></div><div class="product"><a href="https://www.amazon.com/dp/B0BWGZ7J7W?tag=eloabder-20&linkCode=osi&th=1&psc=1"><img src="https://m.media-amazon.com/images/I/41pqvAOekFL._SL500_.jpg" alt="Product Image"></a><p>Diaper Genie Signature Gift Set | Includes Easy Roll Refill with 48 Bags | Holds Up to 2256 Newborn Diapers</p><p> -41% 0FF </p><p>$52.79</p><a href="https://www.amazon.com/dp/B0BWGZ7J7W?tag=eloabder-20&linkCode=osi&th=1&psc=1">View Product</a></div><div class="product"><a href="https://www.amazon.com/dp/B00821FLT4?tag=eloabder-20&linkCode=osi&th=1&psc=1"><img src="https://m.media-amazon.com/images/I/21an29pWMkL._SL500_.jpg" alt="Product Image"></a><p>Ubbi Steel Diaper Pail, Odor Locking, No Special Bag Required, Award-Winning, Registry Must-Have, White</p><p> -30% 0FF </p><p>$55.99</p><a href="https://www.amazon.com/dp/B00821FLT4?tag=eloabder-20&linkCode=osi&th=1&psc=1">View Product</a></div><div class="product"><a href="https://www.amazon.com/dp/B0BWGWZ2J4?tag=eloabder-20&linkCode=osi&th=1&psc=1"><img src="https://m.media-amazon.com/images/I/317sppbydxL._SL500_.jpg" alt="Product Image"></a><p>Diaper Genie Signature Pail (Grey) Includes 1 Easy Roll Refill with 18 Bags | Holds Up to 846 Newborn-Sized Diapers Per Refill</p><p> -20% 0FF </p><p>$47.99</p><a href="https://www.amazon.com/dp/B0BWGWZ2J4?tag=eloabder-20&linkCode=osi&th=1&psc=1">View Product</a></div>
<div class="product"><a href="https://www.amazon.com/dp/B0083973FK?tag=eloabder-20&linkCode=osi&th=1&psc=1"><img src="https://m.media-amazon.com/images/I/51c+QHPetfL._SL500_.jpg" alt="Product Image"></a><p>Sposie Booster Pads, Stop Overnight Diaper Leaks, Adhesive-Free for Easy repositioning, Helps Reduce Nighttime Diaper Changes and Diaper Rash, Use with Sizes 4-6, 90 ct.</p><p> -20% 0FF </p><p>$39.99 ($0.44 / Count)</p><a href="https://www.amazon.com/dp/B0083973FK?tag=eloabder-20&linkCode=osi&th=1&psc=1">View Product</a></div><div class="product"><a href="https://www.amazon.com/dp/B07V4MZF2W?tag=eloabder-20&linkCode=osi&th=1&psc=1"><img src="https://m.media-amazon.com/images/I/51u-l608rTL._SL500_.jpg" alt="Product Image"></a><p>Dimples Booster Pads, Baby Diaper Doubler with Adhesive - 1 Size Fits All Diapers - Boosts Diaper Absorbency - No More leaks 90 Count (with Adhesive for Secure Fit)</p><p> -15% 0FF </p><p>$27.99 ($0.31 / Count)</p><a href="https://www.amazon.com/dp/B07V4MZF2W?tag=eloabder-20&linkCode=osi&th=1&psc=1">View Product</a></div><div class="product"><a href="https://www.amazon.com/dp/B0CBQQKMS2?tag=eloabder-20&linkCode=osi&th=1&psc=1"><img src="https://m.media-amazon.com/images/I/51IK5dDp++L._SL500_.jpg" alt="Product Image"></a><p>Inspire Ultra Dimples Diaper Booster Pads | Our Most Absorbent Diaper Inserts Ever | Diaper Pads Inserts Overnight or Daytime | Diaper Liners Turn Any Diaper into Super Overnight Diapers for Babies</p><p> -17% 0FF </p><p>$9.99 ($0.48 / Count)</p><a href="https://www.amazon.com/dp/B0CBQQKMS2?tag=eloabder-20&linkCode=osi&th=1&psc=1">View Product</a></div>
<div class="product"><a href="https://www.amazon.com/dp/B0B5WF7S9F?tag=eloabder-20&linkCode=osi&th=1&psc=1"><img src="https://m.media-amazon.com/images/I/41vB5uYpocL._SL500_.jpg" alt="Product Image"></a><p>Mr. Pen- Baby Diaper Caddy Organizer, Car Caddy, Portable Organizer for Changing Table, Nursery</p><p> -14% 0FF </p><p>$12.85</p><a href="https://www.amazon.com/dp/B0B5WF7S9F?tag=eloabder-20&linkCode=osi&th=1&psc=1">View Product</a></div><div class="product"><a href="https://www.amazon.com/dp/B0734LPFJR?tag=eloabder-20&linkCode=osi&th=1&psc=1"><img src="https://m.media-amazon.com/images/I/51TCskU5lyL._SL500_.jpg" alt="Product Image"></a><p>Lily Miles Baby Diaper Caddy - Large Organizer Tote Bag for Baby essentials Boy or Girl - Baby Shower Basket - Nursery Must Haves - Registry Favorites - Newborn Caddie Car Travel</p><p> -17% 0FF </p><p>$24.95</p><a href="https://www.amazon.com/dp/B0734LPFJR?tag=eloabder-20&linkCode=osi&th=1&psc=1">View Product</a></div><div class="product"><a href="https://www.amazon.com/dp/B0D4LRZW48?tag=eloabder-20&linkCode=osi&th=1&psc=1"><img src="https://m.media-amazon.com/images/I/41NadHwjJlL._SL500_.jpg" alt="Product Image"></a><p>KEETDY Large Diaper Pocket Over the Door Organizer for Nursery, Closet Door Hanging Storage, Baby Organizers and Storage for Newborn Essentials & Diaper Organizer, Beige</p><p> -19% 0FF </p><p>$16.99</p><a href="https://www.amazon.com/dp/B0D4LRZW48?tag=eloabder-20&linkCode=osi&th=1&psc=1">View Product</a></div>
<div class="product"><a href="https://www.amazon.com/dp/B01BDQDIGM?tag=eloabder-20&linkCode=osi&th=1&psc=1"><img src="https://m.media-amazon.com/images/I/41ym1o+HI0L._SL500_.jpg" alt="Product Image"></a><p>Munchkin® STEP™ Diaper Pail Powered by Arm & Hammer, #1 in Odor Control, Award-Winning, Includes 1 Snap, Seal & Toss™ Bag, 1 Starter Refill Ring, and 1 PUCK™ Baking Soda Cartridge</p><p> -19% 0FF </p><p>$59.99</p><a href="https://www.amazon.com/dp/B01BDQDIGM?tag=eloabder-20&linkCode=osi&th=1&psc=1">View Product</a></div><div class="product"><a href="https://www.amazon.com/dp/B0CNS3NMT5?tag=eloabder-20&linkCode=osi&th=1&psc=1"><img src="https://m.media-amazon.com/images/I/41VFasXJE-L._SL500_.jpg" alt="Product Image"></a><p>Diaper Genie Select Pail (Blue) is Made of Durable Stainless Steel and Includes 1 Starter Square Refill That can Hold up to 165 Newborn-Sized Diapers.</p><p> -34% 0FF </p><p>$32.79</p><a href="https://www.amazon.com/dp/B0CNS3NMT5?tag=eloabder-20&linkCode=osi&th=1&psc=1">View Product</a></div><div class="product"><a href="https://www.amazon.com/dp/B000RLQZD8?tag=eloabder-20&linkCode=osi&th=1&psc=1"><img src="https://m.media-amazon.com/images/I/41vuQVcyESL._SL500_.jpg" alt="Product Image"></a><p>Diaper Dekor Plus Hands-Free Diaper Pail | White | Easiest to Use | Just Step–Drop–Done | Doesn’t Absorb Odors | 20 Second Bag Change | Most Economical Refill System | Great for Cloth Diapers</p><p> -9% 0FF </p><p>$49.95</p><a href="https://www.amazon.com/dp/B000RLQZD8?tag=eloabder-20&linkCode=osi&th=1&psc=1">View Product</a></div>
<div class="product"><a href="https://www.amazon.com/dp/B016N3PHBO?tag=eloabder-20&linkCode=osi&th=1&psc=1"><img src="https://m.media-amazon.com/images/I/31X8EAoIwzL._SL500_.jpg" alt="Product Image"></a><p>A+D Zinc Oxide Diaper Rash Treatment Cream, Dimenthicone 1%, Zinc Oxide 10%, Easy Spreading Baby Skin Care, 4 Ounce Tube (Packaging May Vary)</p><p> -9% 0FF </p><p>$5.47 ($0.98 / Ounce)</p><a href="https://www.amazon.com/dp/B016N3PHBO?tag=eloabder-20&linkCode=osi&th=1&psc=1">View Product</a></div>
<div class="product"><a href="https://www.amazon.com/dp/B073V5XZHZ?tag=eloabder-20&linkCode=osi&th=1&psc=1"><img src="https://m.media-amazon.com/images/I/41FJH3vX0xL._SL500_.jpg" alt="Product Image"></a><p>hiccapop Hanging Diaper Organizer for Changing Table, Cribs and Walls, Diaper Stacker and Nursery Organizer | Hanging Storage Caddy Organizer for Baby Essentials |</p><p> -14% 0FF </p><p>$29.92</p><a href="https://www.amazon.com/dp/B073V5XZHZ?tag=eloabder-20&linkCode=osi&th=1&psc=1">View Product</a></div>

<div class="product"><a href="https://www.amazon.com/dp/B07MB5PZBF?tag=eloabder-20&linkCode=osi&th=1&psc=1"><img src="https://m.media-amazon.com/images/I/51JYyHL1KML._SL500_.jpg" alt="Product Image"></a><p>Huggies Size 1 Diapers, Little Snugglers Newborn Diapers, Size 1 (8-14 lbs), 32 Count</p><p> -19% 0FF </p><p>$9.94 ($0.31 / Count)</p><a href="https://www.amazon.com/dp/B07MB5PZBF?tag=eloabder-20&linkCode=osi&th=1&psc=1">View Product</a></div><div class="product"><a href="https://www.amazon.com/dp/B07T4WQRNJ?tag=eloabder-20&linkCode=osi&th=1&psc=1"><img src="https://m.media-amazon.com/images/I/41yeY7iBMEL._SL500_.jpg" alt="Product Image"></a><p>Amazon Brand - Mama Bear Gentle Touch Diapers, Hypoallergenic, Size 5, 33 Count, White</p><p> -9% 0FF </p><p>$11.61</p><a href="https://www.amazon.com/dp/B07T4WQRNJ?tag=eloabder-20&linkCode=osi&th=1&psc=1">View Product</a></div><div class="product"><a href="https://www.amazon.com/dp/B0CKV3GLS2?tag=eloabder-20&linkCode=osi&th=1&psc=1"><img src="https://m.media-amazon.com/images/I/51zE6kc5RWL._SL500_.jpg" alt="Product Image"></a><p>The Honest Company Clean Conscious Diapers | Plant-Based, Sustainable | Young at Heart + Rose Blossom | Club Box, Size 2 (12-18 lbs), 72 Count</p><p> -15% 0FF </p><p>$25.49 ($0.35 / Count)</p><a href="https://www.amazon.com/dp/B0CKV3GLS2?tag=eloabder-20&linkCode=osi&th=1&psc=1">View Product</a></div><div class="product"><a href="https://www.amazon.com/dp/B0CHGJ4YVM?tag=eloabder-20&linkCode=osi&th=1&psc=1"><img src="https://m.media-amazon.com/images/I/51eBhAfAr+L._SL500_.jpg" alt="Product Image"></a><p>Huggies Size 1 Diapers, Skin Essentials Baby Diapers, Size 1 (8-14 lbs), 32 Count</p><p> -19% 0FF </p><p>$9.94 ($0.31 / Count)</p><a href="https://www.amazon.com/dp/B0CHGJ4YVM?tag=eloabder-20&linkCode=osi&th=1&psc=1">View Product</a></div>
<div class="product"><a href="https://www.amazon.com/dp/B005OSHTXO?tag=eloabder-20&linkCode=osi&th=1&psc=1"><img src="https://m.media-amazon.com/images/I/41MQMmwwDUL._SL500_.jpg" alt="Product Image"></a><p>Badger Basket Modern Baby Changing Table with Laundry Hamper, 3 Storage Drawers and Pad, Diaper Change Station - Espresso/Ecru</p><p> -35% 0FF </p><p>$122.99</p><a href="https://www.amazon.com/dp/B005OSHTXO?tag=eloabder-20&linkCode=osi&th=1&psc=1">View Product</a></div><div class="product"><a href="https://www.amazon.com/dp/B0C84T1L1F?tag=eloabder-20&linkCode=osi&th=1&psc=1"><img src="https://m.media-amazon.com/images/I/31VUJhNc2fL._SL500_.jpg" alt="Product Image"></a><p>Portable Baby Changing Table with 2 Storage Baskets, BabyBond Foldable Changing Table Dresser Waterproof Diaper Changing Table Height Adjustable Changing Station for Infant and Newborn(Beige)</p><p> -10% 0FF </p><p>$143.99</p><a href="https://www.amazon.com/dp/B0C84T1L1F?tag=eloabder-20&linkCode=osi&th=1&psc=1">View Product</a></div><div class="product"><a href="https://www.amazon.com/dp/B002ACCC52?tag=eloabder-20&linkCode=osi&th=1&psc=1"><img src="https://m.media-amazon.com/images/I/415B3nyWlOS._SL500_.jpg" alt="Product Image"></a><p>Delta Children Eclipse Changing Table with Changing Pad, Black Cherry</p><p> -24% 0FF </p><p>$106.98</p><a href="https://www.amazon.com/dp/B002ACCC52?tag=eloabder-20&linkCode=osi&th=1&psc=1">View Product</a></div>
<div class="product"><a href="https://www.amazon.com/dp/B01AZ20SSQ?tag=eloabder-20&linkCode=osi&th=1&psc=1"><img src="https://m.media-amazon.com/images/I/51gIZq6E8lL._SL500_.jpg" alt="Product Image"></a><p>Baby Trend Sit N' Stand Double Stroller, Onyx</p><p> -30% 0FF </p><p>$139.99</p><a href="https://www.amazon.com/dp/B01AZ20SSQ?tag=eloabder-20&linkCode=osi&th=1&psc=1">View Product</a></div><div class="product"><a href="https://www.amazon.com/dp/B07B7QC8DV?tag=eloabder-20&linkCode=osi&th=1&psc=1"><img src="https://m.media-amazon.com/images/I/41bHbNU6jhL._SL500_.jpg" alt="Product Image"></a><p>Jeep Destination Ultralight Side x Side Double Stroller, Midnight</p><p> -15% 0FF </p><p>$254.00</p><a href="https://www.amazon.com/dp/B07B7QC8DV?tag=eloabder-20&linkCode=osi&th=1&psc=1">View Product</a></div><div class="product"><a href="https://www.amazon.com/dp/B00GJIXW2K?tag=eloabder-20&linkCode=osi&th=1&psc=1"><img src="https://m.media-amazon.com/images/I/518kAj+pzjL._SL500_.jpg" alt="Product Image"></a><p>Delta Children LX Side by Side Stroller - with Recline, Storage & Compact Fold, Grey</p><p> -33% 0FF </p><p>$74.00</p><a href="https://www.amazon.com/dp/B00GJIXW2K?tag=eloabder-20&linkCode=osi&th=1&psc=1">View Product</a></div><div class="product"><a href="https://www.amazon.com/dp/B01L7C479Y?tag=eloabder-20&linkCode=osi&th=1&psc=1"><img src="https://m.media-amazon.com/images/I/51QBKRK7LwL._SL500_.jpg" alt="Product Image"></a><p>Jeep Scout Double Stroller, Charcoal Galaxy</p><p> -8% 0FF </p><p>$109.99</p><a href="https://www.amazon.com/dp/B01L7C479Y?tag=eloabder-20&linkCode=osi&th=1&psc=1">View Product</a></div><div class="product"><a href="https://www.amazon.com/dp/B07BVMSHTZ?tag=eloabder-20&linkCode=osi&th=1&psc=1"><img src="https://m.media-amazon.com/images/I/41arpDdiGJL._SL500_.jpg" alt="Product Image"></a><p>Baby Trend Expedition Double Jogger Stroller, Griffin</p><p> -12% 0FF </p><p>$219.99</p><a href="https://www.amazon.com/dp/B07BVMSHTZ?tag=eloabder-20&linkCode=osi&th=1&psc=1">View Product</a></div><div class="product"><a href="https://www.amazon.com/dp/B095JMDHG1?tag=eloabder-20&linkCode=osi&th=1&psc=1"><img src="https://m.media-amazon.com/images/I/41RzxXFC3zL._SL500_.jpg" alt="Product Image"></a><p>Summer Infant 3Dlite Folding Lightweight Side by Side Double Stroller with 5-Point Safety Harness for Infants and Toddlers, Black</p><p> -10% 0FF </p><p>$143.99</p><a href="https://www.amazon.com/dp/B095JMDHG1?tag=eloabder-20&linkCode=osi&th=1&psc=1">View Product</a></div>
<div class="product"><a href="https://www.amazon.com/dp/B08SQ88X9F?tag=eloabder-20&linkCode=osi&th=1&psc=1"><img src="https://m.media-amazon.com/images/I/614bujHCtPL._SL500_.jpg" alt="Product Image"></a><p>One Fire Night Light for Kids, 96 Lighting Modes Star Projector 360° Rotating+6 Films Kids Night Light Projector,Rechargeable Baby Night Light Ceiling Projector for Bedroom,Kids Gifts&Kids Room Decor</p><p> -29% 0FF </p><p>$14.98</p><a href="https://www.amazon.com/dp/B08SQ88X9F?tag=eloabder-20&linkCode=osi&th=1&psc=1">View Product</a></div><div class="product"><a href="https://www.amazon.com/dp/B07NZN2ZYN?tag=eloabder-20&linkCode=osi&th=1&psc=1"><img src="https://m.media-amazon.com/images/I/51PBHAO+ngL._SL500_.jpg" alt="Product Image"></a><p>Night Light for Kids,Unicorn Night Light Star Projector Gifts for Kids Toddlers,Night Lights Projector for Baby,Unicorn Lamp Ceiling Lights for Girls Bedroom,Night Light for Kids Bedroom(Light Pink)</p><p> -25% 0FF </p><p>$14.99</p><a href="https://www.amazon.com/dp/B07NZN2ZYN?tag=eloabder-20&linkCode=osi&th=1&psc=1">View Product</a></div><div class="product"><a href="https://www.amazon.com/dp/B01LQX0BXA?tag=eloabder-20&linkCode=osi&th=1&psc=1"><img src="https://m.media-amazon.com/images/I/41BcHezl7XL._SL500_.jpg" alt="Product Image"></a><p>Emotionlite Plug in Night Light, Warm White LED Nightlights, Dusk to Dawn Sensor, Kids, Nursery, Bedroom, Bathroom,Hallway, Stairs, Kitchen, UL Listed, 4 Pack</p><p> -17% 0FF </p><p>$9.99 ($2.50 / Count)</p><a href="https://www.amazon.com/dp/B01LQX0BXA?tag=eloabder-20&linkCode=osi&th=1&psc=1">View Product</a></div><div class="product"><a href="https://www.amazon.com/dp/B07H71NHYM?tag=eloabder-20&linkCode=osi&th=1&psc=1"><img src="https://m.media-amazon.com/images/I/412t0Nzaz2L._SL500_.jpg" alt="Product Image"></a><p>2 Pack Sensor LED Night Lights, Color Changing Plug-in Led Mushroom Dream Bed Lamp for Kids Children Adults, Dusk to Dawn Sensor Auto On/Off, Funny Wall Decor Gifts for Nursery Baby Bed Flower Lamp</p><p> -20% 0FF </p><p>$7.99 ($4.00 / Count)</p><a href="https://www.amazon.com/dp/B07H71NHYM?tag=eloabder-20&linkCode=osi&th=1&psc=1">View Product</a></div>
<div class="product"><a href="https://www.amazon.com/dp/B07N1JP56L?tag=eloabder-20&linkCode=osi&th=1&psc=1"><img src="https://m.media-amazon.com/images/I/31R-qSPlk8L._SL500_.jpg" alt="Product Image"></a><p>Fisher-Price Baby Toy Soothe 'n Snuggle Otter Portable Plush Sound Machine with Music Lights & Breathing Motion for Newborns 0+ Months</p><p> -14% 0FF </p><p>$36.99</p><a href="https://www.amazon.com/dp/B07N1JP56L?tag=eloabder-20&linkCode=osi&th=1&psc=1">View Product</a></div><div class="product"><a href="https://www.amazon.com/dp/B006YBHE6M?tag=eloabder-20&linkCode=osi&th=1&psc=1"><img src="https://m.media-amazon.com/images/I/51xjlvsIJlL._SL500_.jpg" alt="Product Image"></a><p>Baby Einstein Sea Dreams Soother, Crib Mount</p><p> -15% 0FF </p><p>$53.99</p><a href="https://www.amazon.com/dp/B006YBHE6M?tag=eloabder-20&linkCode=osi&th=1&psc=1">View Product</a></div><div class="product"><a href="https://www.amazon.com/dp/B075LRC7Z4?tag=eloabder-20&linkCode=osi&th=1&psc=1"><img src="https://m.media-amazon.com/images/I/51n2YwyhfIL._SL500_.jpg" alt="Product Image"></a><p>Soft Dreams Elephant Music and Glow Soother, Grey/Mint</p><p> -17% 0FF </p><p>$19.99</p><a href="https://www.amazon.com/dp/B075LRC7Z4?tag=eloabder-20&linkCode=osi&th=1&psc=1">View Product</a></div><div class="product"><a href="https://www.amazon.com/dp/B0C98SMC3J?tag=eloabder-20&linkCode=osi&th=1&psc=1"><img src="https://m.media-amazon.com/images/I/41FqmVxcrYL._SL500_.jpg" alt="Product Image"></a><p>Baby Sleep Soother Pillow Pets Dream Lites Dinosaur Projector Plush Toys for Boys Girls Baby Sound Machine Stuffed Animal Machine Pillow Ceiling Toys for Toddler</p><p> -17% 0FF </p><p>$19.99</p><a href="https://www.amazon.com/dp/B0C98SMC3J?tag=eloabder-20&linkCode=osi&th=1&psc=1">View Product</a></div>
<div class="product"><a href="https://www.amazon.com/dp/B01HP0JU2G?tag=eloabder-20&linkCode=osi&th=1&psc=1"><img src="https://m.media-amazon.com/images/I/51VRUtudnyL._SL500_.jpg" alt="Product Image"></a><p>Braun ThermoScan 5 Ear Thermometer</p><p> -11% 0FF </p><p>$31.00</p><a href="https://www.amazon.com/dp/B01HP0JU2G?tag=eloabder-20&linkCode=osi&th=1&psc=1">View Product</a></div><div class="product"><a href="https://www.amazon.com/dp/B07YYMBVVC?tag=eloabder-20&linkCode=osi&th=1&psc=1"><img src="https://m.media-amazon.com/images/I/41eqvQ9sQ-L._SL500_.jpg" alt="Product Image"></a><p>Alcedo Forehead and Ear Thermometer for Adults, Kids, and Baby | Digital Infrared Thermometer for Fever | Touchless, Instant Read, Medical Grade | Pouch and Batteries Included</p><p> -17% 0FF </p><p>$24.95</p><a href="https://www.amazon.com/dp/B07YYMBVVC?tag=eloabder-20&linkCode=osi&th=1&psc=1">View Product</a></div>
<div class="product"><a href="https://www.amazon.com/dp/B077QBJNVM?tag=eloabder-20&linkCode=osi&th=1&psc=1"><img src="https://m.media-amazon.com/images/I/41Rrkn2-CKL._SL500_.jpg" alt="Product Image"></a><p>Baby Nail Trimmer 21 in 1, with Labeled case, Includes 13 Extra Replacement Tools, Royal Angels Baby Electric Nail Kit, Baby Nail Care, Nail File Newborn Toddler Toes & Fingernails Clipper (Blue)</p><p> -49% 0FF </p><p>$15.19</p><a href="https://www.amazon.com/dp/B077QBJNVM?tag=eloabder-20&linkCode=osi&th=1&psc=1">View Product</a></div><div class="product"><a href="https://www.amazon.com/dp/B0CL4G33BX?tag=eloabder-20&linkCode=osi&th=1&psc=1"><img src="https://m.media-amazon.com/images/I/41ciCj+3ozL._SL500_.jpg" alt="Product Image"></a><p>Momcozy Baby Nail File Electric, Gentle Baby Nail Trimmer Electric Rechargeable, Baby Nail Clipper Electric, 7 Grinding Head Replacement Pads</p><p> -17% 0FF </p><p>$24.99</p><a href="https://www.amazon.com/dp/B0CL4G33BX?tag=eloabder-20&linkCode=osi&th=1&psc=1">View Product</a></div><div class="product"><a href="https://www.amazon.com/dp/B07B2C8DJD?tag=eloabder-20&linkCode=osi&th=1&psc=1"><img src="https://m.media-amazon.com/images/I/41fgXtsyDWL._SL500_.jpg" alt="Product Image"></a><p>Baby Nail Trimmer Electric Nail File Baby Nail Clippers, Safe Nail Filer Grinder Kit for Newborn Infant Toddler Kids or Adults Toes Fingernails Care Trim Polish, with Led Light and 10 Grinding Heads</p><p> -8% 0FF </p><p>$14.99</p><a href="https://www.amazon.com/dp/B07B2C8DJD?tag=eloabder-20&linkCode=osi&th=1&psc=1">View Product</a></div><div class="product"><a href="https://www.amazon.com/dp/B0D6R6ZPPF?tag=eloabder-20&linkCode=osi&th=1&psc=1"><img src="https://m.media-amazon.com/images/I/41f5Kh-OjGL._SL500_.jpg" alt="Product Image"></a><p>Electric Baby Nail Clippers - 3 in 1 Fingernail Trimmer, Polisher & Clip Storage with Led, USB Rechargeable & 2 Speeds for Baby, Kids, Adult, Seniors, Caregivers</p><p> -15% 0FF </p><p>$23.58</p><a href="https://www.amazon.com/dp/B0D6R6ZPPF?tag=eloabder-20&linkCode=osi&th=1&psc=1">View Product</a></div>
<div class="product"><a href="https://www.amazon.com/dp/B07WY1PGQC?tag=eloabder-20&linkCode=osi&th=1&psc=1"><img src="https://m.media-amazon.com/images/I/414iv2EhSgL._SL500_.jpg" alt="Product Image"></a><p>Dr. Brown's Natural Flow Anti-Colic Options+ Narrow Glass Baby Bottle 8 oz/250 mL, with Level 1 Slow Flow Nipple, 2 Pack, 0m+</p><p> -6% 0FF </p><p>$15.98</p><a href="https://www.amazon.com/dp/B07WY1PGQC?tag=eloabder-20&linkCode=osi&th=1&psc=1">View Product</a></div><div class="product"><a href="https://www.amazon.com/dp/B000WPVCQE?tag=eloabder-20&linkCode=osi&th=1&psc=1"><img src="https://m.media-amazon.com/images/I/41sXQF4JFtL._SL500_.jpg" alt="Product Image"></a><p>Medela Slow Flow Feeding & Storage Bottles, 3 Pack of 5 Ounce Bottle with Nipple, Lids, Wide Base Collars, and Travel Caps, Made Without BPA</p><p> -37% 0FF </p><p>$14.98</p><a href="https://www.amazon.com/dp/B000WPVCQE?tag=eloabder-20&linkCode=osi&th=1&psc=1">View Product</a></div><div class="product"><a href="https://www.amazon.com/dp/B08XNYS46K?tag=eloabder-20&linkCode=osi&th=1&psc=1"><img src="https://m.media-amazon.com/images/I/31bCTm8z+KL._SL500_.jpg" alt="Product Image"></a><p>Sassy 2pk Baby Food Nursers- 3 Nipples, Multi</p><p> -15% 0FF </p><p>$11.04</p><a href="https://www.amazon.com/dp/B08XNYS46K?tag=eloabder-20&linkCode=osi&th=1&psc=1">View Product</a></div>
<div class="product"><a href="https://www.amazon.com/dp/B004RIBVTK?tag=eloabder-20&linkCode=osi&th=1&psc=1"><img src="https://m.media-amazon.com/images/I/41qLfV5gyYL._SL500_.jpg" alt="Product Image"></a><p>First Aid Only 12-110 Alcohol Wipes, Individually Wrapped, 100 Per Box</p><p> -9% 0FF </p><p>$5.29 ($0.05 / Count)</p><a href="https://www.amazon.com/dp/B004RIBVTK?tag=eloabder-20&linkCode=osi&th=1&psc=1">View Product</a></div><div class="product"><a href="https://www.amazon.com/dp/B09YN8K3TH?tag=eloabder-20&linkCode=osi&th=1&psc=1"><img src="https://m.media-amazon.com/images/I/51uaWltWJiL._SL500_.jpg" alt="Product Image"></a><p>Baby Healthcare and Grooming Kit, Portable Baby Safety Care Set, Baby Essentials kit for Newborn (Blue 26 in 1)</p><p> -6% 0FF </p><p>$16.99</p><a href="https://www.amazon.com/dp/B09YN8K3TH?tag=eloabder-20&linkCode=osi&th=1&psc=1">View Product</a></div><div class="product"><a href="https://www.amazon.com/dp/B09FFT9BL2?tag=eloabder-20&linkCode=osi&th=1&psc=1"><img src="https://m.media-amazon.com/images/I/51mTQI4FDBL._SL500_.jpg" alt="Product Image"></a><p>Smart Care Fisher-Price 6-Piece Baby Healthcare Kit, Newborn Essentials, Baby Gift Set, Includes Medicine Dispensers, Aspirator, Baby Nail Clippers, Baby Thermometer</p><p> -23% 0FF </p><p>$10.73</p><a href="https://www.amazon.com/dp/B09FFT9BL2?tag=eloabder-20&linkCode=osi&th=1&psc=1">View Product</a></div>

<div class="product"><a href="https://www.amazon.com/dp/B07GTMWP8R?tag=eloabder-20&linkCode=osi&th=1&psc=1"><img src="https://m.media-amazon.com/images/I/412oB-MFGOL._SL500_.jpg" alt="Product Image"></a><p>Matyz Versatile Baby Food Maker Set - Toddler Food Mills with Mash Bowl, Hand Masher, Citrus Juicer, Grater - Making Homemade Baby Food - Fruits and Vegetables Masher - No BPA (Yellow)</p><p> -36% 0FF </p><p>$15.99</p><a href="https://www.amazon.com/dp/B07GTMWP8R?tag=eloabder-20&linkCode=osi&th=1&psc=1">View Product</a></div><div class="product"><a href="https://www.amazon.com/dp/B00FWSQ55E?tag=eloabder-20&linkCode=osi&th=1&psc=1"><img src="https://m.media-amazon.com/images/I/316TAIMF4qL._SL500_.jpg" alt="Product Image"></a><p>NUK Fresh Foods Masher & Bowl, colour pistachio</p><p> -10% 0FF </p><p>$17.99</p><a href="https://www.amazon.com/dp/B00FWSQ55E?tag=eloabder-20&linkCode=osi&th=1&psc=1">View Product</a></div>
<div class="product"><a href="https://www.amazon.com/dp/B07MYW28QR?tag=eloabder-20&linkCode=osi&th=1&psc=1"><img src="https://m.media-amazon.com/images/I/315j5b08H9L._SL500_.jpg" alt="Product Image"></a><p>Baby Brezza New and Improved Formula Pro Advanced Formula Dispenser Machine - Automatically Mix a Warm Formula Bottle Instantly - Easily Make Bottle with Automatic Powder Blending, White</p><p> -20% 0FF </p><p>$184.99</p><a href="https://www.amazon.com/dp/B07MYW28QR?tag=eloabder-20&linkCode=osi&th=1&psc=1">View Product</a></div>
<div class="product"><a href="https://www.amazon.com/dp/B0B2KVK1QS?tag=eloabder-20&linkCode=osi&th=1&psc=1"><img src="https://m.media-amazon.com/images/I/31JCp0AmlBL._SL500_.jpg" alt="Product Image"></a><p>Dr. Brown's Baby Formula Mixing Pitcher with Adjustable Stopper, Locking Lid, & No Drip Spout, 32oz, BPA Free, Teal</p><p> -9% 0FF </p><p>$9.97</p><a href="https://www.amazon.com/dp/B0B2KVK1QS?tag=eloabder-20&linkCode=osi&th=1&psc=1">View Product</a></div><div class="product"><a href="https://www.amazon.com/dp/B0CM5J4JWT?tag=eloabder-20&linkCode=osi&th=1&psc=1"><img src="https://m.media-amazon.com/images/I/31VSt6TaXAL._SL500_.jpg" alt="Product Image"></a><p>Electric Baby Formula Mixing Pitcher, NehNeh Baby Bi-directional Alternating Stirring Mixer | No Air Bubble | No Clumps | No Drip Spout | Locking Lid | Fridge Storage 36oz, BPA Free -Green</p><p> -27% 0FF </p><p>$21.99</p><a href="https://www.amazon.com/dp/B0CM5J4JWT?tag=eloabder-20&linkCode=osi&th=1&psc=1">View Product</a></div><div class="product"><a href="https://www.amazon.com/dp/B0D1C9D91Q?tag=eloabder-20&linkCode=osi&th=1&psc=1"><img src="https://m.media-amazon.com/images/I/41MGIga8RYL._SL500_.jpg" alt="Product Image"></a><p>Electric Bottle Brush Cleaner Baby, Silicone Electric Baby Bottle Brush Set with Nipple Brush/Baby Formula Mixer USB Rechargeable & 2 Mode 360° Spinning Cleaner. Essential Feeding Supplies for Moms</p><p> -24% 0FF </p><p>$21.99</p><a href="https://www.amazon.com/dp/B0D1C9D91Q?tag=eloabder-20&linkCode=osi&th=1&psc=1">View Product</a></div>
<div class="product"><a href="https://www.amazon.com/dp/B0823FX2SL?tag=eloabder-20&linkCode=osi&th=1&psc=1"><img src="https://m.media-amazon.com/images/I/41i+ptDBdcL._SL500_.jpg" alt="Product Image"></a><p>Frida Baby Grooming Kit | Baby Essentials Gift Set Includes Finger Brush with Storage Stand, Hair Brush with Case, Styling Hair Comb, Easy Grip Nail Scissors with Nail File and Case</p><p> -39% 0FF </p><p>$15.26</p><a href="https://www.amazon.com/dp/B0823FX2SL?tag=eloabder-20&linkCode=osi&th=1&psc=1">View Product</a></div><div class="product"><a href="https://www.amazon.com/dp/B08PFCJWLF?tag=eloabder-20&linkCode=osi&th=1&psc=1"><img src="https://m.media-amazon.com/images/I/41ugdN8QcEL._SL500_.jpg" alt="Product Image"></a><p>OTTOLIVES Baby Healthcare and Grooming Kit, 24 in 1 Baby Electric Nail Trimmer Set Newborn Nursery Health Care Set for Newborn Infant Toddlers Baby Boys Girls Kids Haircut Tools (0-3 Years+) (Pink)</p><p> -17% 0FF </p><p>$24.99</p><a href="https://www.amazon.com/dp/B08PFCJWLF?tag=eloabder-20&linkCode=osi&th=1&psc=1">View Product</a></div>
<div class="product"><a href="https://www.amazon.com/dp/B074W7SKZ2?tag=eloabder-20&linkCode=osi&th=1&psc=1"><img src="https://m.media-amazon.com/images/I/31KOO0YFRdL._SL500_.jpg" alt="Product Image"></a><p>Mibote Baby Growth Height Chart Handing Ruler Wall Decor for Kids, Canvas Removable Height Growth Chart 79" x 7.9" (Black & White)</p><p> -18% 0FF </p><p>$7.99</p><a href="https://www.amazon.com/dp/B074W7SKZ2?tag=eloabder-20&linkCode=osi&th=1&psc=1">View Product</a></div><div class="product"><a href="https://www.amazon.com/dp/B073V6JFZ1?tag=eloabder-20&linkCode=osi&th=1&psc=1"><img src="https://m.media-amazon.com/images/I/31Fr48bMYdL._SL500_.jpg" alt="Product Image"></a><p>Kate and Laurel Growth Chart 6.5' Wood Wall Ruler, Rustic Brown</p><p> -12% 0FF </p><p>$52.99</p><a href="https://www.amazon.com/dp/B073V6JFZ1?tag=eloabder-20&linkCode=osi&th=1&psc=1">View Product</a></div><div class="product"><a href="https://www.amazon.com/dp/B08PTVQ1W5?tag=eloabder-20&linkCode=osi&th=1&psc=1"><img src="https://m.media-amazon.com/images/I/31m1GJZxGtS._SL500_.jpg" alt="Product Image"></a><p>PandaEar Baby Height Growth Chart Ruler| Kids Boys Girls | Removable Wall Decor Measurement 79" x 7.9" (White)</p><p> -16% 0FF </p><p>$7.59</p><a href="https://www.amazon.com/dp/B08PTVQ1W5?tag=eloabder-20&linkCode=osi&th=1&psc=1">View Product</a></div><div class="product"><a href="https://www.amazon.com/dp/B08TVT93RY?tag=eloabder-20&linkCode=osi&th=1&psc=1"><img src="https://m.media-amazon.com/images/I/41kME5mTgKL._SL500_.jpg" alt="Product Image"></a><p>SUJAYU Growth Chart for Kids, Canvas Height Chart Ruler Removable Wood Hanging Wall Ruler Measurement Chart for Home Decoration (White)</p><p> -13% 0FF </p><p>$6.99</p><a href="https://www.amazon.com/dp/B08TVT93RY?tag=eloabder-20&linkCode=osi&th=1&psc=1">View Product</a></div><div class="product"><a href="https://www.amazon.com/dp/B0D2N5HN9K?tag=eloabder-20&linkCode=osi&th=1&psc=1"><img src="https://m.media-amazon.com/images/I/41rYpem0a5L._SL500_.jpg" alt="Product Image"></a><p>Growth Chart for Wall Wooden Height Chart for Kids Unicorn Castle Height Measurement for Wall Kids Height Wall Chart Kids Room Nursery Wall Decor</p><p> -19% 0FF </p><p>$21.99</p><a href="https://www.amazon.com/dp/B0D2N5HN9K?tag=eloabder-20&linkCode=osi&th=1&psc=1">View Product</a></div>
<div class="product"><a href="https://www.amazon.com/dp/B01N1PTHED?tag=eloabder-20&linkCode=osi&th=1&psc=1"><img src="https://m.media-amazon.com/images/I/31l11tL5deL._SL500_.jpg" alt="Product Image"></a><p>Natemia Baby Hair Brush - Soft Bristle Hair Brush Baby, Baby Registry Gift, Soft Baby Brush, Toddler Hair Brush for Boys & Girls, Newborn Baby Essentials, Newborn Hair Brush, Baby Wooden Brush</p><p> -28% 0FF </p><p>$12.94</p><a href="https://www.amazon.com/dp/B01N1PTHED?tag=eloabder-20&linkCode=osi&th=1&psc=1">View Product</a></div><div class="product"><a href="https://www.amazon.com/dp/B07V6VN1V8?tag=eloabder-20&linkCode=osi&th=1&psc=1"><img src="https://m.media-amazon.com/images/I/415TTdnE6ZL._SL500_.jpg" alt="Product Image"></a><p>Baby Hair Brush - Baby Brush with Soft Goat Bristles, Cradle Cap Brush, Perfect Scalp Grooming Product for Infant, Toddler, Kids, Newborns, Baby Girls, Boys (Walnut, Oval)</p><p> -32% 0FF </p><p>$12.96</p><a href="https://www.amazon.com/dp/B07V6VN1V8?tag=eloabder-20&linkCode=osi&th=1&psc=1">View Product</a></div><div class="product"><a href="https://www.amazon.com/dp/B07XPS253G?tag=eloabder-20&linkCode=osi&th=1&psc=1"><img src="https://m.media-amazon.com/images/I/41Yb4VpbnkS._SL500_.jpg" alt="Product Image"></a><p>Molylove Baby Hair Brush, Wooden Goat Bristles Hair Brush for Newborns & Toddlers, Ideal for Cradle Cap, Perfect Baby Registry Gift, Hypoallergenic, 1 Count</p><p> -33% 0FF </p><p>$5.99</p><a href="https://www.amazon.com/dp/B07XPS253G?tag=eloabder-20&linkCode=osi&th=1&psc=1">View Product</a></div><div class="product"><a href="https://www.amazon.com/dp/B0D68KKVN2?tag=eloabder-20&linkCode=osi&th=1&psc=1"><img src="https://m.media-amazon.com/images/I/41M35gnwy-L._SL500_.jpg" alt="Product Image"></a><p>ROMY RO Soft Wooden Baby Hair Brush for Newborns & Toddlers in Chic Gift Box - Ultra Soft Natural Goat Hair - Perfect Registry Gift (Goat hair brush - Oval)</p><p> -48% 0FF </p><p>$12.94</p><a href="https://www.amazon.com/dp/B0D68KKVN2?tag=eloabder-20&linkCode=osi&th=1&psc=1">View Product</a></div>
<div class="product"><a href="https://www.amazon.com/dp/B08BPD2RHF?tag=eloabder-20&linkCode=osi&th=1&psc=1"><img src="https://m.media-amazon.com/images/I/41lSftNLw1L._SL500_.jpg" alt="Product Image"></a><p>Yoocaa Car Headrest Pillow, Road Pal Headrest, Adjustable Car Seat Head Neck Support, U Shaped Car Sleeping Pillow for Kids & Adults, Only Suitable for Car Seat Headrest with Poles, Black</p><p> -9% 0FF </p><p>$29.99</p><a href="https://www.amazon.com/dp/B08BPD2RHF?tag=eloabder-20&linkCode=osi&th=1&psc=1">View Product</a></div><div class="product"><a href="https://www.amazon.com/dp/B07LF8G768?tag=eloabder-20&linkCode=osi&th=1&psc=1"><img src="https://m.media-amazon.com/images/I/21e1Tt6BFrL._SL500_.jpg" alt="Product Image"></a><p>Car Head Support Toddle Car Neck Relief Baby Child Car Seat Adjustable Head and Neck Support Band - A Comfortable Sleep Solution (Gray)</p><p> -13% 0FF </p><p>$12.99</p><a href="https://www.amazon.com/dp/B07LF8G768?tag=eloabder-20&linkCode=osi&th=1&psc=1">View Product</a></div><div class="product"><a href="https://www.amazon.com/dp/B09ZL3P26Z?tag=eloabder-20&linkCode=osi&th=1&psc=1"><img src="https://m.media-amazon.com/images/I/31zv-UP+MDL._SL500_.jpg" alt="Product Image"></a><p>Pro Goleem Car Seat Head Support Infant, Soft Infant Car Seat Insert, 2 in 1 Carseat Head Support for Newborn, Perfect for Car Seat, Stroller, Swing, Bouncer, Gray and Black</p><p> -21% 0FF </p><p>$18.99</p><a href="https://www.amazon.com/dp/B09ZL3P26Z?tag=eloabder-20&linkCode=osi&th=1&psc=1">View Product</a></div>
<div class="product"><a href="https://www.amazon.com/dp/B0CLM3ZNJ6?tag=eloabder-20&linkCode=osi&th=1&psc=1"><img src="https://m.media-amazon.com/images/I/4131cOAl1wL._SL500_.jpg" alt="Product Image"></a><p>Toddler Bath Towel Baby Bath Towels Hooded Kids Towels for Boy Girl 0-5 Year, 2-Pack Thick Absorbent Toddler Towels Hooded Baby Towels with Hood, Large 50''x32'' Baby Hooded Towel for Kids Bath Towel</p><p> -20% 0FF </p><p>$23.99</p><a href="https://www.amazon.com/dp/B0CLM3ZNJ6?tag=eloabder-20&linkCode=osi&th=1&psc=1">View Product</a></div>
<div class="product"><a href="https://www.amazon.com/dp/B094YGQNSV?tag=eloabder-20&linkCode=osi&th=1&psc=1"><img src="https://m.media-amazon.com/images/I/31BKhmVToOL._SL500_.jpg" alt="Product Image"></a><p>Westinghouse Ultrasonic Cool Mist Humidifier, 4.5L Top Filling Quiet Air Humidifier with Low Water Alarm, Adjustable Mist Humidifier for Bedrooms</p><p> -60% 0FF </p><p>$25.00</p><a href="https://www.amazon.com/dp/B094YGQNSV?tag=eloabder-20&linkCode=osi&th=1&psc=1">View Product</a></div><div class="product"><a href="https://www.amazon.com/dp/B000056HL5?tag=eloabder-20&linkCode=osi&th=1&psc=1"><img src="https://m.media-amazon.com/images/I/41ad8kyAgJL._SL500_.jpg" alt="Product Image"></a><p>Vicks Ultrasonic Humidifier Cool Mist Humidifier to Help Relieve Cold and Flu Symptoms</p><p> -27% 0FF </p><p>$44.00</p><a href="https://www.amazon.com/dp/B000056HL5?tag=eloabder-20&linkCode=osi&th=1&psc=1">View Product</a></div><div class="product"><a href="https://www.amazon.com/dp/B000GWJD0A?tag=eloabder-20&linkCode=osi&th=1&psc=1"><img src="https://m.media-amazon.com/images/I/3124anf96JL._SL500_.jpg" alt="Product Image"></a><p>Crane Adorables Ultrasonic Humidifiers for Bedroom and Baby Nursery, 1 Gallon Cool Mist Air Humidifier for Large Room or Kid's Room, Humidifier Filters Optional, Penguin</p><p> -28% 0FF </p><p>$43.20</p><a href="https://www.amazon.com/dp/B000GWJD0A?tag=eloabder-20&linkCode=osi&th=1&psc=1">View Product</a></div><div class="product"><a href="https://www.amazon.com/dp/B06XP1GMDY?tag=eloabder-20&linkCode=osi&th=1&psc=1"><img src="https://m.media-amazon.com/images/I/31g-+ypTSrL._SL500_.jpg" alt="Product Image"></a><p>Babymoov Hygro Plus Cool Mist Humidifier 3-in-1 Humidity Control, Multicolored Night Light & Essential Oil Diffuser Easy Use and Care-Blue(NO Filter Needed)</p><p> -22% 0FF </p><p>$69.99</p><a href="https://www.amazon.com/dp/B06XP1GMDY?tag=eloabder-20&linkCode=osi&th=1&psc=1">View Product</a></div><div class="product"><a href="https://www.amazon.com/dp/B009COIFAC?tag=eloabder-20&linkCode=osi&th=1&psc=1"><img src="https://m.media-amazon.com/images/I/415IUpVHxDL._SL500_.jpg" alt="Product Image"></a><p>Guardian Technologies Pure Guardian H920BL Ultrasonic Cool Mist Humidifier, 10 Hrs. Run Time, 210 Sq. Ft. Coverage, Small Rooms, Quiet, Filter Free, Treated Tank Resists</p><p> -50% 0FF </p><p>$19.99</p><a href="https://www.amazon.com/dp/B009COIFAC?tag=eloabder-20&linkCode=osi&th=1&psc=1">View Product</a></div>
<div class="product"><a href="https://www.amazon.com/dp/B08847QPWV?tag=eloabder-20&linkCode=osi&th=1&psc=1"><img src="https://m.media-amazon.com/images/I/41I9zGsqR2L._SL500_.jpg" alt="Product Image"></a><p>Graco SnugFit 35 Infant Car Seat with Simply Safe Adjust Harness System | Baby Car Seat with Anti Rebound Bar, Gotham</p><p> -30% 0FF </p><p>$118.99</p><a href="https://www.amazon.com/dp/B08847QPWV?tag=eloabder-20&linkCode=osi&th=1&psc=1">View Product</a></div>
<div class="product"><a href="https://www.amazon.com/dp/B09DLGM21Q?tag=eloabder-20&linkCode=osi&th=1&psc=1"><img src="https://m.media-amazon.com/images/I/4161UIlOUcL._SL500_.jpg" alt="Product Image"></a><p>Fisher-Price Portable Baby Chair Sit-Me-Up Floor Seat with Developmental Toys & Machine Washable Seat Pad, Rainbow Sprinkles</p><p> -6% 0FF </p><p>$40.49</p><a href="https://www.amazon.com/dp/B09DLGM21Q?tag=eloabder-20&linkCode=osi&th=1&psc=1">View Product</a></div><div class="product"><a href="https://www.amazon.com/dp/B0C2V717QN?tag=eloabder-20&linkCode=osi&th=1&psc=1"><img src="https://m.media-amazon.com/images/I/413QFmg9NwL._SL500_.jpg" alt="Product Image"></a><p>EKEPE Inflatable Baby Seat for Babies 3 Months & Up, Baby Floor Seats for Sitting Up, Baby Seats for Infants, Blow Up Baby Chair with Built in Air Pump - Bear</p><p> -20% 0FF </p><p>$21.59</p><a href="https://www.amazon.com/dp/B0C2V717QN?tag=eloabder-20&linkCode=osi&th=1&psc=1">View Product</a></div>

<div class="product"><a href="https://www.amazon.com/dp/B01M6YVW7B?tag=eloabder-20&linkCode=osi&th=1&psc=1"><img src="https://m.media-amazon.com/images/I/41HXEU0eLLL._SL500_.jpg" alt="Product Image"></a><p>Angelcare Baby Bath Support (Gray) | Ideal for Babies Less Than 6 Months Old</p><p> -33% 0FF </p><p>$19.99</p><a href="https://www.amazon.com/dp/B01M6YVW7B?tag=eloabder-20&linkCode=osi&th=1&psc=1">View Product</a></div><div class="product"><a href="https://www.amazon.com/dp/B0D9JLFDWL?tag=eloabder-20&linkCode=osi&th=1&psc=1"><img src="https://m.media-amazon.com/images/I/41t4fYIsNiL._SL500_.jpg" alt="Product Image"></a><p>GloTika Foldable Baby Bathtub Support, Ergonomic Mesh Infant Bathtub, Portable Baby Bath Tub for Newborn Babies 0-6 Months, Grey</p><p> -31% 0FF </p><p>$19.99</p><a href="https://www.amazon.com/dp/B0D9JLFDWL?tag=eloabder-20&linkCode=osi&th=1&psc=1">View Product</a></div><div class="product"><a href="https://www.amazon.com/dp/B000XW65SG?tag=eloabder-20&linkCode=osi&th=1&psc=1"><img src="https://m.media-amazon.com/images/I/41Nyw2TWaWL._SL500_.jpg" alt="Product Image"></a><p>The First Years Newborn to Toddler Baby Bath Tub - Convertible 3-in-1 Baby Tub with Removable Sling - Ages 0 to 24 Months - Sure Comfort - Pink</p><p> -37% 0FF </p><p>$22.00</p><a href="https://www.amazon.com/dp/B000XW65SG?tag=eloabder-20&linkCode=osi&th=1&psc=1">View Product</a></div><div class="product"><a href="https://www.amazon.com/dp/B0CGD46P4F?tag=eloabder-20&linkCode=osi&th=1&psc=1"><img src="https://m.media-amazon.com/images/I/41lNJLni9PL._SL500_.jpg" alt="Product Image"></a><p>AVIDOR Baby Bathtub,Collapsible Bathtub for Newborn to Toddler,Durable Essential Infant Bath Tub,Portable Travel Baby Bathtub with Soft Cushion,No-Slip Hanging and Detachable Bathtub,Green</p><p> -18% 0FF </p><p>$32.99</p><a href="https://www.amazon.com/dp/B0CGD46P4F?tag=eloabder-20&linkCode=osi&th=1&psc=1">View Product</a></div>
<div class="product"><a href="https://www.amazon.com/dp/B0CKWN7R3N?tag=eloabder-20&linkCode=osi&th=1&psc=1"><img src="https://m.media-amazon.com/images/I/31Z12rMqZ6L._SL500_.jpg" alt="Product Image"></a><p>Itzy Ritzy Insulated Bottle Bag – Keeps Bottles Warm or Cool - Holds 3 Bottles & Features Interior Pocket for Ice Pack (Not Included), Milk & Honey</p><p> -29% 0FF </p><p>$24.99</p><a href="https://www.amazon.com/dp/B0CKWN7R3N?tag=eloabder-20&linkCode=osi&th=1&psc=1">View Product</a></div>
<div class="product"><a href="https://www.amazon.com/dp/B002GKC4AG?tag=eloabder-20&linkCode=osi&th=1&psc=1"><img src="https://m.media-amazon.com/images/I/4195Qc9-38L._SL500_.jpg" alt="Product Image"></a><p>My Brest Friend Professional Nursing Pillow | Ergonomic Breastfeeding Pillows | Ideal for Lactation Consultants, NICUs & More | Breastfeeding Essentials | Handy Side Pocket & Easily Wipes Clean, Blue</p><p> -6% 0FF </p><p>$51.50</p><a href="https://www.amazon.com/dp/B002GKC4AG?tag=eloabder-20&linkCode=osi&th=1&psc=1">View Product</a></div><div class="product"><a href="https://www.amazon.com/dp/B0BT6TTHK6?tag=eloabder-20&linkCode=osi&th=1&psc=1"><img src="https://m.media-amazon.com/images/I/51GP+4wNoZL._SL500_.jpg" alt="Product Image"></a><p>Boppy Nursing Pillow Best Latch, Mocha Half Domes, Created with Lactation Consultant, Firm Contoured and Plush Sides for Two Breastfeeding Options, Padded Belt, Plus Sized to Petite, Machine Washable</p><p> -20% 0FF </p><p>$40.00</p><a href="https://www.amazon.com/dp/B0BT6TTHK6?tag=eloabder-20&linkCode=osi&th=1&psc=1">View Product</a></div>
<div class="product"><a href="https://www.amazon.com/dp/B01GGLV4V0?tag=eloabder-20&linkCode=osi&th=1&psc=1"><img src="https://m.media-amazon.com/images/I/41KKABFTw+L._SL500_.jpg" alt="Product Image"></a><p>Zote Pink Soap Pack of 3 Total 7 oz</p><p> -10% 0FF </p><p>$6.30</p><a href="https://www.amazon.com/dp/B01GGLV4V0?tag=eloabder-20&linkCode=osi&th=1&psc=1">View Product</a></div><div class="product"><a href="https://www.amazon.com/dp/B08MPWSBRR?tag=eloabder-20&linkCode=osi&th=1&psc=1"><img src="https://m.media-amazon.com/images/I/31gvg0Il4bL._SL500_.jpg" alt="Product Image"></a><p>Grangers Down Wash/Detergent for Down Insulated Clothing, Sleeping Bags and Bedding (12 Washes), 10 oz</p><p> -6% 0FF </p><p>$13.45 ($1.34 / Fl Oz)</p><a href="https://www.amazon.com/dp/B08MPWSBRR?tag=eloabder-20&linkCode=osi&th=1&psc=1">View Product</a></div><div class="product"><a href="https://www.amazon.com/dp/B08Y9691J6?tag=eloabder-20&linkCode=osi&th=1&psc=1"><img src="https://m.media-amazon.com/images/I/31wqAyGiS-L._SL500_.jpg" alt="Product Image"></a><p>WHOLENATURALS Pure Castile Soap Liquid, EWG Verified & Certified Palm Oil Free Unscented, Natural, Mild & Gentle Non-gmo & Vegan - Organic Body Wash, Laundry, and Baby Soap - 64 Fl Oz</p><p> -17% 0FF </p><p>$28.89 ($0.45 / Fl Oz)</p><a href="https://www.amazon.com/dp/B08Y9691J6?tag=eloabder-20&linkCode=osi&th=1&psc=1">View Product</a></div>
<div class="product"><a href="https://www.amazon.com/dp/B01JK164JU?tag=eloabder-20&linkCode=osi&th=1&psc=1"><img src="https://m.media-amazon.com/images/I/31tGM0o-n7L._SL500_.jpg" alt="Product Image"></a><p>The Honest Company Hydrating Face + Body Lotion | Fast Absorbing, Naturally Derived, Hypoallergenic | Lavender Calm, 8.5 fl oz</p><p> -8% 0FF </p><p>$10.99 ($1.29 / Fl Oz)</p><a href="https://www.amazon.com/dp/B01JK164JU?tag=eloabder-20&linkCode=osi&th=1&psc=1">View Product</a></div><div class="product"><a href="https://www.amazon.com/dp/B0018CK3VK?tag=eloabder-20&linkCode=osi&th=1&psc=1"><img src="https://m.media-amazon.com/images/I/41+wBu0geAL._SL500_.jpg" alt="Product Image"></a><p>Avalon Organics Hand & Body Lotion, Aloe Unscented, 32 Oz</p><p> -12% 0FF </p><p>$17.19 ($0.54 / Ounce)</p><a href="https://www.amazon.com/dp/B0018CK3VK?tag=eloabder-20&linkCode=osi&th=1&psc=1">View Product</a></div><div class="product"><a href="https://www.amazon.com/dp/B0013DIZL4?tag=eloabder-20&linkCode=osi&th=1&psc=1"><img src="https://m.media-amazon.com/images/I/31bPmcqX7+L._SL500_.jpg" alt="Product Image"></a><p>Lubriderm Intense Dry Skin Repair Lotion + Pro-Ceramide with Vitamin E & Minerals Helps to Repair Rough, Dry Skin, Fast Absorbing Lotion is Fragrance-Free and Non-Greasy, 16 fl. oz</p><p> -24% 0FF </p><p>$9.34 ($0.58 / Fl Oz)</p><a href="https://www.amazon.com/dp/B0013DIZL4?tag=eloabder-20&linkCode=osi&th=1&psc=1">View Product</a></div>
<div class="product"><a href="https://www.amazon.com/dp/B0BPHJN972?tag=eloabder-20&linkCode=osi&th=1&psc=1"><img src="https://m.media-amazon.com/images/I/41np1V18sQL._SL500_.jpg" alt="Product Image"></a><p>Pro Goleem Loveys for Babies - Soft Security Blanket Baby Snuggle Toy Newborn Stuffed Animals Baby Gifts for Boys and Girls, Lion 16 Inch</p><p> -37% 0FF </p><p>$9.48</p><a href="https://www.amazon.com/dp/B0BPHJN972?tag=eloabder-20&linkCode=osi&th=1&psc=1">View Product</a></div><div class="product"><a href="https://www.amazon.com/dp/B01MRVHKP1?tag=eloabder-20&linkCode=osi&th=1&psc=1"><img src="https://m.media-amazon.com/images/I/5183CyG7XSL._SL500_.jpg" alt="Product Image"></a><p>Mary Meyer Putty Nursery Character Blanket, Hound Dog, 1 Pack</p><p> -9% 0FF </p><p>$19.96</p><a href="https://www.amazon.com/dp/B01MRVHKP1?tag=eloabder-20&linkCode=osi&th=1&psc=1">View Product</a></div><div class="product"><a href="https://www.amazon.com/dp/B00PKP4JUM?tag=eloabder-20&linkCode=osi&th=1&psc=1"><img src="https://m.media-amazon.com/images/I/41OzmBpx8bL._SL500_.jpg" alt="Product Image"></a><p>Mary Meyer Lovey Soft Toy, 13-Inches, Oatmeal Bunny</p><p> -14% 0FF </p><p>$17.96</p><a href="https://www.amazon.com/dp/B00PKP4JUM?tag=eloabder-20&linkCode=osi&th=1&psc=1">View Product</a></div><div class="product"><a href="https://www.amazon.com/dp/B08PP8S8KZ?tag=eloabder-20&linkCode=osi&th=1&psc=1"><img src="https://m.media-amazon.com/images/I/41kmsE51naL._SL500_.jpg" alt="Product Image"></a><p>Pro Goleem Dog Security Blanket Brown Soft Puppy Lovey for Boys and Girls Unisex Lovie Baby Gifts for Toddler and Infant Snuggle Toy Stuffed Animal 16 Inch</p><p> -25% 0FF </p><p>$14.99</p><a href="https://www.amazon.com/dp/B08PP8S8KZ?tag=eloabder-20&linkCode=osi&th=1&psc=1">View Product</a></div><div class="product"><a href="https://www.amazon.com/dp/B08SZD1XXG?tag=eloabder-20&linkCode=osi&th=1&psc=1"><img src="https://m.media-amazon.com/images/I/41M7mPD9ieL._SL500_.jpg" alt="Product Image"></a><p>Itzy Ritzy - Itzy Lovey Including Teether - Baby Lovey with Teether, Textured Ribbons & Dangle Arms - Features Crinkle Sound, Sherpa Fabric and Minky Plush (Sloth)</p><p> -31% 0FF </p><p>$8.90</p><a href="https://www.amazon.com/dp/B08SZD1XXG?tag=eloabder-20&linkCode=osi&th=1&psc=1">View Product</a></div>
<div class="product"><a href="https://www.amazon.com/dp/B0B5Z89FZW?tag=eloabder-20&linkCode=osi&th=1&psc=1"><img src="https://m.media-amazon.com/images/I/31HOhMzLqbL._SL500_.jpg" alt="Product Image"></a><p>Yoofoss Waterproof Crib Mattress Protector 2 Pack, Quilted Crib Mattress Pad Cover Ultra Soft and Breathable, Machine Washable Toddler Mattress Protector for Standard Baby Crib Size 52''x28''</p><p> -17% 0FF </p><p>$19.99</p><a href="https://www.amazon.com/dp/B0B5Z89FZW?tag=eloabder-20&linkCode=osi&th=1&psc=1">View Product</a></div><div class="product"><a href="https://www.amazon.com/dp/B0CFG4G839?tag=eloabder-20&linkCode=osi&th=1&psc=1"><img src="https://m.media-amazon.com/images/I/41tYoYajqyL._SL500_.jpg" alt="Product Image"></a><p>SafeRest Sleepure 100% Waterproof Crib Size Mattress Protector - Viscose Derived from Bamboo - Fitted with Stretchable Pockets - Machine Washable Cotton Mattress Cover for Bed</p><p> -40% 0FF </p><p>$20.99</p><a href="https://www.amazon.com/dp/B0CFG4G839?tag=eloabder-20&linkCode=osi&th=1&psc=1">View Product</a></div><div class="product"><a href="https://www.amazon.com/dp/B09B1NNPP9?tag=eloabder-20&linkCode=osi&th=1&psc=1"><img src="https://m.media-amazon.com/images/I/31P+e7ESa8L._SL500_.jpg" alt="Product Image"></a><p>Bassinet Mattress Pad Cover 2 Pack Quilted Bassinet Mattress Protector Waterproof Bassinet Sheets (32"x17") for Boys & Girls, Fit for Hourglass/Oval Bassinet Mattress, White</p><p> -15% 0FF </p><p>$14.23</p><a href="https://www.amazon.com/dp/B09B1NNPP9?tag=eloabder-20&linkCode=osi&th=1&psc=1">View Product</a></div>
<div class="product"><a href="https://www.amazon.com/dp/B07WW1CT4W?tag=eloabder-20&linkCode=osi&th=1&psc=1"><img src="https://m.media-amazon.com/images/I/51jnxJGkipL._SL500_.jpg" alt="Product Image"></a><p>Luka&Lily Month Milestone Blanket- 60"x40" for Baby Boys - First Year Calendar Monthly Growth Chart, Moon - Shower Gifts</p><p> -14% 0FF </p><p>$29.99</p><a href="https://www.amazon.com/dp/B07WW1CT4W?tag=eloabder-20&linkCode=osi&th=1&psc=1">View Product</a></div><div class="product"><a href="https://www.amazon.com/dp/B07BNBTGHD?tag=eloabder-20&linkCode=osi&th=1&psc=1"><img src="https://m.media-amazon.com/images/I/4143Q79bsYL._SL500_.jpg" alt="Product Image"></a><p>Organic Baby Monthly Milestone Blanket Boy or Girl - Months Blanket with Wood Frame and Newborn Announcement Disc - Growth Chart Milestone Blanket Neutral, 1-12 Month Milestones, 47”x47”</p><p> -21% 0FF </p><p>$25.99</p><a href="https://www.amazon.com/dp/B07BNBTGHD?tag=eloabder-20&linkCode=osi&th=1&psc=1">View Product</a></div><div class="product"><a href="https://www.amazon.com/dp/B07SW75W4Q?tag=eloabder-20&linkCode=osi&th=1&psc=1"><img src="https://m.media-amazon.com/images/I/41JMlZBEbQL._SL500_.jpg" alt="Product Image"></a><p>Kate & Milo Baby Monthly Milestone Blanket, Infant Milestone Markers, Newborn Photoshoot Photo Props, Baby Girl or Baby Boy Gift, Large Blanket</p><p> -19% 0FF </p><p>$12.21</p><a href="https://www.amazon.com/dp/B07SW75W4Q?tag=eloabder-20&linkCode=osi&th=1&psc=1">View Product</a></div><div class="product"><a href="https://www.amazon.com/dp/B0986S52N1?tag=eloabder-20&linkCode=osi&th=1&psc=1"><img src="https://m.media-amazon.com/images/I/51v8Yn1ycsL._SL500_.jpg" alt="Product Image"></a><p>Popfavors, Yuzioey Safari Baby Monthly Milestone Blanket, Jungle Animals Baby Month Blanket , Baby Boy Blanket Growth Chart Nursery Decor, Includes Marker, White, 50Inx40In</p><p> -5% 0FF </p><p>$18.99</p><a href="https://www.amazon.com/dp/B0986S52N1?tag=eloabder-20&linkCode=osi&th=1&psc=1">View Product</a></div><div class="product"><a href="https://www.amazon.com/dp/B0CX9W8SND?tag=eloabder-20&linkCode=osi&th=1&psc=1"><img src="https://m.media-amazon.com/images/I/41r8vCzGa2L._SL500_.jpg" alt="Product Image"></a><p>Pearhead Hello World Milestone Blanket and Prop, Baby Monthly Milestone Updates, Growth Blanket with Photo Posing Props, Ideal Mother's Day Gift, Perfect Newborn Gift and Nursery Decor</p><p> -6% 0FF </p><p>$18.79</p><a href="https://www.amazon.com/dp/B0CX9W8SND?tag=eloabder-20&linkCode=osi&th=1&psc=1">View Product</a></div><div class="product"><a href="https://www.amazon.com/dp/B07JKN43H6?tag=eloabder-20&linkCode=osi&th=1&psc=1"><img src="https://m.media-amazon.com/images/I/511MIyg00lL._SL500_.jpg" alt="Product Image"></a><p>Bliss n' Baby Monthly Milestone Blanket for Baby Girl - 60"x40" - Wrinkle Free Baby Age Month Blanket with Growth Chart - Washable & Dryable - w/Wreath & Headband - Floral Theme</p><p> -14% 0FF </p><p>$23.99</p><a href="https://www.amazon.com/dp/B07JKN43H6?tag=eloabder-20&linkCode=osi&th=1&psc=1">View Product</a></div>
<div class="product"><a href="https://www.amazon.com/dp/B001E1JKFU?tag=eloabder-20&linkCode=osi&th=1&psc=1"><img src="https://m.media-amazon.com/images/I/41JBWVeh+QL._SL500_.jpg" alt="Product Image"></a><p>Stansport Mosquito Netting Small (705)</p><p> -39% 0FF </p><p>$16.33</p><a href="https://www.amazon.com/dp/B001E1JKFU?tag=eloabder-20&linkCode=osi&th=1&psc=1">View Product</a></div><div class="product"><a href="https://www.amazon.com/dp/B0BV2RNTR7?tag=eloabder-20&linkCode=osi&th=1&psc=1"><img src="https://m.media-amazon.com/images/I/51-iyQhcHsL._SL500_.jpg" alt="Product Image"></a><p>Mosquito Net for Bed,Large Mosquito Netting Tent Canopy for Beds,Folding Portable Design Travel POP UP Mosquito Netting for Bed,L80*W72*H60inch Queen King Size Mosquito Net</p><p> -14% 0FF </p><p>$31.99</p><a href="https://www.amazon.com/dp/B0BV2RNTR7?tag=eloabder-20&linkCode=osi&th=1&psc=1">View Product</a></div><div class="product"><a href="https://www.amazon.com/dp/B0D8HLQJ5G?tag=eloabder-20&linkCode=osi&th=1&psc=1"><img src="https://m.media-amazon.com/images/I/31hFeMp1LQL._SL500_.jpg" alt="Product Image"></a><p>77 * 30 * 23 Inch Large Pop Up Mosquito Tent, Portable Foldable Mosquito Net for Bed Camping Travel Patio</p><p> -6% 0FF </p><p>$29.99</p><a href="https://www.amazon.com/dp/B0D8HLQJ5G?tag=eloabder-20&linkCode=osi&th=1&psc=1">View Product</a></div><div class="product"><a href="https://www.amazon.com/dp/B0C2YQKF71?tag=eloabder-20&linkCode=osi&th=1&psc=1"><img src="https://m.media-amazon.com/images/I/41yDl7W2ZNL._SL500_.jpg" alt="Product Image"></a><p>Portable Mosquito Net Tent, Folding Mosquito Head Net, Pop Up Mosquito Tent Netting for Bedding Camping Traveling Patio (1 Pack, Large)</p><p> -20% 0FF </p><p>$15.99</p><a href="https://www.amazon.com/dp/B0C2YQKF71?tag=eloabder-20&linkCode=osi&th=1&psc=1">View Product</a></div>
<div class="product"><a href="https://www.amazon.com/dp/B0CL9SJ88Z?tag=eloabder-20&linkCode=osi&th=1&psc=1"><img src="https://m.media-amazon.com/images/I/41iQwRq8cBL._SL500_.jpg" alt="Product Image"></a><p>Muslin Swaddle Blankets for Newborn, 3 Pack Breathable Soft Receiving Blanket, Large 38 x 40 inches Swaddle Wrap Burping Clothes, Essentials Infant Shower Items, Toddler Gift (Bright Colors)</p><p> -5% 0FF </p><p>$18.99</p><a href="https://www.amazon.com/dp/B0CL9SJ88Z?tag=eloabder-20&linkCode=osi&th=1&psc=1">View Product</a></div><div class="product"><a href="https://www.amazon.com/dp/B0C6GP7NXF?tag=eloabder-20&linkCode=osi&th=1&psc=1"><img src="https://m.media-amazon.com/images/I/51vjlWRLQjL._SL500_.jpg" alt="Product Image"></a><p>Konssy 2 Pack Muslin Swaddle Blankets for Baby Boys Girls, Receiving Blanket Large 47 x 47 inches, Soft Breathable Muslin Baby Blanket for Unisex Newborn(Pink, Floral)</p><p> -19% 0FF </p><p>$21.99 ($11.00 / Count)</p><a href="https://www.amazon.com/dp/B0C6GP7NXF?tag=eloabder-20&linkCode=osi&th=1&psc=1">View Product</a></div>
<div class="product"><a href="https://www.amazon.com/dp/B0B8TCTXBV?tag=eloabder-20&linkCode=osi&th=1&psc=1"><img src="https://m.media-amazon.com/images/I/41j61T25VcL._SL500_.jpg" alt="Product Image"></a><p>aden + anais Essentials Swaddle Blanket, Boutique Muslin Blankets for Girls & Boys, Baby Receiving Swaddles, Ideal Newborn & Infant Swaddling Set, Perfect Shower Gifts, 4 Pack, Alphabet Animals</p><p> -29% 0FF </p><p>$28.49</p><a href="https://www.amazon.com/dp/B0B8TCTXBV?tag=eloabder-20&linkCode=osi&th=1&psc=1">View Product</a></div>
<div class="product"><a href="https://www.amazon.com/dp/B0D475YDF5?tag=eloabder-20&linkCode=osi&th=1&psc=1"><img src="https://m.media-amazon.com/images/I/31TAYPOHywL._SL500_.jpg" alt="Product Image"></a><p>Electric Nail Clipper with Nail File, 2 in 1 Rechargeable & Gentle Nail Trimmer with LED Light for Baby and Seniors</p><p> -37% 0FF </p><p>$12.00 ($1.13 / Ounce)</p><a href="https://www.amazon.com/dp/B0D475YDF5?tag=eloabder-20&linkCode=osi&th=1&psc=1">View Product</a></div><div class="product"><a href="https://www.amazon.com/dp/B0D6BCSLNQ?tag=eloabder-20&linkCode=osi&th=1&psc=1"><img src="https://m.media-amazon.com/images/I/413w5b8GCzL._SL500_.jpg" alt="Product Image"></a><p>Automatic Nail Clipper, 2 in-1 Electric Nail Clipper and Nail Polisher, Electric Baby Nail Clippers with Light,USB Rechargeable Suitable for Babies,Women Manicure,Kids, Adults and Seniors（Orange）</p><p> -23% 0FF </p><p>$16.99</p><a href="https://www.amazon.com/dp/B0D6BCSLNQ?tag=eloabder-20&linkCode=osi&th=1&psc=1">View Product</a></div>

<div class="product"><a href="https://www.amazon.com/dp/B0037SEU7Q?tag=eloabder-20&linkCode=osi&th=1&psc=1"><img src="https://m.media-amazon.com/images/I/41yN94m-XlL._SL500_.jpg" alt="Product Image"></a><p>Bepanthen Nappy Care Ointment 5 Percent, 30 g</p><p> -13% 0FF </p><p>$6.79 ($6.47 / Ounce)</p><a href="https://www.amazon.com/dp/B0037SEU7Q?tag=eloabder-20&linkCode=osi&th=1&psc=1">View Product</a></div><div class="product"><a href="https://www.amazon.com/dp/B0BTTT6VW2?tag=eloabder-20&linkCode=osi&th=1&psc=1"><img src="https://m.media-amazon.com/images/I/41cBqj0Z9tL._SL500_.jpg" alt="Product Image"></a><p>Weleda Baby Calendula Diaper Cream, 2.8 Fluid Ounce (Pack of 3), Plant Rich Protection with Calendula, Chamomile, Sweet Almond Oil, Lanolin and Zinc Oxide</p><p> -13% 0FF </p><p>$32.29 ($3.84 / Fl Oz)</p><a href="https://www.amazon.com/dp/B0BTTT6VW2?tag=eloabder-20&linkCode=osi&th=1&psc=1">View Product</a></div><div class="product"><a href="https://www.amazon.com/dp/B074YXP676?tag=eloabder-20&linkCode=osi&th=1&psc=1"><img src="https://m.media-amazon.com/images/I/41y8VvUNCLL._SL500_.jpg" alt="Product Image"></a><p>Nappy Styles Napping Creme Paste</p><p> -12% 0FF </p><p>$14.36 ($1.80 / Ounce)</p><a href="https://www.amazon.com/dp/B074YXP676?tag=eloabder-20&linkCode=osi&th=1&psc=1">View Product</a></div>
<div class="product"><a href="https://www.amazon.com/dp/B00821FLSU?tag=eloabder-20&linkCode=osi&th=1&psc=1"><img src="https://m.media-amazon.com/images/I/31MQYDa7dYL._SL500_.jpg" alt="Product Image"></a><p>Ubbi Steel Diaper Pail, Odor Locking, No Special Bag Required, Award-Winning, Registry Must-Have, Gray</p><p> -12% 0FF </p><p>$69.99</p><a href="https://www.amazon.com/dp/B00821FLSU?tag=eloabder-20&linkCode=osi&th=1&psc=1">View Product</a></div><div class="product"><a href="https://www.amazon.com/dp/B0CNS2FRMZ?tag=eloabder-20&linkCode=osi&th=1&psc=1"><img src="https://m.media-amazon.com/images/I/31O+tXnLaXL._SL500_.jpg" alt="Product Image"></a><p>Diaper Genie Select Pail is Made of Durable Stainless Steel and Includes 1 Starter Square Refill That can Hold up to 165 Newborn-Sized Diapers.</p><p> -20% 0FF </p><p>$35.99</p><a href="https://www.amazon.com/dp/B0CNS2FRMZ?tag=eloabder-20&linkCode=osi&th=1&psc=1">View Product</a></div><div class="product"><a href="https://www.amazon.com/dp/B08XNVW9TW?tag=eloabder-20&linkCode=osi&th=1&psc=1"><img src="https://m.media-amazon.com/images/I/41U7mL6nXRL._SL500_.jpg" alt="Product Image"></a><p>Sassy 250 Count Disposable Diaper Sacks, Lavender Scented, Easy-To-Tie, Diaper Disposal or Pet Waste Bags</p><p> -11% 0FF </p><p>$9.80</p><a href="https://www.amazon.com/dp/B08XNVW9TW?tag=eloabder-20&linkCode=osi&th=1&psc=1">View Product</a></div>


<div class="product"><a href="https://www.amazon.com/dp/B0CTKK5YY5?tag=eloabder-20&linkCode=osi&th=1&psc=1"><img src="https://m.media-amazon.com/images/I/31OhvT5rWmL._SL500_.jpg" alt="Product Image"></a><p>Koalababy Large Flow Electric Nasal Aspirator, Newest Baby Nose Sucker, Nose Cleaner for Toddlers with 3 Suction Levels, Soothing Music and Light, Space Gray</p><p> -33% 0FF </p><p>$29.99</p><a href="https://www.amazon.com/dp/B0CTKK5YY5?tag=eloabder-20&linkCode=osi&th=1&psc=1">View Product</a></div>
<div class="product"><a href="https://www.amazon.com/dp/B07GG1R9WC?tag=eloabder-20&linkCode=osi&th=1&psc=1"><img src="https://m.media-amazon.com/images/I/31T-p4V5gsL._SL500_.jpg" alt="Product Image"></a><p>Gerber Unisex Baby Multi-Pack Long-Sleeve Onesies Bodysuit Mitten Cuff Sizes 6-Pack Mitten Cuff Newborn</p><p> -12% 0FF </p><p>$15.81</p><a href="https://www.amazon.com/dp/B07GG1R9WC?tag=eloabder-20&linkCode=osi&th=1&psc=1">View Product</a></div><div class="product"><a href="https://www.amazon.com/dp/B0BVMXF1DJ?tag=eloabder-20&linkCode=osi&th=1&psc=1"><img src="https://m.media-amazon.com/images/I/31aJYRwZ+-L._SL500_.jpg" alt="Product Image"></a><p>HonestBaby Baby Boys 3-pack Organic Cotton Long Sleeve Side-snap Kimono Bodysuits And Toddler T-Shirt Set, Honestly Pure White, Newborn US</p><p> -63% 0FF </p><p>$11.19</p><a href="https://www.amazon.com/dp/B0BVMXF1DJ?tag=eloabder-20&linkCode=osi&th=1&psc=1">View Product</a></div>
<div class="product"><a href="https://www.amazon.com/dp/B01N47M3V0?tag=eloabder-20&linkCode=osi&th=1&psc=1"><img src="https://m.media-amazon.com/images/I/31WVThyEEcL._SL500_.jpg" alt="Product Image"></a><p>Uigos LED Night Light Lamp with Smart Sensor Dusk to Dawn Sensor, Daylight White, 0.5W Plug-in, 6-Pack</p><p> -23% 0FF </p><p>$9.99</p><a href="https://www.amazon.com/dp/B01N47M3V0?tag=eloabder-20&linkCode=osi&th=1&psc=1">View Product</a></div><div class="product"><a href="https://www.amazon.com/dp/B09B1B6J9S?tag=eloabder-20&linkCode=osi&th=1&psc=1"><img src="https://m.media-amazon.com/images/I/11rEGPdWq7L._SL500_.jpg" alt="Product Image"></a><p>Anico EASZZZ Baby Night Light, Nursery Night Lamp for Breastfeeding, Soft BPA Free Silicone Touch Night Lamp, Eye Caring, Easy Flip Design, Stepless Dimming, 1-Pack</p><p> -25% 0FF </p><p>$29.99</p><a href="https://www.amazon.com/dp/B09B1B6J9S?tag=eloabder-20&linkCode=osi&th=1&psc=1">View Product</a></div><div class="product"><a href="https://www.amazon.com/dp/B097YP171M?tag=eloabder-20&linkCode=osi&th=1&psc=1"><img src="https://m.media-amazon.com/images/I/21jYMKqhB3L._SL500_.jpg" alt="Product Image"></a><p>JolyWell Night Light for Kids, Egg Light for Nursery with 7 RGB Colors Changeable & Stepless Dimming, Rechargeable Tap Light with 1h Timer & Touch Control, Portable Night Light for Babies BPA Free</p><p> -14% 0FF </p><p>$25.99</p><a href="https://www.amazon.com/dp/B097YP171M?tag=eloabder-20&linkCode=osi&th=1&psc=1">View Product</a></div><div class="product"><a href="https://www.amazon.com/dp/B077X48B8Q?tag=eloabder-20&linkCode=osi&th=1&psc=1"><img src="https://m.media-amazon.com/images/I/31TiV9umK-L._SL500_.jpg" alt="Product Image"></a><p>REMINDA 4 Pack Night Light Lamp with Dusk to Dawn Sensor, Plug in, Blue Led Night Light</p><p> -19% 0FF </p><p>$12.99</p><a href="https://www.amazon.com/dp/B077X48B8Q?tag=eloabder-20&linkCode=osi&th=1&psc=1">View Product</a></div>
<div class="product"><a href="https://www.amazon.com/dp/B005MI648C?tag=eloabder-20&linkCode=osi&th=1&psc=1"><img src="https://m.media-amazon.com/images/I/41IsNMYojbL._SL500_.jpg" alt="Product Image"></a><p>Lansinoh Lanolin Nipple Cream Safe for Breastfeeding Baby, 100% Natural Nipple Butter for Mom, Breastfeeding Essentials, 1.41 Ounces</p><p> -17% 0FF </p><p>$8.99 ($6.38 / Ounce)</p><a href="https://www.amazon.com/dp/B005MI648C?tag=eloabder-20&linkCode=osi&th=1&psc=1">View Product</a></div><div class="product"><a href="https://www.amazon.com/dp/B000JVCBBG?tag=eloabder-20&linkCode=osi&th=1&psc=1"><img src="https://m.media-amazon.com/images/I/41TljzHSgHL._SL500_.jpg" alt="Product Image"></a><p>Earth Mama Organic Nipple Butter™ | Nipple Cream Safe for Breastfeeding | Postpartum Essentials for Nursing | Non Lanolin Nipple Cream, 2-Fluid Ounce</p><p> -7% 0FF </p><p>$13.99 ($7.00 / Fl Oz)</p><a href="https://www.amazon.com/dp/B000JVCBBG?tag=eloabder-20&linkCode=osi&th=1&psc=1">View Product</a></div><div class="product"><a href="https://www.amazon.com/dp/B08L68WR4B?tag=eloabder-20&linkCode=osi&th=1&psc=1"><img src="https://m.media-amazon.com/images/I/41qRTIl9vqL._SL500_.jpg" alt="Product Image"></a><p>Medela Purelan Lanolin Nipple Cream for Breastfeeding, 100% All Natural Single Ingredient, Hypoallergenic, Soothing Protection, Safe for Nursing Mom and Baby, 1.3 Ounce Tube</p><p> -29% 0FF </p><p>$7.37</p><a href="https://www.amazon.com/dp/B08L68WR4B?tag=eloabder-20&linkCode=osi&th=1&psc=1">View Product</a></div><div class="product"><a href="https://www.amazon.com/dp/B07X53WM1H?tag=eloabder-20&linkCode=osi&th=1&psc=1"><img src="https://m.media-amazon.com/images/I/41sh4NHSA1L._SL500_.jpg" alt="Product Image"></a><p>Lansinoh Organic Nipple Butter, Nipple Cream Safe for Breastfeeding Baby, Postpartum Essentials for Mom, 2 Ounces</p><p> -37% 0FF </p><p>$9.37</p><a href="https://www.amazon.com/dp/B07X53WM1H?tag=eloabder-20&linkCode=osi&th=1&psc=1">View Product</a></div><div class="product"><a href="https://www.amazon.com/dp/B08PXP59L6?tag=eloabder-20&linkCode=osi&th=1&psc=1"><img src="https://m.media-amazon.com/images/I/31ABi-XhpOL._SL500_.jpg" alt="Product Image"></a><p>The Honest Company Honest Mama Calm Your Nip Balm | USDA Certified Organic Nipple Cream | 1.75 fl oz</p><p> -10% 0FF </p><p>$13.49 ($7.71 / Fl Oz)</p><a href="https://www.amazon.com/dp/B08PXP59L6?tag=eloabder-20&linkCode=osi&th=1&psc=1">View Product</a></div><div class="product"><a href="https://www.amazon.com/dp/B001EPQ1US?tag=eloabder-20&linkCode=osi&th=1&psc=1"><img src="https://m.media-amazon.com/images/I/412ol1D5gFL._SL500_.jpg" alt="Product Image"></a><p>Lansinoh Breast Cream, 1.41 Ounce Tube (Pack of 3)</p><p> -20% 0FF </p><p>$23.99 ($5.67 / Ounce)</p><a href="https://www.amazon.com/dp/B001EPQ1US?tag=eloabder-20&linkCode=osi&th=1&psc=1">View Product</a></div>
<div class="product"><a href="https://www.amazon.com/dp/B0116SFIXS?tag=eloabder-20&linkCode=osi&th=1&psc=1"><img src="https://m.media-amazon.com/images/I/41IXnMjSMRL._SL500_.jpg" alt="Product Image"></a><p>Lansinoh Contact Nipple Shields for Breastfeeding, 2 Nipple Shields (24mm) and Case</p><p> -9% 0FF </p><p>$8.22</p><a href="https://www.amazon.com/dp/B0116SFIXS?tag=eloabder-20&linkCode=osi&th=1&psc=1">View Product</a></div><div class="product"><a href="https://www.amazon.com/dp/B000067PQ0?tag=eloabder-20&linkCode=osi&th=1&psc=1"><img src="https://m.media-amazon.com/images/I/31Bc7JjDLBL._SL500_.jpg" alt="Product Image"></a><p>Medela Contact Nipple Shield, 24mm Medium, Nippleshield for Breastfeeding with Latch Difficulties or Flat or Inverted Nipples, Made Without BPA</p><p> -32% 0FF </p><p>$7.35</p><a href="https://www.amazon.com/dp/B000067PQ0?tag=eloabder-20&linkCode=osi&th=1&psc=1">View Product</a></div><div class="product"><a href="https://www.amazon.com/dp/B08VKRMXGZ?tag=eloabder-20&linkCode=osi&th=1&psc=1"><img src="https://m.media-amazon.com/images/I/41jploOEeaL._SL500_.jpg" alt="Product Image"></a><p>Moogco The Original Silver Nursing Cups - Nipple Shields for Nursing Newborn - Breastfeeding Essentials - Newborn Essentials Must Haves - Nipple Covers Breastfeeding - 925 Silver</p><p> -28% 0FF </p><p>$35.90</p><a href="https://www.amazon.com/dp/B08VKRMXGZ?tag=eloabder-20&linkCode=osi&th=1&psc=1">View Product</a></div><div class="product"><a href="https://www.amazon.com/dp/B07ND58735?tag=eloabder-20&linkCode=osi&th=1&psc=1"><img src="https://m.media-amazon.com/images/I/41EpWEiqvyL._SL500_.jpg" alt="Product Image"></a><p>Koala Babycare The Original Silver Nursing Cups - Nipple Shields for Nursing Newborn -Breastfeeding Essentials - Protect and Soothe - Tri-Laminate Silver - Standard Size</p><p> -13% 0FF </p><p>$34.75</p><a href="https://www.amazon.com/dp/B07ND58735?tag=eloabder-20&linkCode=osi&th=1&psc=1">View Product</a></div>
<div class="product"><a href="https://www.amazon.com/dp/B091FL1QFK?tag=eloabder-20&linkCode=osi&th=1&psc=1"><img src="https://m.media-amazon.com/images/I/41TUb4BsK-L._SL500_.jpg" alt="Product Image"></a><p>Syringe Nasal Irrigator, Professional Baby Nasal Irrigator Portable Infant Nose Cleaner Rinsing Device Fast All Natural Relief-Nasal Irrigation/Nasal Spray/Nasal Hygiene (2 pièces)</p><p> -67% 0FF </p><p>$3.25</p><a href="https://www.amazon.com/dp/B091FL1QFK?tag=eloabder-20&linkCode=osi&th=1&psc=1">View Product</a></div><div class="product"><a href="https://www.amazon.com/dp/B09137WF8K?tag=eloabder-20&linkCode=osi&th=1&psc=1"><img src="https://m.media-amazon.com/images/I/41v2GMmUbZL._SL500_.jpg" alt="Product Image"></a><p>Two Pack 3 in 1 Baby Nose and Ear Gadget, Safe Baby Booger Remover, Nose Cleaning Tweezers, Nose Cleaner for Baby Infants and Toddlers, Dual Earwax and Snot Removal Baby Must Have Items</p><p> -50% 0FF </p><p>$9.95</p><a href="https://www.amazon.com/dp/B09137WF8K?tag=eloabder-20&linkCode=osi&th=1&psc=1">View Product</a></div><div class="product"><a href="https://www.amazon.com/dp/B09Q61B4MM?tag=eloabder-20&linkCode=osi&th=1&psc=1"><img src="https://m.media-amazon.com/images/I/310TWo+qPRL._SL500_.jpg" alt="Product Image"></a><p>Haakaa Silicone Baby Nasal Aspirator | Nose Bulb Syringe | Easy-Squeezy Baby Nose Cleaner, Newborn Infant &Toddler - BPA Free Silicone</p><p> -5% 0FF </p><p>$9.39</p><a href="https://www.amazon.com/dp/B09Q61B4MM?tag=eloabder-20&linkCode=osi&th=1&psc=1">View Product</a></div>
<div class="product"><a href="https://www.amazon.com/dp/B002K6F7AK?tag=eloabder-20&linkCode=osi&th=1&psc=1"><img src="https://m.media-amazon.com/images/I/411elwPHIqL._SL500_.jpg" alt="Product Image"></a><p>Lamaze womens Cotton Spandex Sleep for Nursing and Maternity Full Coverage Bra, Heather Grey, Large US</p><p> -32% 0FF </p><p>$12.28</p><a href="https://www.amazon.com/dp/B002K6F7AK?tag=eloabder-20&linkCode=osi&th=1&psc=1">View Product</a></div>

<div class="product"><a href="https://www.amazon.com/dp/B06XPHR7DF?tag=eloabder-20&linkCode=osi&th=1&psc=1"><img src="https://m.media-amazon.com/images/I/31sNH-POFUL._SL500_.jpg" alt="Product Image"></a><p>Lansinoh Stay Dry Disposable Nursing Pads, Soft and Super Absorbent Breast Pads, Breastfeeding Essentials for Moms, 200 Count</p><p> -21% 0FF </p><p>$18.51</p><a href="https://www.amazon.com/dp/B06XPHR7DF?tag=eloabder-20&linkCode=osi&th=1&psc=1">View Product</a></div><div class="product"><a href="https://www.amazon.com/dp/B0DB3G8G37?tag=eloabder-20&linkCode=osi&th=1&psc=1"><img src="https://m.media-amazon.com/images/I/31Z7+iKhAKL._SL500_.jpg" alt="Product Image"></a><p>Lansinoh Washable Nursing Pads, Made with Organic Bamboo Viscose, Reusable Breast Pads for Breastfeeding with Wash Bag, Breastfeeding Essentials, 10 Count</p><p> -11% 0FF </p><p>$14.28</p><a href="https://www.amazon.com/dp/B0DB3G8G37?tag=eloabder-20&linkCode=osi&th=1&psc=1">View Product</a></div>
<div class="product"><a href="https://www.amazon.com/dp/B09T6V8YH2?tag=eloabder-20&linkCode=osi&th=1&psc=1"><img src="https://m.media-amazon.com/images/I/21knizL1Y1L._SL500_.jpg" alt="Product Image"></a><p>Nursing Pillow and Positioner with Cover for Breastfeeding and Bottle Feeding, Propping Baby, Tummy Time, Baby Sitting Support, Awake-Time Support (Pillow Only, 22" x 17.7" x 5.9")</p><p> -32% 0FF </p><p>$20.49</p><a href="https://www.amazon.com/dp/B09T6V8YH2?tag=eloabder-20&linkCode=osi&th=1&psc=1">View Product</a></div>
<div class="product"><a href="https://www.amazon.com/dp/B00B7TCX0I?tag=eloabder-20&linkCode=osi&th=1&psc=1"><img src="https://m.media-amazon.com/images/I/51n0rXJe9iL._SL500_.jpg" alt="Product Image"></a><p>Leading Lady Women's Nursing Tank Stylish Cami with Inner Shelf Bra, Black Stripe, Large</p><p> -59% 0FF </p><p>$13.98</p><a href="https://www.amazon.com/dp/B00B7TCX0I?tag=eloabder-20&linkCode=osi&th=1&psc=1">View Product</a></div><div class="product"><a href="https://www.amazon.com/dp/B07K72T7Q3?tag=eloabder-20&linkCode=osi&th=1&psc=1"><img src="https://m.media-amazon.com/images/I/31J5oWrxf6L._SL500_.jpg" alt="Product Image"></a><p>Lansinoh Reusable Nursing Pads, Nursing Essentials for Breastfeeding Mothers, 4 Absorbent Nursing Pads With Mesh Wash Bag, White Pads</p><p> -25% 0FF </p><p>$11.99</p><a href="https://www.amazon.com/dp/B07K72T7Q3?tag=eloabder-20&linkCode=osi&th=1&psc=1">View Product</a></div>

<div class="product"><a href="https://www.amazon.com/dp/B086134T3T?tag=eloabder-20&linkCode=osi&th=1&psc=1"><img src="https://m.media-amazon.com/images/I/41KhXKDGe-L._SL500_.jpg" alt="Product Image"></a><p>4our Kiddies Baby-Proof Outlet Covers (60 Pack) - Child Safety Electric Plug Protectors to Prevent Power Shock</p><p> -23% 0FF </p><p>$9.99</p><a href="https://www.amazon.com/dp/B086134T3T?tag=eloabder-20&linkCode=osi&th=1&psc=1">View Product</a></div><div class="product"><a href="https://www.amazon.com/dp/B08FBNKDKB?tag=eloabder-20&linkCode=osi&th=1&psc=1"><img src="https://m.media-amazon.com/images/I/318PTNFomwL._SL500_.jpg" alt="Product Image"></a><p>Outlet Cover Box for Child Safety (2 Pack) Duplex & Decorator Electrical Outlet Plates, Concealed Access Buttons, and Spacious Compartment - Jool Baby</p><p> -35% 0FF </p><p>$14.99</p><a href="https://www.amazon.com/dp/B08FBNKDKB?tag=eloabder-20&linkCode=osi&th=1&psc=1">View Product</a></div>
<div class="product"><a href="https://www.amazon.com/dp/B07TDN9MKC?tag=eloabder-20&linkCode=osi&th=1&psc=1"><img src="https://m.media-amazon.com/images/I/41K55mCBTsL._SL500_.jpg" alt="Product Image"></a><p>Philips Avent Soothie Orthodontic Baby Pacifiers, 100% Silicone Pacifiers, One Piece, BPA-Free, for Babies 0-3 Months, Green, 4 Pack, Model SCF190/41</p><p> -25% 0FF </p><p>$8.94</p><a href="https://www.amazon.com/dp/B07TDN9MKC?tag=eloabder-20&linkCode=osi&th=1&psc=1">View Product</a></div><div class="product"><a href="https://www.amazon.com/dp/B08177ZPKM?tag=eloabder-20&linkCode=osi&th=1&psc=1"><img src="https://m.media-amazon.com/images/I/41+0ETqpizL._SL500_.jpg" alt="Product Image"></a><p>Tommee Tippee Ultra-Light Silicone Pacifier, 0-6 Months, Symmetrical One-Piece Design, BPA-Free Silicone Binkies, Clear/Blue/Green, Pack of 4</p><p> -38% 0FF </p><p>$10.39</p><a href="https://www.amazon.com/dp/B08177ZPKM?tag=eloabder-20&linkCode=osi&th=1&psc=1">View Product</a></div><div class="product"><a href="https://www.amazon.com/dp/B09XJJB478?tag=eloabder-20&linkCode=osi&th=1&psc=1"><img src="https://m.media-amazon.com/images/I/31vbtPyMOGL._SL500_.jpg" alt="Product Image"></a><p>Dr. Brown's HappyPaci 100% Silicone Baby Pacifier, Contoured One-Piece Design, White, Blue, Light Blue, 0-6m, BPA-Free, 3 Pack</p><p> -17% 0FF </p><p>$4.97</p><a href="https://www.amazon.com/dp/B09XJJB478?tag=eloabder-20&linkCode=osi&th=1&psc=1">View Product</a></div><div class="product"><a href="https://www.amazon.com/dp/B09F6YC4MS?tag=eloabder-20&linkCode=osi&th=1&psc=1"><img src="https://m.media-amazon.com/images/I/31j7FmFh-9L._SL500_.jpg" alt="Product Image"></a><p>Itzy Ritzy Natural Rubber Pacifiers, Set of 2 – Natural Rubber Newborn Pacifiers with Cherry-Shaped Nipple & Large Air Holes for Added Safety; Set of 2 in Coconut & Toast, Ages 0 – 6 Months</p><p> -10% 0FF </p><p>$8.97</p><a href="https://www.amazon.com/dp/B09F6YC4MS?tag=eloabder-20&linkCode=osi&th=1&psc=1">View Product</a></div><div class="product"><a href="https://www.amazon.com/dp/B0835TX9TH?tag=eloabder-20&linkCode=osi&th=1&psc=1"><img src="https://m.media-amazon.com/images/I/413oViQleDL._SL500_.jpg" alt="Product Image"></a><p>NUK Orthodontic Pacifier Value Pack</p><p> -48% 0FF </p><p>$6.29</p><a href="https://www.amazon.com/dp/B0835TX9TH?tag=eloabder-20&linkCode=osi&th=1&psc=1">View Product</a></div><div class="product"><a href="https://www.amazon.com/dp/B0BJ4Q64L9?tag=eloabder-20&linkCode=osi&th=1&psc=1"><img src="https://m.media-amazon.com/images/I/31T4DaO7KeL._SL500_.jpg" alt="Product Image"></a><p>Tommee Tippee Ultra-light Silicone Pacifier, Symmetrical One-Piece Design, BPA-Free Silicone Binkies, 6-18 months, Pack of 4 Pacifiers</p><p> -32% 0FF </p><p>$11.51</p><a href="https://www.amazon.com/dp/B0BJ4Q64L9?tag=eloabder-20&linkCode=osi&th=1&psc=1">View Product</a></div><div class="product"><a href="https://www.amazon.com/dp/B0C5B1SLFL?tag=eloabder-20&linkCode=osi&th=1&psc=1"><img src="https://m.media-amazon.com/images/I/41XLQFTsedL._SL500_.jpg" alt="Product Image"></a><p>Philips Avent Ultra Soft Pacifier - 4 x Soft and Flexible Baby Pacifiers for Babies Aged 0-6 Months, BPA Free with Sterilizer Carry Case, SCF091/23</p><p> -7% 0FF </p><p>$12.94</p><a href="https://www.amazon.com/dp/B0C5B1SLFL?tag=eloabder-20&linkCode=osi&th=1&psc=1">View Product</a></div><div class="product"><a href="https://www.amazon.com/dp/B09H7LR2K2?tag=eloabder-20&linkCode=osi&th=1&psc=1"><img src="https://m.media-amazon.com/images/I/31J6KoAN3IL._SL500_.jpg" alt="Product Image"></a><p>MAM Original Start Matte Newborn Baby Pacifier, Best Pacifier for Breastfed Babies, Sterilizer Case, Girl, 0-3 Months (Pack of 2)</p><p> -38% 0FF </p><p>$4.99</p><a href="https://www.amazon.com/dp/B09H7LR2K2?tag=eloabder-20&linkCode=osi&th=1&psc=1">View Product</a></div>
<div class="product"><a href="https://www.amazon.com/dp/B0C98MM24R?tag=eloabder-20&linkCode=osi&th=1&psc=1"><img src="https://m.media-amazon.com/images/I/411zeOj8dIL._SL500_.jpg" alt="Product Image"></a><p>Silicone Pacifier Clip, Seposeve Pack of 3 Baby Pacifier Teether Clip with 4 Texture, Soft Flexible Silicone Pacifier Leashes & Cases for Boy and Girl, Keeps Pacifier Clean, Purple Pink White</p><p> -29% 0FF </p><p>$4.99</p><a href="https://www.amazon.com/dp/B0C98MM24R?tag=eloabder-20&linkCode=osi&th=1&psc=1">View Product</a></div><div class="product"><a href="https://www.amazon.com/dp/B0828BFK15?tag=eloabder-20&linkCode=osi&th=1&psc=1"><img src="https://m.media-amazon.com/images/I/41OXr2mKwYL._SL500_.jpg" alt="Product Image"></a><p>PandaEar Baby Pacifier Clips Solid Color, 4 Pack Universal Holder Leash for Boys and Girls, Teething Toys Teethers (Neutral)</p><p> -17% 0FF </p><p>$4.98</p><a href="https://www.amazon.com/dp/B0828BFK15?tag=eloabder-20&linkCode=osi&th=1&psc=1">View Product</a></div>
<div class="product"><a href="https://www.amazon.com/dp/B09JCJKMF2?tag=eloabder-20&linkCode=osi&th=1&psc=1"><img src="https://m.media-amazon.com/images/I/21hMAxonL8L._SL500_.jpg" alt="Product Image"></a><p>Ubbi On-The-Go Dual Pacifier Holder, Keep's Baby's Binkies Clean and Accessible, Portable for Travel, Diaper Bag Accessory Must Have for Newborns, Sage Green</p><p> -17% 0FF </p><p>$4.99</p><a href="https://www.amazon.com/dp/B09JCJKMF2?tag=eloabder-20&linkCode=osi&th=1&psc=1">View Product</a></div><div class="product"><a href="https://www.amazon.com/dp/B0BG8J1JJR?tag=eloabder-20&linkCode=osi&th=1&psc=1"><img src="https://m.media-amazon.com/images/I/31fDalcDyyL._SL500_.jpg" alt="Product Image"></a><p>PandaEar Pacifier Nipple Holder Case Container Boxes (4 Pack)| Universal Accessories Holders| Travel Cases| BPA Free</p><p> -17% 0FF </p><p>$4.95</p><a href="https://www.amazon.com/dp/B0BG8J1JJR?tag=eloabder-20&linkCode=osi&th=1&psc=1">View Product</a></div>
<div class="product"><a href="https://www.amazon.com/dp/B08625PRQL?tag=eloabder-20&linkCode=osi&th=1&psc=1"><img src="https://m.media-amazon.com/images/I/31PUIalU9CL._SL500_.jpg" alt="Product Image"></a><p>GROWNSY Pacifier Sanitizer Portable, UV Light Sanitizer on The Go, USB Charging Sanitizer Case, Mini Pacifier Sanitizer 99.99% Cleaned in 59 Seconds (White)</p><p> -10% 0FF </p><p>$26.95</p><a href="https://www.amazon.com/dp/B08625PRQL?tag=eloabder-20&linkCode=osi&th=1&psc=1">View Product</a></div><div class="product"><a href="https://www.amazon.com/dp/B0035LQNNE?tag=eloabder-20&linkCode=osi&th=1&psc=1"><img src="https://m.media-amazon.com/images/I/41DJ3x+h47L._SL500_.jpg" alt="Product Image"></a><p>Dr. Brown's Microwave Steam Sterilizer Bags for Baby Bottles, Pacifiers, Pump Parts and Accessories, Travel Baby Bottle Sterilizer, 30 Uses per Bag, 5 Count (Pack of 1)</p><p> -40% 0FF </p><p>$5.99</p><a href="https://www.amazon.com/dp/B0035LQNNE?tag=eloabder-20&linkCode=osi&th=1&psc=1">View Product</a></div>
<div class="product"><a href="https://www.amazon.com/dp/B0CRF9L25B?tag=eloabder-20&linkCode=osi&th=1&psc=1"><img src="https://m.media-amazon.com/images/I/41WW0AQ61YL._SL500_.jpg" alt="Product Image"></a><p>Comfy Cubs Baby Play Gym Set, Wooden Baby Playgym, Interactive Activity Center Hanging Bar with Gym Toys, Foldable for Infants, Newborn Gift for Baby Girl and Boy</p><p> -33% 0FF </p><p>$39.99</p><a href="https://www.amazon.com/dp/B0CRF9L25B?tag=eloabder-20&linkCode=osi&th=1&psc=1">View Product</a></div>
<div class="product"><a href="https://www.amazon.com/dp/B0BCVRHFX8?tag=eloabder-20&linkCode=osi&th=1&psc=1"><img src="https://m.media-amazon.com/images/I/41EoxD6Jb4L._SL500_.jpg" alt="Product Image"></a><p>Baby Playpen,Playpen, Playpen for Babies and Toddlers, Play Pen for Kids, Play Pens for Babies and Toddlers for Apartment (47 * 47 inch Grey with mat)</p><p> -23% 0FF </p><p>$46.21</p><a href="https://www.amazon.com/dp/B0BCVRHFX8?tag=eloabder-20&linkCode=osi&th=1&psc=1">View Product</a></div><div class="product"><a href="https://www.amazon.com/dp/B0BR7NFYTV?tag=eloabder-20&linkCode=osi&th=1&psc=1"><img src="https://m.media-amazon.com/images/I/41fdC8D+84L._SL500_.jpg" alt="Product Image"></a><p>COMOMY Playpens for Babies and Toddlers, Small Baby Play Pens, Activity Center for Baby Safe and Non-Slip Baby Fence, Full Mesh Design, Indoor & Outdoor Kids Activity Center (Dark Grey, 36"x36")</p><p> -20% 0FF </p><p>$39.99</p><a href="https://www.amazon.com/dp/B0BR7NFYTV?tag=eloabder-20&linkCode=osi&th=1&psc=1">View Product</a></div><div class="product"><a href="https://www.amazon.com/dp/B09ZDQ3C2Y?tag=eloabder-20&linkCode=osi&th=1&psc=1"><img src="https://m.media-amazon.com/images/I/41cGSa5tbrL._SL500_.jpg" alt="Product Image"></a><p>Pamo Babe Portable Crib Baby Playpen with Mattress and Carry Bag (Grey)</p><p> -29% 0FF </p><p>$48.99</p><a href="https://www.amazon.com/dp/B09ZDQ3C2Y?tag=eloabder-20&linkCode=osi&th=1&psc=1">View Product</a></div><div class="product"><a href="https://www.amazon.com/dp/B08BT16TH5?tag=eloabder-20&linkCode=osi&th=1&psc=1"><img src="https://m.media-amazon.com/images/I/41T3gWQReTL._SL500_.jpg" alt="Product Image"></a><p>Dream On Me Nest Portable Playard in Black with Carrybag an Shoulder Strap, Lightweight, Packable and Easy Setup Baby Playard, Breathable Mesh Sides and Soft Fabric - Comes with a Removable Padded Mat</p><p> -29% 0FF </p><p>$49.99</p><a href="https://www.amazon.com/dp/B08BT16TH5?tag=eloabder-20&linkCode=osi&th=1&psc=1">View Product</a></div>
<div class="product"><a href="https://www.amazon.com/dp/B07964SFW4?tag=eloabder-20&linkCode=osi&th=1&psc=1"><img src="https://m.media-amazon.com/images/I/415S7evTplL._SL500_.jpg" alt="Product Image"></a><p>Baby Trend Lil' Snooze Deluxe II Nursery Center, Twinkle Twinkle Little Moon</p><p> -10% 0FF </p><p>$89.99</p><a href="https://www.amazon.com/dp/B07964SFW4?tag=eloabder-20&linkCode=osi&th=1&psc=1">View Product</a></div><div class="product"><a href="https://www.amazon.com/dp/B0BMFQFZSH?tag=eloabder-20&linkCode=osi&th=1&psc=1"><img src="https://m.media-amazon.com/images/I/41tYFE0RalL._SL500_.jpg" alt="Product Image"></a><p>Pamo Babe Deluxe Nursery Center, Foldable Playard for Baby & Toddler, Bassinet, Mattress, Changing Table for Newborn(Black)</p><p> -22% 0FF </p><p>$155.99</p><a href="https://www.amazon.com/dp/B0BMFQFZSH?tag=eloabder-20&linkCode=osi&th=1&psc=1">View Product</a></div><div class="product"><a href="https://www.amazon.com/dp/B07HYV86RH?tag=eloabder-20&linkCode=osi&th=1&psc=1"><img src="https://m.media-amazon.com/images/I/41GWwVT9TQL._SL500_.jpg" alt="Product Image"></a><p>Baby Trend Trend-E Nursery Center® Playard, April</p><p> -20% 0FF </p><p>$79.99</p><a href="https://www.amazon.com/dp/B07HYV86RH?tag=eloabder-20&linkCode=osi&th=1&psc=1">View Product</a></div>
<div class="product"><a href="https://www.amazon.com/dp/B0BZQGQVD1?tag=eloabder-20&linkCode=osi&th=1&psc=1"><img src="https://m.media-amazon.com/images/I/41DuYrM0FML._SL500_.jpg" alt="Product Image"></a><p>Kopi Baby Portable Diaper Changing Pad - Baby Changing Pad & Diaper Changer Travel Bag, Smart Design Baby Changing Mat, Portable Changing Pad for Baby - Baby Changing Station, Infant Gift - Grey</p><p> -31% 0FF </p><p>$26.99</p><a href="https://www.amazon.com/dp/B0BZQGQVD1?tag=eloabder-20&linkCode=osi&th=1&psc=1">View Product</a></div><div class="product"><a href="https://www.amazon.com/dp/B085PXT49C?tag=eloabder-20&linkCode=osi&th=1&psc=1"><img src="https://m.media-amazon.com/images/I/51vXCxx-lHL._SL500_.jpg" alt="Product Image"></a><p>Portable Changing Pad for Baby|Travel Baby Changing Pads for Moms, Dads|Waterproof Portable Changing Mat with Built-in Pillow|Excellent Baby Shower/Registry Gifts</p><p> -19% 0FF </p><p>$12.99</p><a href="https://www.amazon.com/dp/B085PXT49C?tag=eloabder-20&linkCode=osi&th=1&psc=1">View Product</a></div><div class="product"><a href="https://www.amazon.com/dp/B082FZ4232?tag=eloabder-20&linkCode=osi&th=1&psc=1"><img src="https://m.media-amazon.com/images/I/51beBs2MbBL._SL500_.jpg" alt="Product Image"></a><p>First Landings Portable Diaper Changing Pad - Convenient Travel Changing Pad and Wipe Holder - Portable Changing Pad - Navy</p><p> -58% 0FF </p><p>$9.99</p><a href="https://www.amazon.com/dp/B082FZ4232?tag=eloabder-20&linkCode=osi&th=1&psc=1">View Product</a></div><div class="product"><a href="https://www.amazon.com/dp/B08N4W4CFC?tag=eloabder-20&linkCode=osi&th=1&psc=1"><img src="https://m.media-amazon.com/images/I/51vHXXugc9L._SL500_.jpg" alt="Product Image"></a><p>Portable Diaper Changing Pad for Baby, Detachable Travel Changing Pad with Baby Wipes Pocket, Gifts for Baby Shower, Newborn Girls and Boys (Grey)</p><p> -29% 0FF </p><p>$19.79</p><a href="https://www.amazon.com/dp/B08N4W4CFC?tag=eloabder-20&linkCode=osi&th=1&psc=1">View Product</a></div><div class="product"><a href="https://www.amazon.com/dp/B0CM9ZDFT7?tag=eloabder-20&linkCode=osi&th=1&psc=1"><img src="https://m.media-amazon.com/images/I/511OkyACRAL._SL500_.jpg" alt="Product Image"></a><p>Portable Changing Pad for Baby, Travel Diaper Changing Pad for Newborn, Large Waterproof Baby Changing Mat, Foldable & Detachable Diaper Changing Station with Baby Wipes Pockets, Baby Stuff by Pillani</p><p> -37% 0FF </p><p>$18.99</p><a href="https://www.amazon.com/dp/B0CM9ZDFT7?tag=eloabder-20&linkCode=osi&th=1&psc=1">View Product</a></div>
<div class="product"><a href="https://www.amazon.com/dp/B00AKKDSNG?tag=eloabder-20&linkCode=osi&th=1&psc=1"><img src="https://m.media-amazon.com/images/I/51nqUmC7OaL._SL500_.jpg" alt="Product Image"></a><p>Guava Lotus Travel Crib with Lightweight Backpack Design | Certified Baby Safe Portable Crib | Folding Play Yard with Comfy Mattress for Babies & Toddlers | Compact Baby Travel Bed</p><p> -18% 0FF </p><p>$229.95</p><a href="https://www.amazon.com/dp/B00AKKDSNG?tag=eloabder-20&linkCode=osi&th=1&psc=1">View Product</a></div><div class="product"><a href="https://www.amazon.com/dp/B07RZQC1T1?tag=eloabder-20&linkCode=osi&th=1&psc=1"><img src="https://m.media-amazon.com/images/I/41EMWNVnnYL._SL500_.jpg" alt="Product Image"></a><p>Pamo Babe Portable Crib for Baby, Portable Baby Playpen with Bassinet and Changing Table</p><p> -15% 0FF </p><p>$109.99</p><a href="https://www.amazon.com/dp/B07RZQC1T1?tag=eloabder-20&linkCode=osi&th=1&psc=1">View Product</a></div><div class="product"><a href="https://www.amazon.com/dp/B01F9FLEL4?tag=eloabder-20&linkCode=osi&th=1&psc=1"><img src="https://m.media-amazon.com/images/I/51HNrjQ09pL._SL500_.jpg" alt="Product Image"></a><p>Baby Trend Nursery Center® Playard, Tanzania</p><p> -20% 0FF </p><p>$79.99</p><a href="https://www.amazon.com/dp/B01F9FLEL4?tag=eloabder-20&linkCode=osi&th=1&psc=1">View Product</a></div>
<div class="product"><a href="https://www.amazon.com/dp/B0CXY9DDW9?tag=eloabder-20&linkCode=osi&th=1&psc=1"><img src="https://m.media-amazon.com/images/I/31MFNOwDz8L._SL500_.jpg" alt="Product Image"></a><p>Bluey Playtime Floor Potty Trainer w/Sound</p><p> -20% 0FF </p><p>$31.99</p><a href="https://www.amazon.com/dp/B0CXY9DDW9?tag=eloabder-20&linkCode=osi&th=1&psc=1">View Product</a></div>


<div class="product"><a href="https://www.amazon.com/dp/B0825YNHG9?tag=eloabder-20&linkCode=osi&th=1&psc=1"><img src="https://m.media-amazon.com/images/I/515zQEdiriL._SL500_.jpg" alt="Product Image"></a><p>wegreeco Cloth Diapers 6 Pack with 6 Inserts & 1 Wet Bag, Washable Cloth Diapers for Babies, One Size Adjustable Reusable Diapers Baby (Flower)</p><p> -17% 0FF </p><p>$31.85</p><a href="https://www.amazon.com/dp/B0825YNHG9?tag=eloabder-20&linkCode=osi&th=1&psc=1">View Product</a></div><div class="product"><a href="https://www.amazon.com/dp/B0D5HMWY6V?tag=eloabder-20&linkCode=osi&th=1&psc=1"><img src="https://m.media-amazon.com/images/I/41U1XPfqxlL._SL500_.jpg" alt="Product Image"></a><p>Smarbore Baby Cloth Diapers Set-4 Pack Diapers with 4 Inserts & 1 Wet Dry Separation Bag, Reusable Infant Toddler Nappy, Adjustable Pocket Diapers for Baby Boys and Girls(6-33 pounds,0-3 Years)</p><p> -7% 0FF </p><p>$25.99 ($2.89 / Count)</p><a href="https://www.amazon.com/dp/B0D5HMWY6V?tag=eloabder-20&linkCode=osi&th=1&psc=1">View Product</a></div>
<div class="product"><a href="https://www.amazon.com/dp/B0CG1T96CP?tag=eloabder-20&linkCode=osi&th=1&psc=1"><img src="https://m.media-amazon.com/images/I/41Zc2WoVYUL._SL500_.jpg" alt="Product Image"></a><p>Yaheetech Upholstered Rocking Chair, Boucle Glider Chair Nursery Chair with High Back and Side Pocket, Rocking Accent Armchair with Rubber Wood Legs for Living Room/Bedroom/Nursery, Ivory</p><p> -41% 0FF </p><p>$99.99</p><a href="https://www.amazon.com/dp/B0CG1T96CP?tag=eloabder-20&linkCode=osi&th=1&psc=1">View Product</a></div><div class="product"><a href="https://www.amazon.com/dp/B0815ZR4LN?tag=eloabder-20&linkCode=osi&th=1&psc=1"><img src="https://m.media-amazon.com/images/I/31z4fzPBkHL._SL500_.jpg" alt="Product Image"></a><p>Evolur Raleigh Upholstered Nursery Glider, Swivel, Rock, Recliner, Tool Free Assembly, Greenguard Gold Certified Misty Grey</p><p> -43% 0FF </p><p>$199.99</p><a href="https://www.amazon.com/dp/B0815ZR4LN?tag=eloabder-20&linkCode=osi&th=1&psc=1">View Product</a></div><div class="product"><a href="https://www.amazon.com/dp/B01N4KL7QS?tag=eloabder-20&linkCode=osi&th=1&psc=1"><img src="https://m.media-amazon.com/images/I/51EIu4gTPDL._SL500_.jpg" alt="Product Image"></a><p>Angel Line Windsor Glider and Ottoman, Natural and Gray</p><p> -21% 0FF </p><p>$139.00</p><a href="https://www.amazon.com/dp/B01N4KL7QS?tag=eloabder-20&linkCode=osi&th=1&psc=1">View Product</a></div><div class="product"><a href="https://www.amazon.com/dp/B0DF2PJ5KH?tag=eloabder-20&linkCode=osi&th=1&psc=1"><img src="https://m.media-amazon.com/images/I/51wf3SLefBL._SL500_.jpg" alt="Product Image"></a><p>VECELO High Back Nursery Rocking Chair with Foot Rest, Teddy Upholstered Reclining Glider Rocker, Comfy Armchair Padded Seat Removable Side Pockets for Living Room, Bedroom, Balcony, White</p><p> -7% 0FF </p><p>$129.99</p><a href="https://www.amazon.com/dp/B0DF2PJ5KH?tag=eloabder-20&linkCode=osi&th=1&psc=1">View Product</a></div>

<div class="product"><a href="https://www.amazon.com/dp/B0CD42KQ3K?tag=eloabder-20&linkCode=osi&th=1&psc=1"><img src="https://m.media-amazon.com/images/I/41c9zvmFrLL._SL500_.jpg" alt="Product Image"></a><p>TOHIBEE Baby Montessori Sensory Toys for 0-6 6-12 Months, Food Grade Teething Toys for Babies 0 3 6 9 12 18 Months, Newborn Infant Learning Developmental Toys Gifts for 1 2 Year Old Boys Girls</p><p> -50% 0FF </p><p>$9.99</p><a href="https://www.amazon.com/dp/B0CD42KQ3K?tag=eloabder-20&linkCode=osi&th=1&psc=1">View Product</a></div><div class="product"><a href="https://www.amazon.com/dp/B0CNNZKL6Z?tag=eloabder-20&linkCode=osi&th=1&psc=1"><img src="https://m.media-amazon.com/images/I/419qSwSFEIL._SL500_.jpg" alt="Product Image"></a><p>MIUXUESO 3 Pcs Baby Flower Headbands Baby Girls Nylon Headbands Soft Hairbands Hair Accessories for Newborn Infant Toddler Kids (Beige Pink Khaki)</p><p> -11% 0FF </p><p>$8.89 ($2.96 / Count)</p><a href="https://www.amazon.com/dp/B0CNNZKL6Z?tag=eloabder-20&linkCode=osi&th=1&psc=1">View Product</a></div><div class="product"><a href="https://www.amazon.com/dp/B0CRLDXBYN?tag=eloabder-20&linkCode=osi&th=1&psc=1"><img src="https://m.media-amazon.com/images/I/51U5mzLT4CL._SL500_.jpg" alt="Product Image"></a><p>Cute Castle Baby Sleep Sack 0-6 Months - Lightweight 100% Cotton 2-Way Zipper TOG 0.5 Infant Wearable Blanket, Newborn Essentials Toddler Sleep Clothes (3 Pack Green)</p><p> -41% 0FF </p><p>$26.98</p><a href="https://www.amazon.com/dp/B0CRLDXBYN?tag=eloabder-20&linkCode=osi&th=1&psc=1">View Product</a></div><div class="product"><a href="https://www.amazon.com/dp/B0CNSPHBBG?tag=eloabder-20&linkCode=osi&th=1&psc=1"><img src="https://m.media-amazon.com/images/I/41KtLZ6dp3L._SL500_.jpg" alt="Product Image"></a><p>Arnzion Baby Hooded Towels for Babies and Toddlers, Muslin Baby Bath Towel Soft and Absorbent for Boys and Girls (Dark Grey 1 Pack)</p><p> -10% 0FF </p><p>$8.99</p><a href="https://www.amazon.com/dp/B0CNSPHBBG?tag=eloabder-20&linkCode=osi&th=1&psc=1">View Product</a></div><div class="product"><a href="https://www.amazon.com/dp/B0C6Y89H47?tag=eloabder-20&linkCode=osi&th=1&psc=1"><img src="https://m.media-amazon.com/images/I/41SIANIdhkL._SL500_.jpg" alt="Product Image"></a><p>HelloBaby Upgrade 5’’ Baby Monitor with 26-Hour Battery, 2 Cameras Pan-Tilt-Zoom, 1000ft Range Video Audio Baby Monitor No WiFi, VOX, Night Vision, 2-Way Talk, 8 Lullabies and Temperature</p><p> -22% 0FF </p><p>$139.99</p><a href="https://www.amazon.com/dp/B0C6Y89H47?tag=eloabder-20&linkCode=osi&th=1&psc=1">View Product</a></div><div class="product"><a href="https://www.amazon.com/dp/B0CLGCN5ZS?tag=eloabder-20&linkCode=osi&th=1&psc=1"><img src="https://m.media-amazon.com/images/I/41PuaWmW8rL._SL500_.jpg" alt="Product Image"></a><p>Momcozy Baby Carrier Newborn to Toddler - Ergonomic, Cozy and Lightweight Infant Carrier for 7-44lbs, Effortless to Put On, Ideal for Hands-Free Parenting, Enhanced Lumbar Support, Khaki</p><p> -7% 0FF </p><p>$64.99</p><a href="https://www.amazon.com/dp/B0CLGCN5ZS?tag=eloabder-20&linkCode=osi&th=1&psc=1">View Product</a></div>
<div class="product"><a href="https://www.amazon.com/dp/B09B94C44F?tag=eloabder-20&linkCode=osi&th=1&psc=1"><img src="https://m.media-amazon.com/images/I/41mrmM0elVL._SL500_.jpg" alt="Product Image"></a><p>Fisher-Price Baby to Toddler Learning Toy 2-in-1 Like a Boss Activity Center and Play Table with Lights Music and Sounds</p><p> -33% 0FF </p><p>$73.99</p><a href="https://www.amazon.com/dp/B09B94C44F?tag=eloabder-20&linkCode=osi&th=1&psc=1">View Product</a></div><div class="product"><a href="https://www.amazon.com/dp/B08D8RSLXW?tag=eloabder-20&linkCode=osi&th=1&psc=1"><img src="https://m.media-amazon.com/images/I/41CTM7vmqIL._SL500_.jpg" alt="Product Image"></a><p>Smart Steps® Bounce N’ Play 3-in-1 Activity Center, Woodland Walk</p><p> -14% 0FF </p><p>$59.99</p><a href="https://www.amazon.com/dp/B08D8RSLXW?tag=eloabder-20&linkCode=osi&th=1&psc=1">View Product</a></div><div class="product"><a href="https://www.amazon.com/dp/B08WQB3JQW?tag=eloabder-20&linkCode=osi&th=1&psc=1"><img src="https://m.media-amazon.com/images/I/413UkTCXRJL._SL500_.jpg" alt="Product Image"></a><p>Smart Steps® 3-in-1 Bounce N' Play Activity Center Plus with STEM Learning Toys, Tike Hike</p><p> -33% 0FF </p><p>$59.99</p><a href="https://www.amazon.com/dp/B08WQB3JQW?tag=eloabder-20&linkCode=osi&th=1&psc=1">View Product</a></div><div class="product"><a href="https://www.amazon.com/dp/B0B5JJGGTC?tag=eloabder-20&linkCode=osi&th=1&psc=1"><img src="https://m.media-amazon.com/images/I/41hewN3eW6L._SL500_.jpg" alt="Product Image"></a><p>Fisher-Price Baby to Toddler Toy 3-in-1 SnugaPuppy Activity Center and Play Table with Lights Sounds and Developmental Activities</p><p> -23% 0FF </p><p>$99.99</p><a href="https://www.amazon.com/dp/B0B5JJGGTC?tag=eloabder-20&linkCode=osi&th=1&psc=1">View Product</a></div><div class="product"><a href="https://www.amazon.com/dp/B07BF1V8K8?tag=eloabder-20&linkCode=osi&th=1&psc=1"><img src="https://m.media-amazon.com/images/I/51kWbX5t3FL._SL500_.jpg" alt="Product Image"></a><p>Battat - Activity Cube With Farm Theme - Educational Wooden Toys For Toddlers And Kids - 1 Year +</p><p> -42% 0FF </p><p>$59.95</p><a href="https://www.amazon.com/dp/B07BF1V8K8?tag=eloabder-20&linkCode=osi&th=1&psc=1">View Product</a></div>
<div class="product"><a href="https://www.amazon.com/dp/B07MPCCDM7?tag=eloabder-20&linkCode=osi&th=1&psc=1"><img src="https://m.media-amazon.com/images/I/414WzjZL6XL._SL500_.jpg" alt="Product Image"></a><p>Baby Einstein 4-in-1 Kickin' Tunes Music and Language Play Gym and Piano Tummy Time Activity Mat</p><p> -20% 0FF </p><p>$39.98</p><a href="https://www.amazon.com/dp/B07MPCCDM7?tag=eloabder-20&linkCode=osi&th=1&psc=1">View Product</a></div><div class="product"><a href="https://www.amazon.com/dp/B0793D9WBY?tag=eloabder-20&linkCode=osi&th=1&psc=1"><img src="https://m.media-amazon.com/images/I/51SJobuKTzL._SL500_.jpg" alt="Product Image"></a><p>Fisher-Price Baby Playmat Deluxe Kick & Play Piano Gym, Green Musical Learning Toy with 2 Rattle Maracas for Developmental Play Newborns 0+ Months</p><p> -18% 0FF </p><p>$49.49</p><a href="https://www.amazon.com/dp/B0793D9WBY?tag=eloabder-20&linkCode=osi&th=1&psc=1">View Product</a></div><div class="product"><a href="https://www.amazon.com/dp/B0B5JXBMZJ?tag=eloabder-20&linkCode=osi&th=1&psc=1"><img src="https://m.media-amazon.com/images/I/51zfjAIFbcL._SL500_.jpg" alt="Product Image"></a><p>Fisher-Price Baby Playmat Kick & Play Piano Gym with Musical and Sensory Toys for Newborn to Toddler, Navy Fawn</p><p> -27% 0FF </p><p>$39.88</p><a href="https://www.amazon.com/dp/B0B5JXBMZJ?tag=eloabder-20&linkCode=osi&th=1&psc=1">View Product</a></div><div class="product"><a href="https://www.amazon.com/dp/B0036RKGHQ?tag=eloabder-20&linkCode=osi&th=1&psc=1"><img src="https://m.media-amazon.com/images/I/51ciJPgVi-L._SL500_.jpg" alt="Product Image"></a><p>Bright Starts Disney Baby Finding Nemo Mr. Ray Ocean Lights & Music Gym, Ages Newborn +</p><p> -18% 0FF </p><p>$69.98</p><a href="https://www.amazon.com/dp/B0036RKGHQ?tag=eloabder-20&linkCode=osi&th=1&psc=1">View Product</a></div>
<div class="product"><a href="https://www.amazon.com/dp/B0C8HGTL8Y?tag=eloabder-20&linkCode=osi&th=1&psc=1"><img src="https://m.media-amazon.com/images/I/41JRClg8WzL._SL500_.jpg" alt="Product Image"></a><p>Baby Trend Everlast 7-in-1 High Chair, Charcoal Stone</p><p> -50% 0FF </p><p>$49.99</p><a href="https://www.amazon.com/dp/B0C8HGTL8Y?tag=eloabder-20&linkCode=osi&th=1&psc=1">View Product</a></div><div class="product"><a href="https://www.amazon.com/dp/B08DY55SQZ?tag=eloabder-20&linkCode=osi&th=1&psc=1"><img src="https://m.media-amazon.com/images/I/31Gi5M2n0TL._SL500_.jpg" alt="Product Image"></a><p>Evenflo 4-in-1 Eat & Grow Convertible High Chair,Polyester</p><p> -9% 0FF </p><p>$62.99</p><a href="https://www.amazon.com/dp/B08DY55SQZ?tag=eloabder-20&linkCode=osi&th=1&psc=1">View Product</a></div><div class="product"><a href="https://www.amazon.com/dp/B0BDSWVGJN?tag=eloabder-20&linkCode=osi&th=1&psc=1"><img src="https://m.media-amazon.com/images/I/31RKzujFVpL._SL500_.jpg" alt="Product Image"></a><p>Graco EveryStep 6 in 1 High Chair, Babies and Toddlers Portable Slim High Chair with 6 Growing Stages from Infant to Toddler Seating, Convenient for Dining Time, Featured Design in Misty</p><p> -12% 0FF </p><p>$176.99</p><a href="https://www.amazon.com/dp/B0BDSWVGJN?tag=eloabder-20&linkCode=osi&th=1&psc=1">View Product</a></div><div class="product"><a href="https://www.amazon.com/dp/B0DFGSY7D2?tag=eloabder-20&linkCode=osi&th=1&psc=1"><img src="https://m.media-amazon.com/images/I/41LuMCYsLxL._SL500_.jpg" alt="Product Image"></a><p>High Chair,IJHIJH Baby High Chair,Foldable High Chair,High Chair for Babies and Toddlers,Double-Layer Large Tray,Backrest and Height Adjustable,5-Point Safety Belt,Non-Slip Mat,Space Saving</p><p> -23% 0FF </p><p>$99.99</p><a href="https://www.amazon.com/dp/B0DFGSY7D2?tag=eloabder-20&linkCode=osi&th=1&psc=1">View Product</a></div><div class="product"><a href="https://www.amazon.com/dp/B01MRVWGJH?tag=eloabder-20&linkCode=osi&th=1&psc=1"><img src="https://m.media-amazon.com/images/I/41HxUVOWn-L._SL500_.jpg" alt="Product Image"></a><p>Cosco Simple Fold Full Size High Chair With Adjustable Tray, 28.5x23.5x38.7 Inch (Pack of 1)</p><p> -23% 0FF </p><p>$49.99</p><a href="https://www.amazon.com/dp/B01MRVWGJH?tag=eloabder-20&linkCode=osi&th=1&psc=1">View Product</a></div><div class="product"><a href="https://www.amazon.com/dp/B0B1QRSXW9?tag=eloabder-20&linkCode=osi&th=1&psc=1"><img src="https://m.media-amazon.com/images/I/41k+dOKhnqL._SL500_.jpg" alt="Product Image"></a><p>Baby Trend Sit Right 2.0 3-in-1 High Chair - Cozy Grey</p><p> -25% 0FF </p><p>$59.99</p><a href="https://www.amazon.com/dp/B0B1QRSXW9?tag=eloabder-20&linkCode=osi&th=1&psc=1">View Product</a></div><div class="product"><a href="https://www.amazon.com/dp/B08HKPPJPV?tag=eloabder-20&linkCode=osi&th=1&psc=1"><img src="https://m.media-amazon.com/images/I/31cMtIzV9lL._SL500_.jpg" alt="Product Image"></a><p>Graco® Table2Table LX 6-in-1 Highchair, Arrows with Infant Head Support & One-Hand Removable Tray</p><p> -16% 0FF </p><p>$100.99</p><a href="https://www.amazon.com/dp/B08HKPPJPV?tag=eloabder-20&linkCode=osi&th=1&psc=1">View Product</a></div><div class="product"><a href="https://www.amazon.com/dp/B07Y5RY7QT?tag=eloabder-20&linkCode=osi&th=1&psc=1"><img src="https://m.media-amazon.com/images/I/31IiUCIU1JL._SL500_.jpg" alt="Product Image"></a><p>Graco DuoDiner DLX 6-in-1 Highchair, Mathis</p><p> -7% 0FF </p><p>$139.99</p><a href="https://www.amazon.com/dp/B07Y5RY7QT?tag=eloabder-20&linkCode=osi&th=1&psc=1">View Product</a></div><div class="product"><a href="https://www.amazon.com/dp/B091M5MT2L?tag=eloabder-20&linkCode=osi&th=1&psc=1"><img src="https://m.media-amazon.com/images/I/31ukjyiALGL._SL500_.jpg" alt="Product Image"></a><p>Century Dine On 4-in-1 High Chair, Grows with Child with 4 Modes, Metro</p><p> -11% 0FF </p><p>$79.99</p><a href="https://www.amazon.com/dp/B091M5MT2L?tag=eloabder-20&linkCode=osi&th=1&psc=1">View Product</a></div>
<div class="product"><a href="https://www.amazon.com/dp/B000MR4IX6?tag=eloabder-20&linkCode=osi&th=1&psc=1"><img src="https://m.media-amazon.com/images/I/31QxBnnFyKL._SL500_.jpg" alt="Product Image"></a><p>Crane Adorables Ultrasonic Humidifiers for Bedroom and Baby Nursery, 1 Gallon Cool Mist Air Humidifier for Large Room or Kid's Room, Humidifier Filters Optional, Hello Kitty</p><p> -10% 0FF </p><p>$53.99</p><a href="https://www.amazon.com/dp/B000MR4IX6?tag=eloabder-20&linkCode=osi&th=1&psc=1">View Product</a></div><div class="product"><a href="https://www.amazon.com/dp/B001ADL1SG?tag=eloabder-20&linkCode=osi&th=1&psc=1"><img src="https://m.media-amazon.com/images/I/31jxnLUt3iL._SL500_.jpg" alt="Product Image"></a><p>Crane Ultrasonic Cool Mist Humidifier for Bedroom, Baby Nursery, Kids Room, Plants, or Office, Large 1 Gallon Tank, Filter Optional, Blue and White</p><p> -25% 0FF </p><p>$44.99</p><a href="https://www.amazon.com/dp/B001ADL1SG?tag=eloabder-20&linkCode=osi&th=1&psc=1">View Product</a></div><div class="product"><a href="https://www.amazon.com/dp/B089QWNQXC?tag=eloabder-20&linkCode=osi&th=1&psc=1"><img src="https://m.media-amazon.com/images/I/31SHRor76xL._SL500_.jpg" alt="Product Image"></a><p>Dr. Brown's All-in-One Sterilizer and Dryer for Baby Bottles, Parts & Other Newborn Essentials</p><p> -28% 0FF </p><p>$57.99</p><a href="https://www.amazon.com/dp/B089QWNQXC?tag=eloabder-20&linkCode=osi&th=1&psc=1">View Product</a></div><div class="product"><a href="https://www.amazon.com/dp/B008KJEYLO?tag=eloabder-20&linkCode=osi&th=1&psc=1"><img src="https://m.media-amazon.com/images/I/516vqHBFtxL._SL500_.jpg" alt="Product Image"></a><p>WaterWipes Plastic-Free Original Baby Wipes, 99.9% Water Based Wipes, Unscented & Hypoallergenic for Sensitive Skin, 60 Count (Pack of 12), Packaging May Vary</p><p> -13% 0FF </p><p>$39.97 ($5.55 / 100 Count)</p><a href="https://www.amazon.com/dp/B008KJEYLO?tag=eloabder-20&linkCode=osi&th=1&psc=1">View Product</a></div><div class="product"><a href="https://www.amazon.com/dp/B094YK9MB1?tag=eloabder-20&linkCode=osi&th=1&psc=1"><img src="https://m.media-amazon.com/images/I/31h+m99qpwL._SL500_.jpg" alt="Product Image"></a><p>Westinghouse 28-inch Cool Mist Ultrasonic Tower Humidifier, 6L Top Fill Air Humidifier with Essential Oil Diffuser, Adjustable Mist Volume for Large Bedrooms</p><p> -50% 0FF </p><p>$59.99</p><a href="https://www.amazon.com/dp/B094YK9MB1?tag=eloabder-20&linkCode=osi&th=1&psc=1">View Product</a></div>
<div class="product"><a href="https://www.amazon.com/dp/B0961KZ9X2?tag=eloabder-20&linkCode=osi&th=1&psc=1"><img src="https://m.media-amazon.com/images/I/41AUjJ8u93S._SL500_.jpg" alt="Product Image"></a><p>Philips Avent Anti-Colic Baby Bottle with AirFree Vent, 9oz, 4pk, Clear, SCY703/04</p><p> -20% 0FF </p><p>$23.99</p><a href="https://www.amazon.com/dp/B0961KZ9X2?tag=eloabder-20&linkCode=osi&th=1&psc=1">View Product</a></div><div class="product"><a href="https://www.amazon.com/dp/B00K5KVC52?tag=eloabder-20&linkCode=osi&th=1&psc=1"><img src="https://m.media-amazon.com/images/I/411dDDTfnQL._SL500_.jpg" alt="Product Image"></a><p>Tommee Tippee Natural Start Anti-Colic BPA Free Baby Bottles, 9oz, Slow-Flow Breast-Like Nipple for a Natural Latch, Designed for Seamless Transitions Between Bottle and Breast, Fiesta, Pack of 6</p><p> -44% 0FF </p><p>$23.97</p><a href="https://www.amazon.com/dp/B00K5KVC52?tag=eloabder-20&linkCode=osi&th=1&psc=1">View Product</a></div><div class="product"><a href="https://www.amazon.com/dp/B00H0DH2NS?tag=eloabder-20&linkCode=osi&th=1&psc=1"><img src="https://m.media-amazon.com/images/I/41-a1Bfp4SL._SL500_.jpg" alt="Product Image"></a><p>Lansinoh Anti-Colic Baby Bottles for Breastfeeding Babies, 5 Ounces, 3 Count, Includes 3 Slow Flow Nipples, Size S</p><p> -25% 0FF </p><p>$14.99</p><a href="https://www.amazon.com/dp/B00H0DH2NS?tag=eloabder-20&linkCode=osi&th=1&psc=1">View Product</a></div><div class="product"><a href="https://www.amazon.com/dp/B07M6QQP9Z?tag=eloabder-20&linkCode=osi&th=1&psc=1"><img src="https://m.media-amazon.com/images/I/41DGyuAuyJL._SL500_.jpg" alt="Product Image"></a><p>Dr. Brown's Natural Flow Anti-Colic Options+ Wide-Neck Glass Baby Bottles 5 oz/150 mL, with Level 1 Slow Flow Nipple, 3 Pack, 0m+</p><p> -17% 0FF </p><p>$23.99</p><a href="https://www.amazon.com/dp/B07M6QQP9Z?tag=eloabder-20&linkCode=osi&th=1&psc=1">View Product</a></div>
<div class="product"><a href="https://www.amazon.com/dp/B00MN6IGPK?tag=eloabder-20&linkCode=osi&th=1&psc=1"><img src="https://m.media-amazon.com/images/I/41QKUlWUujL._SL500_.jpg" alt="Product Image"></a><p>Pioneer Photo Albums DA-200COLB/B 200-Pocket Embossed Baby Leatherette Frame Cover Album for 4 by 6-Inch Prints, Blue</p><p> -20% 0FF </p><p>$13.58</p><a href="https://www.amazon.com/dp/B00MN6IGPK?tag=eloabder-20&linkCode=osi&th=1&psc=1">View Product</a></div><div class="product"><a href="https://www.amazon.com/dp/B09G9LD7MR?tag=eloabder-20&linkCode=osi&th=1&psc=1"><img src="https://m.media-amazon.com/images/I/41G9dvP0dRL._SL500_.jpg" alt="Product Image"></a><p>Holoary Baby Photo Album 4” x 6” 160 Photos, Newborn Baby Keepsake Gifts for Baby Boy/Girl and New Parents, Woodland Animals Design</p><p> -15% 0FF </p><p>$16.99</p><a href="https://www.amazon.com/dp/B09G9LD7MR?tag=eloabder-20&linkCode=osi&th=1&psc=1">View Product</a></div>
<div class="product"><a href="https://www.amazon.com/dp/B099FM4W4H?tag=eloabder-20&linkCode=osi&th=1&psc=1"><img src="https://m.media-amazon.com/images/I/41oW5RAdkOL._SL500_.jpg" alt="Product Image"></a><p>Frida Baby 4-in-1 Grow-with-Me Baby Bathtub, Baby Tub for Newborns to Toddler with Removable Bath Seat & Backrest for Bath Support in Tub</p><p> -9% 0FF </p><p>$49.97</p><a href="https://www.amazon.com/dp/B099FM4W4H?tag=eloabder-20&linkCode=osi&th=1&psc=1">View Product</a></div><div class="product"><a href="https://www.amazon.com/dp/B008VWVS14?tag=eloabder-20&linkCode=osi&th=1&psc=1"><img src="https://m.media-amazon.com/images/I/41SmMRWIinL._SL500_.jpg" alt="Product Image"></a><p>Angelcare Baby Bath Support (Aqua) | Ideal for Babies Less than 6 Months Old</p><p> -33% 0FF </p><p>$19.99</p><a href="https://www.amazon.com/dp/B008VWVS14?tag=eloabder-20&linkCode=osi&th=1&psc=1">View Product</a></div><div class="product"><a href="https://www.amazon.com/dp/B0856SSQ1X?tag=eloabder-20&linkCode=osi&th=1&psc=1"><img src="https://m.media-amazon.com/images/I/31uBL4LsJbL._SL500_.jpg" alt="Product Image"></a><p>Fisher-Price Baby to Toddler Bath 4-in-1 Sling ‘n Seat Tub with Removable Infant Support and 2 Toys, Pacific Pebble</p><p> -11% 0FF </p><p>$39.99</p><a href="https://www.amazon.com/dp/B0856SSQ1X?tag=eloabder-20&linkCode=osi&th=1&psc=1">View Product</a></div><div class="product"><a href="https://www.amazon.com/dp/B0BFVBMM2Y?tag=eloabder-20&linkCode=osi&th=1&psc=1"><img src="https://m.media-amazon.com/images/I/31HpHQ7IjxL._SL500_.jpg" alt="Product Image"></a><p>The First Years Renewed Baby Bath Tub - Newborn to Toddler 3-in-1 Baby Tub with Removable Sling - Made with 50% Recycled Material - 0 to 25 LBs</p><p> -10% 0FF </p><p>$26.99</p><a href="https://www.amazon.com/dp/B0BFVBMM2Y?tag=eloabder-20&linkCode=osi&th=1&psc=1">View Product</a></div><div class="product"><a href="https://www.amazon.com/dp/B08XYFMK8K?tag=eloabder-20&linkCode=osi&th=1&psc=1"><img src="https://m.media-amazon.com/images/I/41pzMRjTbyS._SL500_.jpg" alt="Product Image"></a><p>The First Years Rain Shower Baby Bathtub — Baby Spa for Newborn to Toddler — includes Convertible Bathtub and Sling with Soothing Spray — Baby Bath Essentials</p><p> -20% 0FF </p><p>$69.99</p><a href="https://www.amazon.com/dp/B08XYFMK8K?tag=eloabder-20&linkCode=osi&th=1&psc=1">View Product</a></div>
<div class="product"><a href="https://www.amazon.com/dp/B08GFCX964?tag=eloabder-20&linkCode=osi&th=1&psc=1"><img src="https://m.media-amazon.com/images/I/41WRO-OeUjL._SL500_.jpg" alt="Product Image"></a><p>PandaEar Set of 3 Silicone Baby Bibs Waterproof, Soft, Unisex, 10-72 Months (Brown/Blue/Green)</p><p> -27% 0FF </p><p>$8.45</p><a href="https://www.amazon.com/dp/B08GFCX964?tag=eloabder-20&linkCode=osi&th=1&psc=1">View Product</a></div><div class="product"><a href="https://www.amazon.com/dp/B0B152XRC4?tag=eloabder-20&linkCode=osi&th=1&psc=1"><img src="https://m.media-amazon.com/images/I/51OYlHgekxL._SL500_.jpg" alt="Product Image"></a><p>8-Pack Organic Baby Bibs for Boys, Girls - Soft Cotton Drooling and Teething Baby Bibs, Baby Girl Bibs, Baby Boy Bibs, Baby Drool Bibs for Baby Girl, Boy, Newborn Infant Bibs (Sweet Charm)</p><p> -39% 0FF </p><p>$16.96</p><a href="https://www.amazon.com/dp/B0B152XRC4?tag=eloabder-20&linkCode=osi&th=1&psc=1">View Product</a></div>
<div class="product"><a href="https://www.amazon.com/dp/B01CJABFKM?tag=eloabder-20&linkCode=osi&th=1&psc=1"><img src="https://m.media-amazon.com/images/I/41Cy6DIfuuL._SL500_.jpg" alt="Product Image"></a><p>Custom Catch Personalized Baby Blanket for Boys - Blue</p><p> -27% 0FF </p><p>$21.94</p><a href="https://www.amazon.com/dp/B01CJABFKM?tag=eloabder-20&linkCode=osi&th=1&psc=1">View Product</a></div><div class="product"><a href="https://www.amazon.com/dp/B098NY9KW8?tag=eloabder-20&linkCode=osi&th=1&psc=1"><img src="https://m.media-amazon.com/images/I/41k5gWkxQgL._SL500_.jpg" alt="Product Image"></a><p>Momcozy Muslin Swaddle Blankets, Swaddle Blanket for Baby Boys and Girls, 4-Pack Breathable and Skin-Friendly Baby Receiving Blankets Swaddle Wrap, Baby Essentials, Registry & Gift, 47 x 47 inches</p><p> -40% 0FF </p><p>$29.99</p><a href="https://www.amazon.com/dp/B098NY9KW8?tag=eloabder-20&linkCode=osi&th=1&psc=1">View Product</a></div><div class="product"><a href="https://www.amazon.com/dp/B0CNPDMD1R?tag=eloabder-20&linkCode=osi&th=1&psc=1"><img src="https://m.media-amazon.com/images/I/41P19H8j35L._SL500_.jpg" alt="Product Image"></a><p>Yurhap Fleece Baby Blanket Heart Checkered Blanket, Ultra Soft Cozy Baby Blankets for Girls Boys, Fluffy Infant Toddler Newborn Receiving Blankets for Crib Stroller 30”×40” (Light Pink)</p><p> -33% 0FF </p><p>$9.99</p><a href="https://www.amazon.com/dp/B0CNPDMD1R?tag=eloabder-20&linkCode=osi&th=1&psc=1">View Product</a></div><div class="product"><a href="https://www.amazon.com/dp/B0B3J7RYTF?tag=eloabder-20&linkCode=osi&th=1&psc=1"><img src="https://m.media-amazon.com/images/I/41xEsOQY4yL._SL500_.jpg" alt="Product Image"></a><p>Konssy Waffle Baby Blankets, Nursery Blankets for Boys Girls, Swaddle Blankets Neutral Soft Lightweight Toddler and Kids Throw Blankets(Oat)</p><p> -23% 0FF </p><p>$22.99</p><a href="https://www.amazon.com/dp/B0B3J7RYTF?tag=eloabder-20&linkCode=osi&th=1&psc=1">View Product</a></div><div class="product"><a href="https://www.amazon.com/dp/B0BD6TPYXR?tag=eloabder-20&linkCode=osi&th=1&psc=1"><img src="https://m.media-amazon.com/images/I/51SPJrzTpKL._SL500_.jpg" alt="Product Image"></a><p>Konssy Baby Blankets for Unisex Boys Girls, Super Soft Nursery Minky Blankets with Muslin Cotton Front and Dotted Fleece Backing, Printed Bed Throws Newborn</p><p> -10% 0FF </p><p>$18.99</p><a href="https://www.amazon.com/dp/B0BD6TPYXR?tag=eloabder-20&linkCode=osi&th=1&psc=1">View Product</a></div>
<div class="product"><a href="https://www.amazon.com/dp/B081FTXL88?tag=eloabder-20&linkCode=osi&th=1&psc=1"><img src="https://m.media-amazon.com/images/I/31S6fvevhIL._SL500_.jpg" alt="Product Image"></a><p>Munchkin® Bristle™ Bottle Brush, Grey</p><p> -23% 0FF </p><p>$4.47</p><a href="https://www.amazon.com/dp/B081FTXL88?tag=eloabder-20&linkCode=osi&th=1&psc=1">View Product</a></div><div class="product"><a href="https://www.amazon.com/dp/B082PZ44M9?tag=eloabder-20&linkCode=osi&th=1&psc=1"><img src="https://m.media-amazon.com/images/I/21NI5khXnaL._SL500_.jpg" alt="Product Image"></a><p>Boon Cacti Bottle Cleaning Brush Set - Includes Bottle Brush, Nipple Brush, Detail Brush, and Straw Brush - Baby Bottle Brush Set for Bottle Drying Rack - Baby Essentials - 4 Count</p><p> -12% 0FF </p><p>$13.49</p><a href="https://www.amazon.com/dp/B082PZ44M9?tag=eloabder-20&linkCode=osi&th=1&psc=1">View Product</a></div><div class="product"><a href="https://www.amazon.com/dp/B0CQKF5CWS?tag=eloabder-20&linkCode=osi&th=1&psc=1"><img src="https://m.media-amazon.com/images/I/31RoBDDbg3L._SL500_.jpg" alt="Product Image"></a><p>Munchkin® Bristle™ Bottle Brush, Modern Design, Grey</p><p> -23% 0FF </p><p>$4.47</p><a href="https://www.amazon.com/dp/B0CQKF5CWS?tag=eloabder-20&linkCode=osi&th=1&psc=1">View Product</a></div><div class="product"><a href="https://www.amazon.com/dp/B01968GERY?tag=eloabder-20&linkCode=osi&th=1&psc=1"><img src="https://m.media-amazon.com/images/I/21rubIV8FNL._SL500_.jpg" alt="Product Image"></a><p>NUK Triple Action Baby Bottle & Nipple Brush, 3 Powerful Cleaning Materials - Bristles, Sponge, & Scruber, Non-Slip Handle, Odor Resistant, Top Rack Dishwasher Safe</p><p> -54% 0FF </p><p>$4.49</p><a href="https://www.amazon.com/dp/B01968GERY?tag=eloabder-20&linkCode=osi&th=1&psc=1">View Product</a></div>
<div class="product"><a href="https://www.amazon.com/dp/B09CGTPJSL?tag=eloabder-20&linkCode=osi&th=1&psc=1"><img src="https://m.media-amazon.com/images/I/31O1L+MYMxL._SL500_.jpg" alt="Product Image"></a><p>Baby Bottle Sterilizer | Esterilizador de Biberones, 6-in-1 HAUTURE Bottle Sterilizer and Dryer, Electric Steam Bottle Sanitizer for Baby Stuffs, Baby Bottles & Breast Pump Accessories</p><p> -10% 0FF </p><p>$69.98</p><a href="https://www.amazon.com/dp/B09CGTPJSL?tag=eloabder-20&linkCode=osi&th=1&psc=1">View Product</a></div><div class="product"><a href="https://www.amazon.com/dp/B007VBXKG2?tag=eloabder-20&linkCode=osi&th=1&psc=1"><img src="https://m.media-amazon.com/images/I/315F64OEQHL._SL500_.jpg" alt="Product Image"></a><p>Philips AVENT Microwave Steam Sterilizer for Baby Bottles, Pacifiers, Cups and More, SCF281/05</p><p> -29% 0FF </p><p>$22.79</p><a href="https://www.amazon.com/dp/B007VBXKG2?tag=eloabder-20&linkCode=osi&th=1&psc=1">View Product</a></div><div class="product"><a href="https://www.amazon.com/dp/B09HJDX5S6?tag=eloabder-20&linkCode=osi&th=1&psc=1"><img src="https://m.media-amazon.com/images/I/41rjM6KCAmL._SL500_.jpg" alt="Product Image"></a><p>Baby Brezza Bottle Sterilizer and Dryer Advanced – Electric Steam Sterilization Machine Universal Sterilizing for All Bottles: Plastic + Glass Pacifiers Breast Pump Parts - HEPA Filtration</p><p> -15% 0FF </p><p>$118.99</p><a href="https://www.amazon.com/dp/B09HJDX5S6?tag=eloabder-20&linkCode=osi&th=1&psc=1">View Product</a></div><div class="product"><a href="https://www.amazon.com/dp/B0D474DSB6?tag=eloabder-20&linkCode=osi&th=1&psc=1"><img src="https://m.media-amazon.com/images/I/41p78Of58KL._SL500_.jpg" alt="Product Image"></a><p>Bottle Sterilizer and Dryer, HIYAKOI Electric Steam Baby Bottle Sterilizer and Dryer, All-in-One Sterilizer 2 Layers Large for Baby Bottles, Parts & Other Newborn Essentials - HEPA Filtration</p><p> -38% 0FF </p><p>$49.99</p><a href="https://www.amazon.com/dp/B0D474DSB6?tag=eloabder-20&linkCode=osi&th=1&psc=1">View Product</a></div><div class="product"><a href="https://www.amazon.com/dp/B0CQQFFQKJ?tag=eloabder-20&linkCode=osi&th=1&psc=1"><img src="https://m.media-amazon.com/images/I/41tQNekOelL._SL500_.jpg" alt="Product Image"></a><p>Momcozy Bottle Sterilizer and Dryer, 8-in-1 Electric Steam Baby Bottle Sterilizer for Baby Bottles, Baby stuffs & Breast Pump Accessories</p><p> -36% 0FF </p><p>$63.99</p><a href="https://www.amazon.com/dp/B0CQQFFQKJ?tag=eloabder-20&linkCode=osi&th=1&psc=1">View Product</a></div><div class="product"><a href="https://www.amazon.com/dp/B09HH7HSGV?tag=eloabder-20&linkCode=osi&th=1&psc=1"><img src="https://m.media-amazon.com/images/I/31tOSRxwFYL._SL500_.jpg" alt="Product Image"></a><p>GROWNSY Bottle Sterilizer and Dryer, 2024 Compact Electric Steam Baby Bottle Sterilizer (Esterilizador de Biberones), Bottle Sanitizer for Baby Bottles, Pacifiers, Pump Parts</p><p> -33% 0FF </p><p>$59.99</p><a href="https://www.amazon.com/dp/B09HH7HSGV?tag=eloabder-20&linkCode=osi&th=1&psc=1">View Product</a></div>
<div class="product"><a href="https://www.amazon.com/dp/B07G4KBQJ7?tag=eloabder-20&linkCode=osi&th=1&psc=1"><img src="https://m.media-amazon.com/images/I/41WM4mOjQiL._SL500_.jpg" alt="Product Image"></a><p>Evenflo Feeding Classic Tinted Plastic Standard Neck Bottles for Baby, Infant and Newborn, Pink/Lavender/Teal, 8 Ounce (Pack of 12)</p><p> -27% 0FF </p><p>$10.19</p><a href="https://www.amazon.com/dp/B07G4KBQJ7?tag=eloabder-20&linkCode=osi&th=1&psc=1">View Product</a></div><div class="product"><a href="https://www.amazon.com/dp/B00N9X4YZW?tag=eloabder-20&linkCode=osi&th=1&psc=1"><img src="https://m.media-amazon.com/images/I/51kDCJ8oQmL._SL500_.jpg" alt="Product Image"></a><p>Evenflo Feeding Classic Tinted Plastic Standard Neck Bottles for Baby, Infant and Newborn - Teal/Green/Blue, 8 Ounce (Pack of 12)</p><p> -31% 0FF </p><p>$9.68</p><a href="https://www.amazon.com/dp/B00N9X4YZW?tag=eloabder-20&linkCode=osi&th=1&psc=1">View Product</a></div><div class="product"><a href="https://www.amazon.com/dp/B07DCQKC33?tag=eloabder-20&linkCode=osi&th=1&psc=1"><img src="https://m.media-amazon.com/images/I/41jfe6zVMgL._SL500_.jpg" alt="Product Image"></a><p>Dr. Brown's Anti-Colic Baby Feeding Set with Slow Flow Nipples, Travel Caps, Silicone Pacifier - Pink</p><p> -20% 0FF </p><p>$18.41</p><a href="https://www.amazon.com/dp/B07DCQKC33?tag=eloabder-20&linkCode=osi&th=1&psc=1">View Product</a></div>
<div class="product"><a href="https://www.amazon.com/dp/B095F28Q6J?tag=eloabder-20&linkCode=osi&th=1&psc=1"><img src="https://m.media-amazon.com/images/I/311FVQReZOL._SL500_.jpg" alt="Product Image"></a><p>Baby Delight Alpine Deluxe Portable Bouncer, Infant, 0-6 Months, 100% GOTS Certified Cotton Fabrics, Organic Oat</p><p> -22% 0FF </p><p>$69.99</p><a href="https://www.amazon.com/dp/B095F28Q6J?tag=eloabder-20&linkCode=osi&th=1&psc=1">View Product</a></div><div class="product"><a href="https://www.amazon.com/dp/B0BLP5G5FJ?tag=eloabder-20&linkCode=osi&th=1&psc=1"><img src="https://m.media-amazon.com/images/I/41F7YHDOEGL._SL500_.jpg" alt="Product Image"></a><p>Bright Starts Playful Paradise Comfy Baby Bouncer Seat with Soothing Vibration and Toys, Unisex, 0-6 Months</p><p> -26% 0FF </p><p>$22.11</p><a href="https://www.amazon.com/dp/B0BLP5G5FJ?tag=eloabder-20&linkCode=osi&th=1&psc=1">View Product</a></div><div class="product"><a href="https://www.amazon.com/dp/B016DAWD3W?tag=eloabder-20&linkCode=osi&th=1&psc=1"><img src="https://m.media-amazon.com/images/I/31SssXA+BHL._SL500_.jpg" alt="Product Image"></a><p>BabyBjörn Bouncer Balance Soft, Cotton/Jersey, Dark Gray/Gray (005084US)</p><p> -14% 0FF </p><p>$179.99</p><a href="https://www.amazon.com/dp/B016DAWD3W?tag=eloabder-20&linkCode=osi&th=1&psc=1">View Product</a></div><div class="product"><a href="https://www.amazon.com/dp/B07C9ZR2VC?tag=eloabder-20&linkCode=osi&th=1&psc=1"><img src="https://m.media-amazon.com/images/I/41wSBC1+j4L._SL500_.jpg" alt="Product Image"></a><p>Smart Steps Trend EZ Bouncer, Bluebell</p><p> -45% 0FF </p><p>$29.99</p><a href="https://www.amazon.com/dp/B07C9ZR2VC?tag=eloabder-20&linkCode=osi&th=1&psc=1">View Product</a></div>
<div class="product"><a href="https://www.amazon.com/dp/B07XMN3SK6?tag=eloabder-20&linkCode=osi&th=1&psc=1"><img src="https://m.media-amazon.com/images/I/41bHS4nTJ2L._SL500_.jpg" alt="Product Image"></a><p>Infantino Flip 4-in-1 Carrier - Ergonomic for Newborns and Older Babies 8-32 lbs</p><p> -21% 0FF </p><p>$29.99</p><a href="https://www.amazon.com/dp/B07XMN3SK6?tag=eloabder-20&linkCode=osi&th=1&psc=1">View Product</a></div><div class="product"><a href="https://www.amazon.com/dp/B0743L6R1T?tag=eloabder-20&linkCode=osi&th=1&psc=1"><img src="https://m.media-amazon.com/images/I/31ZGsR+w+1L._SL500_.jpg" alt="Product Image"></a><p>Ergobaby Omni 360 All-Position Baby Carrier for Newborn to Toddler with Lumbar Support (7-45 Pounds), Pearl Grey, One Size (Pack of 1)</p><p> -39% 0FF </p><p>$110.00</p><a href="https://www.amazon.com/dp/B0743L6R1T?tag=eloabder-20&linkCode=osi&th=1&psc=1">View Product</a></div><div class="product"><a href="https://www.amazon.com/dp/B0CDQ1XH6W?tag=eloabder-20&linkCode=osi&th=1&psc=1"><img src="https://m.media-amazon.com/images/I/41kAV5NXZBL._SL500_.jpg" alt="Product Image"></a><p>Momcozy Baby Carrier Newborn to Toddler - Ergonomic, Cozy and Lightweight Infant Carrier for 7-44lbs, Effortless to Put On, Ideal for Hands-Free Parenting, Enhanced Lumbar Support, Leopard</p><p> -8% 0FF </p><p>$59.99</p><a href="https://www.amazon.com/dp/B0CDQ1XH6W?tag=eloabder-20&linkCode=osi&th=1&psc=1">View Product</a></div><div class="product"><a href="https://www.amazon.com/dp/B005SP2LWW?tag=eloabder-20&linkCode=osi&th=1&psc=1"><img src="https://m.media-amazon.com/images/I/31fYPOjdFrL._SL500_.jpg" alt="Product Image"></a><p>Boba Baby Wrap Carrier - Original Baby Carrier Wrap Sling for Newborns - Baby Wearing Essentials - Newborn Wrap Swaddle Holder, Newborn to Toddler Infant Sling (Grey)</p><p> -19% 0FF </p><p>$32.49</p><a href="https://www.amazon.com/dp/B005SP2LWW?tag=eloabder-20&linkCode=osi&th=1&psc=1">View Product</a></div><div class="product"><a href="https://www.amazon.com/dp/B098X8WS7Y?tag=eloabder-20&linkCode=osi&th=1&psc=1"><img src="https://m.media-amazon.com/images/I/41az3xS82UL._SL500_.jpg" alt="Product Image"></a><p>Momcozy Baby Wrap Carrier, Easy to Wear Infant Carrier Slings, Lightweight Hands Free Baby Sling, Adjustable Baby Carriers for Newborn to Toddler 8-35 lbs, Black</p><p> -28% 0FF </p><p>$32.99</p><a href="https://www.amazon.com/dp/B098X8WS7Y?tag=eloabder-20&linkCode=osi&th=1&psc=1">View Product</a></div>
<div class="product"><a href="https://www.amazon.com/dp/B01N3MYVZM?tag=eloabder-20&linkCode=osi&th=1&psc=1"><img src="https://m.media-amazon.com/images/I/41CLrlYJDnL._SL500_.jpg" alt="Product Image"></a><p>Graco SlimFit 3-in-1 Convertible Car Seat, Ultra-Space-Saving Design, Darcie, Suitable for Rear and Forward-Facing, Highback Booster Seat with 10-Position Headrest</p><p> -21% 0FF </p><p>$157.99</p><a href="https://www.amazon.com/dp/B01N3MYVZM?tag=eloabder-20&linkCode=osi&th=1&psc=1">View Product</a></div><div class="product"><a href="https://www.amazon.com/dp/B07J37RTPG?tag=eloabder-20&linkCode=osi&th=1&psc=1"><img src="https://m.media-amazon.com/images/I/41fGAx7LcGL._SL500_.jpg" alt="Product Image"></a><p>Graco 4Ever DLX 4-in-1 Car Seat, Grey, Infant to Toddler Car Seat, with 10 Years of Use, Rear-facing, Forward-facing and Booster Modes, Safe, Comfortable and Convenient</p><p> -7% 0FF </p><p>$279.00</p><a href="https://www.amazon.com/dp/B07J37RTPG?tag=eloabder-20&linkCode=osi&th=1&psc=1">View Product</a></div><div class="product"><a href="https://www.amazon.com/dp/B07R9H1JC9?tag=eloabder-20&linkCode=osi&th=1&psc=1"><img src="https://m.media-amazon.com/images/I/41NwO9xrBGL._SL500_.jpg" alt="Product Image"></a><p>Graco Grows4Me 4-in-1 Car Seat, Convertible Infant to Toddler Car Seat and Booster, West Point Design, for 10 Years of Safe, Comfortable Journeys</p><p> -29% 0FF </p><p>$199.99</p><a href="https://www.amazon.com/dp/B07R9H1JC9?tag=eloabder-20&linkCode=osi&th=1&psc=1">View Product</a></div>
<div class="product"><a href="https://www.amazon.com/dp/B08RN8G58P?tag=eloabder-20&linkCode=osi&th=1&psc=1"><img src="https://m.media-amazon.com/images/I/41Qid-FWhYL._SL500_.jpg" alt="Product Image"></a><p>Baby Portable Changing Pad Travel - Waterproof Compact Diaper Changing Mat with Built-in Pillow - Lightweight & Foldable Changing Station, Newborn Shower Gifts</p><p> -29% 0FF </p><p>$9.99</p><a href="https://www.amazon.com/dp/B08RN8G58P?tag=eloabder-20&linkCode=osi&th=1&psc=1">View Product</a></div><div class="product"><a href="https://www.amazon.com/dp/B089XVKJSL?tag=eloabder-20&linkCode=osi&th=1&psc=1"><img src="https://m.media-amazon.com/images/I/51qlzLJHUWL._SL500_.jpg" alt="Product Image"></a><p>Portable Diaper Changing Pad - Waterproof Foldable Baby Changing Mat - Travel Diaper Change Mat - Lightweight Changing Pads for Baby - Baby Changer - Machine Washable (Black Geo)</p><p> -7% 0FF </p><p>$12.96</p><a href="https://www.amazon.com/dp/B089XVKJSL?tag=eloabder-20&linkCode=osi&th=1&psc=1">View Product</a></div><div class="product"><a href="https://www.amazon.com/dp/B08PH9Y6QS?tag=eloabder-20&linkCode=osi&th=1&psc=1"><img src="https://m.media-amazon.com/images/I/21cBsus1AHL._SL500_.jpg" alt="Product Image"></a><p>Regalo Baby Basics Infant Changing Pad, White , 31x16x4 Inch (Pack of 1)</p><p> -33% 0FF </p><p>$19.99</p><a href="https://www.amazon.com/dp/B08PH9Y6QS?tag=eloabder-20&linkCode=osi&th=1&psc=1">View Product</a></div>
<div class="product"><a href="https://www.amazon.com/dp/B07GFNVLS2?tag=eloabder-20&linkCode=osi&th=1&psc=1"><img src="https://m.media-amazon.com/images/I/31T-p4V5gsL._SL500_.jpg" alt="Product Image"></a><p>Gerber Unisex Baby Multi-Pack Long-Sleeve Onesies Bodysuit Mitten Cuff Sizes 6-Pack Mitten Cuff 0-3 Months</p><p> -12% 0FF </p><p>$15.81</p><a href="https://www.amazon.com/dp/B07GFNVLS2?tag=eloabder-20&linkCode=osi&th=1&psc=1">View Product</a></div><div class="product"><a href="https://www.amazon.com/dp/B0CP3NQCN3?tag=eloabder-20&linkCode=osi&th=1&psc=1"><img src="https://m.media-amazon.com/images/I/41MpsB3rYcL._SL500_.jpg" alt="Product Image"></a><p>Kaipiclos Newborn Infant Girl Clothes Rib Knit Romper Daisy Print Pants Headband Baby Clothes for Girls 0 3 6 12 18 24 Months</p><p> -10% 0FF </p><p>$14.99</p><a href="https://www.amazon.com/dp/B0CP3NQCN3?tag=eloabder-20&linkCode=osi&th=1&psc=1">View Product</a></div><div class="product"><a href="https://www.amazon.com/dp/B0D88Z7VLZ?tag=eloabder-20&linkCode=osi&th=1&psc=1"><img src="https://m.media-amazon.com/images/I/41Au0yzblbL._SL500_.jpg" alt="Product Image"></a><p>Burt's Bees Baby Baby Boys Pajamas, Sleep and Play Loose Fit, 100% Organic Cotton, Soft One-piece PJs, Diagonal Zip Up Jumpsuit Newborn Essentials with Interior Zipper Guard in sizes NB to 6-9 Months</p><p> -49% 0FF </p><p>$7.60</p><a href="https://www.amazon.com/dp/B0D88Z7VLZ?tag=eloabder-20&linkCode=osi&th=1&psc=1">View Product</a></div>
<div class="product"><a href="https://www.amazon.com/dp/B002FQK8IQ?tag=eloabder-20&linkCode=osi&th=1&psc=1"><img src="https://m.media-amazon.com/images/I/41WTSrhkJ4L._SL500_.jpg" alt="Product Image"></a><p>Safety 1st Easy Grip Brush and Comb, Colors May Vary</p><p> -23% 0FF </p><p>$4.59</p><a href="https://www.amazon.com/dp/B002FQK8IQ?tag=eloabder-20&linkCode=osi&th=1&psc=1">View Product</a></div><div class="product"><a href="https://www.amazon.com/dp/B07T16DQ31?tag=eloabder-20&linkCode=osi&th=1&psc=1"><img src="https://m.media-amazon.com/images/I/41Grt+V3Q7L._SL500_.jpg" alt="Product Image"></a><p>Frida Baby The 3-Step Cradle Cap System, DermaFrida The FlakeFixer, Sponge, Brush, Comb and Storage Stand for Babies with Cradle Cap, White-Blue</p><p> -15% 0FF </p><p>$14.44</p><a href="https://www.amazon.com/dp/B07T16DQ31?tag=eloabder-20&linkCode=osi&th=1&psc=1">View Product</a></div>
<div class="product"><a href="https://www.amazon.com/dp/B071K5T5Q2?tag=eloabder-20&linkCode=osi&th=1&psc=1"><img src="https://m.media-amazon.com/images/I/21rvQFmQBLL._SL500_.jpg" alt="Product Image"></a><p>The Honest Company Silicone-Free Conditioner | Gentle for Baby | Naturally Derived, Tear-free, Hypoallergenic | Fragrance Free Sensitive, 10 fl oz</p><p> -16% 0FF </p><p>$10.10 ($1.01 / Fl Oz)</p><a href="https://www.amazon.com/dp/B071K5T5Q2?tag=eloabder-20&linkCode=osi&th=1&psc=1">View Product</a></div><div class="product"><a href="https://www.amazon.com/dp/B07DGJ57P7?tag=eloabder-20&linkCode=osi&th=1&psc=1"><img src="https://m.media-amazon.com/images/I/31AEfjD6FyL._SL500_.jpg" alt="Product Image"></a><p>Johnson's Baby No More Tangles 2-in-1 Detangling Hair Shampoo & Conditioner for Kids & Toddlers, Gentle & Tear-Free, Hypoallergenic & Free of Parabens, Phthalates, Sulfates & Dyes, 20.3 fl. oz</p><p> -7% 0FF </p><p>$6.29 ($0.31 / Fl Oz)</p><a href="https://www.amazon.com/dp/B07DGJ57P7?tag=eloabder-20&linkCode=osi&th=1&psc=1">View Product</a></div><div class="product"><a href="https://www.amazon.com/dp/B07S89SL7D?tag=eloabder-20&linkCode=osi&th=1&psc=1"><img src="https://m.media-amazon.com/images/I/313C69-mF6L._SL500_.jpg" alt="Product Image"></a><p>Johnson's Baby Curl Defining Tear-Free Kids' Leave-in Conditioner with Shea Butter, Paraben-, Sulfate- & Dye-Free Formula, Hypoallergenic & Gentle for Toddlers' Hair, 6.8 fl. Oz</p><p> -28% 0FF </p><p>$6.11 ($0.90 / Fl Oz)</p><a href="https://www.amazon.com/dp/B07S89SL7D?tag=eloabder-20&linkCode=osi&th=1&psc=1">View Product</a></div><div class="product"><a href="https://www.amazon.com/dp/B07S7BPB2Q?tag=eloabder-20&linkCode=osi&th=1&psc=1"><img src="https://m.media-amazon.com/images/I/31DemfdZoNL._SL500_.jpg" alt="Product Image"></a><p>Johnson's Baby Shiny & Soft Tear-Free Kids' Hair Conditioning Spray with Argan Oil & Silk Proteins, Paraben, Sulfate & Dye-Free Formula, Hypoallergenic & Gentle for Toddlers, 10 Fl Oz</p><p> -33% 0FF </p><p>$5.66 ($0.57 / Fl Oz)</p><a href="https://www.amazon.com/dp/B07S7BPB2Q?tag=eloabder-20&linkCode=osi&th=1&psc=1">View Product</a></div><div class="product"><a href="https://www.amazon.com/dp/B0CJP91HN7?tag=eloabder-20&linkCode=osi&th=1&psc=1"><img src="https://m.media-amazon.com/images/I/41Z4G7wsFWL._SL500_.jpg" alt="Product Image"></a><p>ECOLATIÈR Kids Hair Balm Easy Detangling 3+ - Toddler Hair Conditioner, Tear-Free, 96.8% Natural, Vegan, Strengthens & Softens Kids' Hair, No Irritation - 8.5 Fl Oz</p><p> -14% 0FF </p><p>$9.49 ($1.12 / Ounce)</p><a href="https://www.amazon.com/dp/B0CJP91HN7?tag=eloabder-20&linkCode=osi&th=1&psc=1">View Product</a></div>
<div class="product"><a href="https://www.amazon.com/dp/B07Y3WQHZ6?tag=eloabder-20&linkCode=osi&th=1&psc=1"><img src="https://m.media-amazon.com/images/I/41Ai-kbx6LL._SL500_.jpg" alt="Product Image"></a><p>Delta Children Essex 4-in-1 Convertible Baby Crib, Bianca White with Natural Legs</p><p> -34% 0FF </p><p>$145.96</p><a href="https://www.amazon.com/dp/B07Y3WQHZ6?tag=eloabder-20&linkCode=osi&th=1&psc=1">View Product</a></div><div class="product"><a href="https://www.amazon.com/dp/B00LFP61PW?tag=eloabder-20&linkCode=osi&th=1&psc=1"><img src="https://m.media-amazon.com/images/I/41jj-ehw-vL._SL500_.jpg" alt="Product Image"></a><p>Graco Benton 5-in-1 Convertible Crib (White) – GREENGUARD Gold Certified, Converts from Baby Crib to Toddler Bed, Daybed and Full-Size Bed, Fits Standard Full-Size Crib Mattress</p><p> -20% 0FF </p><p>$159.99</p><a href="https://www.amazon.com/dp/B00LFP61PW?tag=eloabder-20&linkCode=osi&th=1&psc=1">View Product</a></div><div class="product"><a href="https://www.amazon.com/dp/B00EANJX5Q?tag=eloabder-20&linkCode=osi&th=1&psc=1"><img src="https://m.media-amazon.com/images/I/41+kxqP4icL._SL500_.jpg" alt="Product Image"></a><p>Dream On Me Synergy 5-In-1 Convertible Crib In White, Greenguard Gold Certified</p><p> -31% 0FF </p><p>$137.20</p><a href="https://www.amazon.com/dp/B00EANJX5Q?tag=eloabder-20&linkCode=osi&th=1&psc=1">View Product</a></div><div class="product"><a href="https://www.amazon.com/dp/B08D4N5RKW?tag=eloabder-20&linkCode=osi&th=1&psc=1"><img src="https://m.media-amazon.com/images/I/41sUNWg3sBL._SL500_.jpg" alt="Product Image"></a><p>Graco Hadley 5-in-1 Convertible Crib and Changer with Drawer (White) – GREENGUARD Gold Certified, Crib and Changing -Table Combo with Drawer, Includes Baby Changing Pad, Converts to Full-Size Bed</p><p> -18% 0FF </p><p>$359.99</p><a href="https://www.amazon.com/dp/B08D4N5RKW?tag=eloabder-20&linkCode=osi&th=1&psc=1">View Product</a></div><div class="product"><a href="https://www.amazon.com/dp/B08PMJBN33?tag=eloabder-20&linkCode=osi&th=1&psc=1"><img src="https://m.media-amazon.com/images/I/416ZYsREZOL._SL500_.jpg" alt="Product Image"></a><p>Oxford Baby North Bay 4-in-1 Convertible Baby Crib, Dove Gray, GreenGuard Gold Certified</p><p> -18% 0FF </p><p>$188.09</p><a href="https://www.amazon.com/dp/B08PMJBN33?tag=eloabder-20&linkCode=osi&th=1&psc=1">View Product</a></div><div class="product"><a href="https://www.amazon.com/dp/B078WTVBVW?tag=eloabder-20&linkCode=osi&th=1&psc=1"><img src="https://m.media-amazon.com/images/I/41NpHX4YnfL._SL500_.jpg" alt="Product Image"></a><p>Dream On Me Jayden 4-in-1 Mini Convertible Crib And Changer in Storm Grey, Greenguard Gold Certified, Non-Toxic Finish, New Zealand Pinewood, 1" Mattress Pad</p><p> -35% 0FF </p><p>$259.99</p><a href="https://www.amazon.com/dp/B078WTVBVW?tag=eloabder-20&linkCode=osi&th=1&psc=1">View Product</a></div>
<div class="product"><a href="https://www.amazon.com/dp/B01M4QMQ4B?tag=eloabder-20&linkCode=osi&th=1&psc=1"><img src="https://m.media-amazon.com/images/I/317ardc5Y-L._SL500_.jpg" alt="Product Image"></a><p>The Honest Company 2-in-1 Cleansing Shampoo + Body Wash | Gentle for Baby | Naturally Derived, Tear-free, Hypoallergenic | Lavender Calm, 10 fl oz</p><p> -8% 0FF </p><p>$10.99 ($1.10 / Fl Oz)</p><a href="https://www.amazon.com/dp/B01M4QMQ4B?tag=eloabder-20&linkCode=osi&th=1&psc=1">View Product</a></div><div class="product"><a href="https://www.amazon.com/dp/B09MVMNW5M?tag=eloabder-20&linkCode=osi&th=1&psc=1"><img src="https://m.media-amazon.com/images/I/41GDxpQsmOL._SL500_.jpg" alt="Product Image"></a><p>Cetaphil Baby Wash & Shampoo, 13.5oz Pack of 2, Hypoallergenic, Gentle Enough for Everyday Use, Soap Free</p><p> -10% 0FF </p><p>$16.99</p><a href="https://www.amazon.com/dp/B09MVMNW5M?tag=eloabder-20&linkCode=osi&th=1&psc=1">View Product</a></div><div class="product"><a href="https://www.amazon.com/dp/B0CZY44GD2?tag=eloabder-20&linkCode=osi&th=1&psc=1"><img src="https://m.media-amazon.com/images/I/31Gh3bZjFXL._SL500_.jpg" alt="Product Image"></a><p>Aveeno Baby Healthy Start Nourishing Newborn Wash, Hypoallergenic Baby Body Wash with Prebiotic Oat Gently Cleanses Delicate Newborn Skin, Fragrance-Free, Tear-Free, Paraben-Free, 8 fl. oz</p><p> -21% 0FF </p><p>$7.01 ($0.88 / Fl Oz)</p><a href="https://www.amazon.com/dp/B0CZY44GD2?tag=eloabder-20&linkCode=osi&th=1&psc=1">View Product</a></div>
<div class="product"><a href="https://www.amazon.com/dp/B07M6FL57T?tag=eloabder-20&linkCode=osi&th=1&psc=1"><img src="https://m.media-amazon.com/images/I/51iE4BjVpYL._SL500_.jpg" alt="Product Image"></a><p>Huggies Newborn Diapers, Little Snugglers Baby Diapers, Size Newborn (up to 10 lbs), 31 Count</p><p> -19% 0FF </p><p>$9.94 ($0.32 / Count)</p><a href="https://www.amazon.com/dp/B07M6FL57T?tag=eloabder-20&linkCode=osi&th=1&psc=1">View Product</a></div><div class="product"><a href="https://www.amazon.com/dp/B0CHGCDYJJ?tag=eloabder-20&linkCode=osi&th=1&psc=1"><img src="https://m.media-amazon.com/images/I/41csgXalIEL._SL500_.jpg" alt="Product Image"></a><p>Huggies Size Newborn Diapers, Skin Essentials Baby Diapers, Size Newborn (6-9 lbs), 31 Count</p><p> -19% 0FF </p><p>$9.94 ($0.32 / Count)</p><a href="https://www.amazon.com/dp/B0CHGCDYJJ?tag=eloabder-20&linkCode=osi&th=1&psc=1">View Product</a></div><div class="product"><a href="https://www.amazon.com/dp/B082QBHW74?tag=eloabder-20&linkCode=osi&th=1&psc=1"><img src="https://m.media-amazon.com/images/I/41z+Jw1td2L._SL500_.jpg" alt="Product Image"></a><p>Pampers Pure Protection Diapers Newborn - Size 0, 76 Count, Hypoallergenic Premium Disposable Baby Diapers</p><p> -19% 0FF </p><p>$22.79 ($0.30 / Count)</p><a href="https://www.amazon.com/dp/B082QBHW74?tag=eloabder-20&linkCode=osi&th=1&psc=1">View Product</a></div><div class="product"><a href="https://www.amazon.com/dp/B07M6FL9V2?tag=eloabder-20&linkCode=osi&th=1&psc=1"><img src="https://m.media-amazon.com/images/I/51JPrk+N-RL._SL500_.jpg" alt="Product Image"></a><p>Huggies Size 4 Diapers, Little Movers Baby Diapers, Size 4 (22-37 lbs), 22 Count (Packaging May Vary)</p><p> -19% 0FF </p><p>$9.94 ($0.45 / Count)</p><a href="https://www.amazon.com/dp/B07M6FL9V2?tag=eloabder-20&linkCode=osi&th=1&psc=1">View Product</a></div><div class="product"><a href="https://www.amazon.com/dp/B07T2QM32L?tag=eloabder-20&linkCode=osi&th=1&psc=1"><img src="https://m.media-amazon.com/images/I/41w5IxTMsnL._SL500_.jpg" alt="Product Image"></a><p>Amazon Brand - Mama Bear Gentle Touch Diapers, Hypoallergenic, Size 6, 27 Count, White</p><p> -10% 0FF </p><p>$11.32</p><a href="https://www.amazon.com/dp/B07T2QM32L?tag=eloabder-20&linkCode=osi&th=1&psc=1">View Product</a></div>
<div class="product"><a href="https://www.amazon.com/dp/B001OC5UMQ?tag=eloabder-20&linkCode=osi&th=1&psc=1"><img src="https://m.media-amazon.com/images/I/413nT5TZ9sL._SL500_.jpg" alt="Product Image"></a><p>Regalo Easy Step 38.5-Inch Wide Walk Thru Baby Gate, Includes 6-Inch Extension Kit, Pressure Mount Kit, Wall Cups</p><p> -22% 0FF </p><p>$34.99</p><a href="https://www.amazon.com/dp/B001OC5UMQ?tag=eloabder-20&linkCode=osi&th=1&psc=1">View Product</a></div><div class="product"><a href="https://www.amazon.com/dp/B075XQ2XYV?tag=eloabder-20&linkCode=osi&th=1&psc=1"><img src="https://m.media-amazon.com/images/I/51+9Fa+FH3L._SL500_.jpg" alt="Product Image"></a><p>Evenflo Position & Lock Baby Gate, Pressure-Mounted, Farmhouse Collection</p><p> -9% 0FF </p><p>$19.98</p><a href="https://www.amazon.com/dp/B075XQ2XYV?tag=eloabder-20&linkCode=osi&th=1&psc=1">View Product</a></div><div class="product"><a href="https://www.amazon.com/dp/B01BTUNHSQ?tag=eloabder-20&linkCode=osi&th=1&psc=1"><img src="https://m.media-amazon.com/images/I/31nuC-O3n9L._SL500_.jpg" alt="Product Image"></a><p>Safety 1st Easy Install 28" High Walk Thru Gate, Fits Between 29" and 38"</p><p> -10% 0FF </p><p>$44.99</p><a href="https://www.amazon.com/dp/B01BTUNHSQ?tag=eloabder-20&linkCode=osi&th=1&psc=1">View Product</a></div><div class="product"><a href="https://www.amazon.com/dp/B07WFZSW72?tag=eloabder-20&linkCode=osi&th=1&psc=1"><img src="https://m.media-amazon.com/images/I/41nc627IqxL._SL500_.jpg" alt="Product Image"></a><p>Cumbor 29.7-46" Baby Gate for Stairs, Mom's Choice Awards Winner-Auto Close Dog Gate for the House, Easy Install Pressure Mounted Pet Gates for Doorways, Easy Walk Thru Wide Safety Gate for Dog, Black</p><p> -10% 0FF </p><p>$89.99</p><a href="https://www.amazon.com/dp/B07WFZSW72?tag=eloabder-20&linkCode=osi&th=1&psc=1">View Product</a></div><div class="product"><a href="https://www.amazon.com/dp/B09F36M2T5?tag=eloabder-20&linkCode=osi&th=1&psc=1"><img src="https://m.media-amazon.com/images/I/416tulkEC2L._SL500_.jpg" alt="Product Image"></a><p>COMOMY 36" Extra Tall Baby Gate for Stairs Doorways, Fits Openings 29.5" to 48.8" Wide, Auto Close Extra Wide Dog Gate for House, Pressure Mounted Easy Walk Through Pet Gate with Door, Black</p><p> -13% 0FF </p><p>$69.99</p><a href="https://www.amazon.com/dp/B09F36M2T5?tag=eloabder-20&linkCode=osi&th=1&psc=1">View Product</a></div><div class="product"><a href="https://www.amazon.com/dp/B01EMK5JQI?tag=eloabder-20&linkCode=osi&th=1&psc=1"><img src="https://m.media-amazon.com/images/I/417uxACGTTL._SL500_.jpg" alt="Product Image"></a><p>Regalo Easy Step 49-Inch Extra Wide Baby Gate, Includes 4-Inch and 12-Inch Extension Kit, 4 Pack of Pressure Mount Kit and 4 Pack of Wall Mount Kit, Black</p><p> -20% 0FF </p><p>$39.99</p><a href="https://www.amazon.com/dp/B01EMK5JQI?tag=eloabder-20&linkCode=osi&th=1&psc=1">View Product</a></div><div class="product"><a href="https://www.amazon.com/dp/B07JGDGG23?tag=eloabder-20&linkCode=osi&th=1&psc=1"><img src="https://m.media-amazon.com/images/I/51eFFFBIYUL._SL500_.jpg" alt="Product Image"></a><p>Toddleroo by North States Superyard 6 Panel Baby Play Yard. Playpen or Extra Wide Baby Gate, Wall Mount Kit Included. Made in USA. 38.5" - 201" wide, 5.5 ft corner to corner play yard (26" tall, Gray)</p><p> -29% 0FF </p><p>$61.46</p><a href="https://www.amazon.com/dp/B07JGDGG23?tag=eloabder-20&linkCode=osi&th=1&psc=1">View Product</a></div>
<div class="product"><a href="https://www.amazon.com/dp/B0D8J8RGMN?tag=eloabder-20&linkCode=osi&th=1&psc=1"><img src="https://m.media-amazon.com/images/I/51IQYrOgXVL._SL500_.jpg" alt="Product Image"></a><p>3 Pack Baby Beanie Hats with Earflaps, 2 Size Baby Winter Hat for Newborn Infant Toddler Kids Children with Cute Smiley Face, Soft Warm Fleece Lined Knit Hat for Girls Boys-01</p><p> -47% 0FF </p><p>$15.99</p><a href="https://www.amazon.com/dp/B0D8J8RGMN?tag=eloabder-20&linkCode=osi&th=1&psc=1">View Product</a></div><div class="product"><a href="https://www.amazon.com/dp/B08V4HJF5T?tag=eloabder-20&linkCode=osi&th=1&psc=1"><img src="https://m.media-amazon.com/images/I/41JnGlILpnL._SL500_.jpg" alt="Product Image"></a><p>6 Pieces Newborn Baby Hat Bear Ears Infant Caps Baby Boy Girl Toddler Hats Infant Beanie Caps for 0-3 Months (Black White, Black, Navy Blue, Black Gray, Gray, White,Classic)</p><p> -8% 0FF </p><p>$11.99</p><a href="https://www.amazon.com/dp/B08V4HJF5T?tag=eloabder-20&linkCode=osi&th=1&psc=1">View Product</a></div><div class="product"><a href="https://www.amazon.com/dp/B091D4KRJS?tag=eloabder-20&linkCode=osi&th=1&psc=1"><img src="https://m.media-amazon.com/images/I/41IspZQwuhL._SL500_.jpg" alt="Product Image"></a><p>Baby Boy Sun Hat Bucket Hats for Toddler 6-12,12-24 months</p><p> -20% 0FF </p><p>$14.39</p><a href="https://www.amazon.com/dp/B091D4KRJS?tag=eloabder-20&linkCode=osi&th=1&psc=1">View Product</a></div>
<div class="product"><a href="https://www.amazon.com/dp/B07BVN1YMN?tag=eloabder-20&linkCode=osi&th=1&psc=1"><img src="https://m.media-amazon.com/images/I/41+i0x5p4TL._SL500_.jpg" alt="Product Image"></a><p>Baby Trend Tot Spot 3-in-1 High Chair, Bluebell</p><p> -40% 0FF </p><p>$59.99</p><a href="https://www.amazon.com/dp/B07BVN1YMN?tag=eloabder-20&linkCode=osi&th=1&psc=1">View Product</a></div><div class="product"><a href="https://www.amazon.com/dp/B01JRY07BQ?tag=eloabder-20&linkCode=osi&th=1&psc=1"><img src="https://m.media-amazon.com/images/I/41zyGMxJY0L._SL500_.jpg" alt="Product Image"></a><p>Cosco Simple Fold High Chair, Comet</p><p> -23% 0FF </p><p>$49.99</p><a href="https://www.amazon.com/dp/B01JRY07BQ?tag=eloabder-20&linkCode=osi&th=1&psc=1">View Product</a></div><div class="product"><a href="https://www.amazon.com/dp/B017VNNWXA?tag=eloabder-20&linkCode=osi&th=1&psc=1"><img src="https://m.media-amazon.com/images/I/41VGIO1sPhL._SL500_.jpg" alt="Product Image"></a><p>Cosco Simple Fold Deluxe High Chair with 3-Position Tray, Monster Syd</p><p> -17% 0FF </p><p>$49.99</p><a href="https://www.amazon.com/dp/B017VNNWXA?tag=eloabder-20&linkCode=osi&th=1&psc=1">View Product</a></div><div class="product"><a href="https://www.amazon.com/dp/B089PKYWJ8?tag=eloabder-20&linkCode=osi&th=1&psc=1"><img src="https://m.media-amazon.com/images/I/31MgSLR6W8L._SL500_.jpg" alt="Product Image"></a><p>Dream On Me Portable 2-in-1 Tabletalk High Chair, Convertible Compact High Chair, Light Weight Portable Highchair, Aqua</p><p> -45% 0FF </p><p>$55.13</p><a href="https://www.amazon.com/dp/B089PKYWJ8?tag=eloabder-20&linkCode=osi&th=1&psc=1">View Product</a></div><div class="product"><a href="https://www.amazon.com/dp/B0CPXDDPDY?tag=eloabder-20&linkCode=osi&th=1&psc=1"><img src="https://m.media-amazon.com/images/I/41qNrW3wklL._SL500_.jpg" alt="Product Image"></a><p>Fodoss 3-in-1 Wooden High Chair for Babies and Toddlers,Convertible Easy Clean Infant Highchair,Silla Modern Design para Comer De Bebe</p><p> -10% 0FF </p><p>$80.98</p><a href="https://www.amazon.com/dp/B0CPXDDPDY?tag=eloabder-20&linkCode=osi&th=1&psc=1">View Product</a></div>
<div class="product"><a href="https://www.amazon.com/dp/B0BG7B1GHP?tag=eloabder-20&linkCode=osi&th=1&psc=1"><img src="https://m.media-amazon.com/images/I/51MRfMlZsSL._SL500_.jpg" alt="Product Image"></a><p>Yoofoss Hooded Baby Towels for Newborn 2 Pack 100% Muslin Cotton Baby Bath Towel with Hood for Babies, Infant, Toddler and Kids, Large 32x32Inch, Soft and Absorbent Newborn Essential</p><p> -20% 0FF </p><p>$15.99</p><a href="https://www.amazon.com/dp/B0BG7B1GHP?tag=eloabder-20&linkCode=osi&th=1&psc=1">View Product</a></div><div class="product"><a href="https://www.amazon.com/dp/B0C6RKZLXW?tag=eloabder-20&linkCode=osi&th=1&psc=1"><img src="https://m.media-amazon.com/images/I/51HX88nmMOL._SL500_.jpg" alt="Product Image"></a><p>Gerber Baby 4 Piece Animal Character Hooded Towel and Washcloth Set, Brown Lion, One Size</p><p> -49% 0FF </p><p>$9.24</p><a href="https://www.amazon.com/dp/B0C6RKZLXW?tag=eloabder-20&linkCode=osi&th=1&psc=1">View Product</a></div><div class="product"><a href="https://www.amazon.com/dp/B0CKXKR1RV?tag=eloabder-20&linkCode=osi&th=1&psc=1"><img src="https://m.media-amazon.com/images/I/41PjOK7YCBL._SL500_.jpg" alt="Product Image"></a><p>Momcozy Baby Hooded Towel, 2 Pack Baby Towel Set, Super Soft Bath Towel with Original Design, Shower Gifts for Infant, Toddler (28 X 28 Inch, Lemon Leaves)</p><p> -19% 0FF </p><p>$21.99</p><a href="https://www.amazon.com/dp/B0CKXKR1RV?tag=eloabder-20&linkCode=osi&th=1&psc=1">View Product</a></div><div class="product"><a href="https://www.amazon.com/dp/B00X21O4L0?tag=eloabder-20&linkCode=osi&th=1&psc=1"><img src="https://m.media-amazon.com/images/I/51fEvVAVyfL._SL500_.jpg" alt="Product Image"></a><p>Luvable Friends Unisex Baby Hooded Towel with Five Washcloths, Boy Fox, One Size</p><p> -17% 0FF </p><p>$9.99</p><a href="https://www.amazon.com/dp/B00X21O4L0?tag=eloabder-20&linkCode=osi&th=1&psc=1">View Product</a></div>
<div class="product"><a href="https://www.amazon.com/dp/B07DGKXBD7?tag=eloabder-20&linkCode=osi&th=1&psc=1"><img src="https://m.media-amazon.com/images/I/31FyDL3570L._SL500_.jpg" alt="Product Image"></a><p>Johnson's Moisturizing Mild Pink Baby Lotion with Coconut Oil for Delicate Baby Skin, Paraben-, Phthalate- & Dye-Free, Hypoallergenic & Dermatologist-Tested, Baby Skin Care, 27.1 Fl. Oz</p><p> -33% 0FF </p><p>$7.19 ($0.27 / Fl Oz)</p><a href="https://www.amazon.com/dp/B07DGKXBD7?tag=eloabder-20&linkCode=osi&th=1&psc=1">View Product</a></div><div class="product"><a href="https://www.amazon.com/dp/B00JF3RYPM?tag=eloabder-20&linkCode=osi&th=1&psc=1"><img src="https://m.media-amazon.com/images/I/31n9VJQSijL._SL500_.jpg" alt="Product Image"></a><p>CeraVe Baby Lotion | Gentle Baby Skin Care with Ceramides, Niacinamide & Vitamin E | Fragrance, Paraben, Dye & Phthalates Free | Lightweight Baby Moisturizer | 8 Ounce | Packaging May Vary</p><p> -10% 0FF </p><p>$8.97 ($1.12 / Fl Oz)</p><a href="https://www.amazon.com/dp/B00JF3RYPM?tag=eloabder-20&linkCode=osi&th=1&psc=1">View Product</a></div><div class="product"><a href="https://www.amazon.com/dp/B094RH4GHC?tag=eloabder-20&linkCode=osi&th=1&psc=1"><img src="https://m.media-amazon.com/images/I/31xi7tuBJAL._SL500_.jpg" alt="Product Image"></a><p>Johnson's Baby Moisturizing Mild Pink Baby Lotion with Coconut Oil for Delicate Baby Skin, Paraben-, Phthalate- & Dye-Free, Hypoallergenic & Dermatologist-Tested, Baby Skin Care, 13.6 Fl. Oz</p><p> -34% 0FF </p><p>$4.49 ($0.33 / Fl Oz)</p><a href="https://www.amazon.com/dp/B094RH4GHC?tag=eloabder-20&linkCode=osi&th=1&psc=1">View Product</a></div><div class="product"><a href="https://www.amazon.com/dp/B0030UF6EW?tag=eloabder-20&linkCode=osi&th=1&psc=1"><img src="https://m.media-amazon.com/images/I/31RKFp5lxLL._SL500_.jpg" alt="Product Image"></a><p>Aveeno Baby Daily Moisture Body Lotion for Sensitive Skin, Hypoallergenic Moisturizing Baby Lotion with Nourishing Oatmeal to Deeply Moisturize Baby's Skin, Fragrance-Free, 18 fl. oz</p><p> -32% 0FF </p><p>$11.06</p><a href="https://www.amazon.com/dp/B0030UF6EW?tag=eloabder-20&linkCode=osi&th=1&psc=1">View Product</a></div><div class="product"><a href="https://www.amazon.com/dp/B00U2VQW72?tag=eloabder-20&linkCode=osi&th=1&psc=1"><img src="https://m.media-amazon.com/images/I/31nMuDcXtPL._SL500_.jpg" alt="Product Image"></a><p>Aveeno Baby Calming Comfort Moisturizing Body Lotion with Relaxing Lavender & Vanilla Scents, Non-Greasy Baby Lotion, Nourishing Prebiotic Oatmeal, Paraben- & Phthalate-Free, 18 fl. oz</p><p> -29% 0FF </p><p>$11.69 ($0.65 / Fl Oz)</p><a href="https://www.amazon.com/dp/B00U2VQW72?tag=eloabder-20&linkCode=osi&th=1&psc=1">View Product</a></div><div class="product"><a href="https://www.amazon.com/dp/B07DGL23H4?tag=eloabder-20&linkCode=osi&th=1&psc=1"><img src="https://m.media-amazon.com/images/I/31YO49z1TsL._SL500_.jpg" alt="Product Image"></a><p>Johnson's Moisturizing Bedtime Baby Lotion with Coconut Oil & NaturalCalm Aromas to Help Relax Baby, Hypoallergenic & Free of Parabens, Phthalates & Dyes, Mild Baby Skin Care, 27.1 fl. oz</p><p> -36% 0FF </p><p>$9.50 ($0.35 / Fl Oz)</p><a href="https://www.amazon.com/dp/B07DGL23H4?tag=eloabder-20&linkCode=osi&th=1&psc=1">View Product</a></div><div class="product"><a href="https://www.amazon.com/dp/B01A59VMSO?tag=eloabder-20&linkCode=osi&th=1&psc=1"><img src="https://m.media-amazon.com/images/I/31P-2Bf0eYL._SL500_.jpg" alt="Product Image"></a><p>Eucerin Baby Body Lotion, Hypoallergenic and Fragrance Free Baby Lotion, Baby Moisturizer with Pro-Vitamin B5 and Shea Butter, 13.5 Fl Oz Bottle</p><p> -17% 0FF </p><p>$9.78 ($0.72 / Fl Oz)</p><a href="https://www.amazon.com/dp/B01A59VMSO?tag=eloabder-20&linkCode=osi&th=1&psc=1">View Product</a></div><div class="product"><a href="https://www.amazon.com/dp/B07DGKXBDD?tag=eloabder-20&linkCode=osi&th=1&psc=1"><img src="https://m.media-amazon.com/images/I/31IvagYz0ML._SL500_.jpg" alt="Product Image"></a><p>Johnson's Baby CottonTouch Newborn Baby Face and Body Lotion, Hypoallergenic and Paraben-Free Moisturization for Baby's Sensitive Skin, Made with Real Cotton, 27.1 fl. oz</p><p> -37% 0FF </p><p>$9.35 ($0.35 / Fl Oz)</p><a href="https://www.amazon.com/dp/B07DGKXBDD?tag=eloabder-20&linkCode=osi&th=1&psc=1">View Product</a></div>
<div class="product"><a href="https://www.amazon.com/dp/B08HSNXSM6?tag=eloabder-20&linkCode=osi&th=1&psc=1"><img src="https://m.media-amazon.com/images/I/4193Km1SQcL._SL500_.jpg" alt="Product Image"></a><p>The Peanutshell Crib Mobile for Boys or Girls - White Musical Baby Crib Mobile with 12 Lullabies, Jungle Animal, Baby Mobile Crib Safari Animals Nursery Decor</p><p> -11% 0FF </p><p>$39.99</p><a href="https://www.amazon.com/dp/B08HSNXSM6?tag=eloabder-20&linkCode=osi&th=1&psc=1">View Product</a></div><div class="product"><a href="https://www.amazon.com/dp/B088TCNZ52?tag=eloabder-20&linkCode=osi&th=1&psc=1"><img src="https://m.media-amazon.com/images/I/41Nuh1UJwkL._SL500_.jpg" alt="Product Image"></a><p>EVERLOVE Montessori Mobile Baby for Crib (TINITIGIES) - Black and White Mobile Give Visual Stimulation to Engage Your Newborn - Baby Crib Mobile for Boys & Girls - Baby Mobile for Crib</p><p> -12% 0FF </p><p>$37.99</p><a href="https://www.amazon.com/dp/B088TCNZ52?tag=eloabder-20&linkCode=osi&th=1&psc=1">View Product</a></div><div class="product"><a href="https://www.amazon.com/dp/B07DM86Z43?tag=eloabder-20&linkCode=osi&th=1&psc=1"><img src="https://m.media-amazon.com/images/I/41wBVQgCTUL._SL500_.jpg" alt="Product Image"></a><p>Baby Einstein Sea Dreams Soother Musical Crib Toy and Sound Machine, Newborn and up</p><p> -15% 0FF </p><p>$33.90</p><a href="https://www.amazon.com/dp/B07DM86Z43?tag=eloabder-20&linkCode=osi&th=1&psc=1">View Product</a></div><div class="product"><a href="https://www.amazon.com/dp/B0B38G1MBD?tag=eloabder-20&linkCode=osi&th=1&psc=1"><img src="https://m.media-amazon.com/images/I/51ES4bHBHqL._SL500_.jpg" alt="Product Image"></a><p>Eners Baby Crib Mobile with Music and Lights, Mobile for Crib with Remote Control, Rotation, Moon and Star Projection, Baby Crib Toys for Boys Girls (Blue)</p><p> -6% 0FF </p><p>$33.99</p><a href="https://www.amazon.com/dp/B0B38G1MBD?tag=eloabder-20&linkCode=osi&th=1&psc=1">View Product</a></div>
<div class="product"><a href="https://www.amazon.com/dp/B09GM8JZM9?tag=eloabder-20&linkCode=osi&th=1&psc=1"><img src="https://m.media-amazon.com/images/I/41XmH3g0-aL._SL500_.jpg" alt="Product Image"></a><p>HelloBaby Upgrade Baby Monitor, 5'' Screen with 30-Hour Battery, Pan-Tilt-Zoom Video Baby Monitor with Camera and Audio, Night Vision, VOX, 2-Way Talk, 8 Lullabies and 1000ft Range No WiFi</p><p> -20% 0FF </p><p>$79.99</p><a href="https://www.amazon.com/dp/B09GM8JZM9?tag=eloabder-20&linkCode=osi&th=1&psc=1">View Product</a></div><div class="product"><a href="https://www.amazon.com/dp/B00JEV5UI8?tag=eloabder-20&linkCode=osi&th=1&psc=1"><img src="https://m.media-amazon.com/images/I/41va56lWJ6L._SL500_.jpg" alt="Product Image"></a><p>VTech Upgraded Audio Baby Monitor with Rechargeable Battery, Long Range, and Crystal-Clear Sound</p><p> -9% 0FF </p><p>$19.99</p><a href="https://www.amazon.com/dp/B00JEV5UI8?tag=eloabder-20&linkCode=osi&th=1&psc=1">View Product</a></div><div class="product"><a href="https://www.amazon.com/dp/B0BZ8BN87L?tag=eloabder-20&linkCode=osi&th=1&psc=1"><img src="https://m.media-amazon.com/images/I/41Bi8mMjlBL._SL500_.jpg" alt="Product Image"></a><p>OKAIDI Video Baby Monitor with Camera and Audio, 5" Display Baby Monitor No WiFi, 30H Battery and 1000ft Range Baby Monitor, Remote Pan-Tilt-Zoom Baby Camera, Night Vision, 2-Way Talk, VOX,Temperature</p><p> -25% 0FF </p><p>$44.99</p><a href="https://www.amazon.com/dp/B0BZ8BN87L?tag=eloabder-20&linkCode=osi&th=1&psc=1">View Product</a></div><div class="product"><a href="https://www.amazon.com/dp/B0B316NPZ6?tag=eloabder-20&linkCode=osi&th=1&psc=1"><img src="https://m.media-amazon.com/images/I/41IWDeVuDfL._SL500_.jpg" alt="Product Image"></a><p>HelloBaby Monitor with Camera and Audio, 1000ft Long Range Video Baby Monitor-No WiFi, Night Vision, VOX Mode-Power Saving, 2.4'' Portable Travel Screen, Baby Safety Camera, for Baby/Pet, Plug & Play</p><p> -10% 0FF </p><p>$29.98</p><a href="https://www.amazon.com/dp/B0B316NPZ6?tag=eloabder-20&linkCode=osi&th=1&psc=1">View Product</a></div><div class="product"><a href="https://www.amazon.com/dp/B0CYCDTZ6G?tag=eloabder-20&linkCode=osi&th=1&psc=1"><img src="https://m.media-amazon.com/images/I/41PTcAHdqoL._SL500_.jpg" alt="Product Image"></a><p>HelloBaby Baby Monitor with Camera and Audio, 6'' World First IPS Screen Baby Camera Monitor No WiFi, 30-Hrs Battery, ECO, VOX, 2-Way Talk, Night Vision, 1000ft, Video Baby Monitor Portable</p><p> -25% 0FF </p><p>$89.99</p><a href="https://www.amazon.com/dp/B0CYCDTZ6G?tag=eloabder-20&linkCode=osi&th=1&psc=1">View Product</a></div><div class="product"><a href="https://www.amazon.com/dp/B007NG5UF4?tag=eloabder-20&linkCode=osi&th=1&psc=1"><img src="https://m.media-amazon.com/images/I/41SdqvzVNuL._SL500_.jpg" alt="Product Image"></a><p>VTech DM221 Audio Baby Monitor with up to 1,000 ft of Range, Vibrating Sound-Alert, Talk Back Intercom & Night Light Loop, White/Silver</p><p> -13% 0FF </p><p>$33.95</p><a href="https://www.amazon.com/dp/B007NG5UF4?tag=eloabder-20&linkCode=osi&th=1&psc=1">View Product</a></div><div class="product"><a href="https://www.amazon.com/dp/B0CZDYF95R?tag=eloabder-20&linkCode=osi&th=1&psc=1"><img src="https://m.media-amazon.com/images/I/41hYOyPQ9dL._SL500_.jpg" alt="Product Image"></a><p>VTimes Baby Monitor with Camera and Audio, Video Baby Monitor No WiFi Night Vision, 2.4" LCD Screen Portable Baby Camera VOX Mode Pan-Tilt-Zoom Alarm and 1000ft Range, Ideal for Baby/Elderly/Pet</p><p> -40% 0FF </p><p>$29.99</p><a href="https://www.amazon.com/dp/B0CZDYF95R?tag=eloabder-20&linkCode=osi&th=1&psc=1">View Product</a></div>
<div class="product"><a href="https://www.amazon.com/dp/B0119493OY?tag=eloabder-20&linkCode=osi&th=1&psc=1"><img src="https://m.media-amazon.com/images/I/31o0TllpwAL._SL500_.jpg" alt="Product Image"></a><p>Safety 1st Fold-Up Nail Clippers - 2pk</p><p> -25% 0FF </p><p>$2.99</p><a href="https://www.amazon.com/dp/B0119493OY?tag=eloabder-20&linkCode=osi&th=1&psc=1">View Product</a></div><div class="product"><a href="https://www.amazon.com/dp/B01644OCVS?tag=eloabder-20&linkCode=osi&th=1&psc=1"><img src="https://m.media-amazon.com/images/I/41oX5dLMB1L._SL500_.jpg" alt="Product Image"></a><p>Frida Baby NailFrida The SnipperClipper Set, Baby Nail Clippers & Nail Filer, Baby Essential Nail Kit for Newborns and Up</p><p> -36% 0FF </p><p>$8.31</p><a href="https://www.amazon.com/dp/B01644OCVS?tag=eloabder-20&linkCode=osi&th=1&psc=1">View Product</a></div><div class="product"><a href="https://www.amazon.com/dp/B084JZ27SM?tag=eloabder-20&linkCode=osi&th=1&psc=1"><img src="https://m.media-amazon.com/images/I/31JsNl8WpML._SL500_.jpg" alt="Product Image"></a><p>Safety 1st Light Zoom Nail Clippers, One Size</p><p> -27% 0FF </p><p>$7.29</p><a href="https://www.amazon.com/dp/B084JZ27SM?tag=eloabder-20&linkCode=osi&th=1&psc=1">View Product</a></div><div class="product"><a href="https://www.amazon.com/dp/B0D9BCJWC7?tag=eloabder-20&linkCode=osi&th=1&psc=1"><img src="https://m.media-amazon.com/images/I/41vknqnodfL._SL500_.jpg" alt="Product Image"></a><p>Yeeeasy Baby Nail Clippers Kit Baby Grooming Set with Nail Clippers, Scissors, Nail File & Tweezers Baby Care Kit Fingernail Cutter for Baby,Newborn,Infant,Toddler,Kid(Purple)</p><p> -55% 0FF </p><p>$4.49</p><a href="https://www.amazon.com/dp/B0D9BCJWC7?tag=eloabder-20&linkCode=osi&th=1&psc=1">View Product</a></div>
<div class="product"><a href="https://www.amazon.com/dp/B08CMWHD3B?tag=eloabder-20&linkCode=osi&th=1&psc=1"><img src="https://m.media-amazon.com/images/I/41+F2Dv0iiL._SL500_.jpg" alt="Product Image"></a><p>GROWNSY Nasal Aspirator for Baby, Baby Nose Sucker Pro with 3 Soft Silicone Tips, Adjustable Suction, Electric Nose Suction for Baby, Built-in Music & Light Soothing</p><p> -20% 0FF </p><p>$39.99 ($39.99 / Count)</p><a href="https://www.amazon.com/dp/B08CMWHD3B?tag=eloabder-20&linkCode=osi&th=1&psc=1">View Product</a></div><div class="product"><a href="https://www.amazon.com/dp/B00RP0GHBO?tag=eloabder-20&linkCode=osi&th=1&psc=1"><img src="https://m.media-amazon.com/images/I/41pIJoWu-UL._SL500_.jpg" alt="Product Image"></a><p>Frida Baby NoseFrida SnotSucker Nasal Aspirator for Baby, Baby Nose Sucker with 24 Extra Hygiene Filters, Baby Congestion Relief, FSA/HSA Eligible</p><p> -25% 0FF </p><p>$14.99</p><a href="https://www.amazon.com/dp/B00RP0GHBO?tag=eloabder-20&linkCode=osi&th=1&psc=1">View Product</a></div><div class="product"><a href="https://www.amazon.com/dp/B0C3CHQHJP?tag=eloabder-20&linkCode=osi&th=1&psc=1"><img src="https://m.media-amazon.com/images/I/51IO9JHchbL._SL500_.jpg" alt="Product Image"></a><p>X-Bosak Baby Nasal Aspirator, Electric Nose Sucker with 5 Levels Suction, Soothing Light & Nursery Rhymes</p><p> -18% 0FF </p><p>$30.99</p><a href="https://www.amazon.com/dp/B0C3CHQHJP?tag=eloabder-20&linkCode=osi&th=1&psc=1">View Product</a></div><div class="product"><a href="https://www.amazon.com/dp/B094Z43BQF?tag=eloabder-20&linkCode=osi&th=1&psc=1"><img src="https://m.media-amazon.com/images/I/41elOKysySL._SL500_.jpg" alt="Product Image"></a><p>Frida Baby Electric NoseFrida Nasal Aspirator for Baby, Nose Sucker for Baby & Toddler, Nasal Aspirator for Congestion Relief with 3 Suction Levels, 2 Silicone Tips, USB Rechargeable</p><p> -13% 0FF </p><p>$34.99</p><a href="https://www.amazon.com/dp/B094Z43BQF?tag=eloabder-20&linkCode=osi&th=1&psc=1">View Product</a></div><div class="product"><a href="https://www.amazon.com/dp/B01N093BYV?tag=eloabder-20&linkCode=osi&th=1&psc=1"><img src="https://m.media-amazon.com/images/I/316hpVBAmNL._SL500_.jpg" alt="Product Image"></a><p>Frida Baby Nasal Aspirator for Baby, NoseFrida Baby Nose Sucker with 10 Extra Filters + All-Natural Saline Nasal Spray for Babies, Nasal Spray Decongestant, 0.68 fl oz</p><p> -15% 0FF </p><p>$16.97</p><a href="https://www.amazon.com/dp/B01N093BYV?tag=eloabder-20&linkCode=osi&th=1&psc=1">View Product</a></div><div class="product"><a href="https://www.amazon.com/dp/B0BSVG8S59?tag=eloabder-20&linkCode=osi&th=1&psc=1"><img src="https://m.media-amazon.com/images/I/31Rju6jEphL._SL500_.jpg" alt="Product Image"></a><p>Dr. Talbot's Nasal Aspirator for Babies - Silicone - Includes Storage Case - Clear</p><p> -20% 0FF </p><p>$6.39</p><a href="https://www.amazon.com/dp/B0BSVG8S59?tag=eloabder-20&linkCode=osi&th=1&psc=1">View Product</a></div>
<div class="product"><a href="https://www.amazon.com/dp/B00WEBVM5U?tag=eloabder-20&linkCode=osi&th=1&psc=1"><img src="https://m.media-amazon.com/images/I/31oMSFi3dGL._SL500_.jpg" alt="Product Image"></a><p>Johnson's Baby Oil, Mineral Oil Enriched with Shea & Cocoa Butter to Prevent Moisture Loss, Hypoallergenic, 20 fl. oz</p><p> -35% 0FF </p><p>$5.90 ($0.30 / Fl Oz)</p><a href="https://www.amazon.com/dp/B00WEBVM5U?tag=eloabder-20&linkCode=osi&th=1&psc=1">View Product</a></div><div class="product"><a href="https://www.amazon.com/dp/B00J51Q1IA?tag=eloabder-20&linkCode=osi&th=1&psc=1"><img src="https://m.media-amazon.com/images/I/31WSLNGqaEL._SL500_.jpg" alt="Product Image"></a><p>Johnson & Johnson SLC (Cosmetics) Baby Oil, 20 Fl Oz</p><p> -33% 0FF </p><p>$6.02 ($0.30 / Fl Oz)</p><a href="https://www.amazon.com/dp/B00J51Q1IA?tag=eloabder-20&linkCode=osi&th=1&psc=1">View Product</a></div><div class="product"><a href="https://www.amazon.com/dp/B00LPC15FQ?tag=eloabder-20&linkCode=osi&th=1&psc=1"><img src="https://m.media-amazon.com/images/I/315PcqnZ4qL._SL500_.jpg" alt="Product Image"></a><p>Johnson's Baby Johnson & Johnson Baby Oil, Aloe Vera & Vitamin E, Multicolor, 14 Fl Oz</p><p> -23% 0FF </p><p>$5.49 ($0.39 / Fl Oz)</p><a href="https://www.amazon.com/dp/B00LPC15FQ?tag=eloabder-20&linkCode=osi&th=1&psc=1">View Product</a></div><div class="product"><a href="https://www.amazon.com/dp/B001UAA2UC?tag=eloabder-20&linkCode=osi&th=1&psc=1"><img src="https://m.media-amazon.com/images/I/31-74Q7XbxL._SL500_.jpg" alt="Product Image"></a><p>Johnson's Baby Oil Gel, Moisturizing Baby Massage Mineral Oil Enriched with Shea & Cocoa Butter, Dry Skin Relief for Babies, Kids & Adults, Nourishing & Gentle on Delicate Skin, 6.5 fl. oz</p><p> -16% 0FF </p><p>$5.98 ($0.92 / Fl Oz)</p><a href="https://www.amazon.com/dp/B001UAA2UC?tag=eloabder-20&linkCode=osi&th=1&psc=1">View Product</a></div>
<div class="product"><a href="https://www.amazon.com/dp/B0D88Y4955?tag=eloabder-20&linkCode=osi&th=1&psc=1"><img src="https://m.media-amazon.com/images/I/41Au0yzblbL._SL500_.jpg" alt="Product Image"></a><p>Burt's Bees Baby Baby Boys Pajamas, Sleep and Play Loose Fit, 100% Organic Cotton, Soft One-piece PJs, Diagonal Zip Up Jumpsuit Newborn Essentials with Interior Zipper Guard in sizes NB to 6-9 Months</p><p> -49% 0FF </p><p>$7.60</p><a href="https://www.amazon.com/dp/B0D88Y4955?tag=eloabder-20&linkCode=osi&th=1&psc=1">View Product</a></div><div class="product"><a href="https://www.amazon.com/dp/B08GHLBW8P?tag=eloabder-20&linkCode=osi&th=1&psc=1"><img src="https://m.media-amazon.com/images/I/512q+TZZ2UL._SL500_.jpg" alt="Product Image"></a><p>Gerber Baby Boys' 4-Pack Footed Pajamas, Dinosaurs Space Grey, 18 Months</p><p> -9% 0FF </p><p>$29.98</p><a href="https://www.amazon.com/dp/B08GHLBW8P?tag=eloabder-20&linkCode=osi&th=1&psc=1">View Product</a></div>
<div class="product"><a href="https://www.amazon.com/dp/B09XHGG4B8?tag=eloabder-20&linkCode=osi&th=1&psc=1"><img src="https://m.media-amazon.com/images/I/51drx-WonLL._SL500_.jpg" alt="Product Image"></a><p>Yeeeasy Tummy Time Water Mat丨Inflatable Tummy Time Water Play Mat for Babies, Infants and Toddlers 3 to 12 Months Promote Development Toys Baby Gifts</p><p> -33% 0FF </p><p>$9.99</p><a href="https://www.amazon.com/dp/B09XHGG4B8?tag=eloabder-20&linkCode=osi&th=1&psc=1">View Product</a></div>
<div class="product"><a href="https://www.amazon.com/dp/B0009STDJW?tag=eloabder-20&linkCode=osi&th=1&psc=1"><img src="https://m.media-amazon.com/images/I/31XlMHyMw4L._SL500_.jpg" alt="Product Image"></a><p>Johnson's Baby Powder, Naturally Derived Cornstarch with Aloe & Vitamin E for Delicate Skin, Hypoallergenic and Free of Parabens, Phthalates, and Dyes for Gentle Baby Skin Care, 15 oz</p><p> -31% 0FF </p><p>$4.98 ($0.33 / Ounce)</p><a href="https://www.amazon.com/dp/B0009STDJW?tag=eloabder-20&linkCode=osi&th=1&psc=1">View Product</a></div><div class="product"><a href="https://www.amazon.com/dp/B005IHT880?tag=eloabder-20&linkCode=osi&th=1&psc=1"><img src="https://m.media-amazon.com/images/I/31Yy8plMS3L._SL500_.jpg" alt="Product Image"></a><p>Johnson's Baby Naturally Derived Cornstarch Baby Powder with Aloe and Vitamin E for Delicate Skin, Hypoallergenic and Free of Parabens, Phthalates, and Dyes for Gentle Baby Skin Care, 1.5 oz</p><p> -31% 0FF </p><p>$1.97 ($1.31 / Ounce)</p><a href="https://www.amazon.com/dp/B005IHT880?tag=eloabder-20&linkCode=osi&th=1&psc=1">View Product</a></div><div class="product"><a href="https://www.amazon.com/dp/B00I5MVFB8?tag=eloabder-20&linkCode=osi&th=1&psc=1"><img src="https://m.media-amazon.com/images/I/41kU-erHU1L._SL500_.jpg" alt="Product Image"></a><p>Johnson's Baby Powder, Pure Cornstarch, Aloe & Vitamin E, 22 Ounce (Pack of 3) - Packaging May Vary</p><p> -31% 0FF </p><p>$18.87 ($0.29 / Ounce)</p><a href="https://www.amazon.com/dp/B00I5MVFB8?tag=eloabder-20&linkCode=osi&th=1&psc=1">View Product</a></div><div class="product"><a href="https://www.amazon.com/dp/B004Z4MNGQ?tag=eloabder-20&linkCode=osi&th=1&psc=1"><img src="https://m.media-amazon.com/images/I/31szXN97ucL._SL500_.jpg" alt="Product Image"></a><p>Johnson's Baby Powder with Naturally Derived Cornstarch Aloe & Vitamin E, Hypoallergenic, 9 oz</p><p> -26% 0FF </p><p>$3.95 ($0.44 / Ounce)</p><a href="https://www.amazon.com/dp/B004Z4MNGQ?tag=eloabder-20&linkCode=osi&th=1&psc=1">View Product</a></div><div class="product"><a href="https://www.amazon.com/dp/B0CCPK861Q?tag=eloabder-20&linkCode=osi&th=1&psc=1"><img src="https://m.media-amazon.com/images/I/51jIdMql0FL._SL500_.jpg" alt="Product Image"></a><p>Burt's Bees Christmas Gifts, Baby Dusting Powder, 100% Natural Origin, Talc-Free, Pediatrician Tested Stocking Stuffers, 7.5 Ounces, Pack of 3, Pack May Vary</p><p> -29% 0FF </p><p>$19.17 ($0.85 / Ounce)</p><a href="https://www.amazon.com/dp/B0CCPK861Q?tag=eloabder-20&linkCode=osi&th=1&psc=1">View Product</a></div><div class="product"><a href="https://www.amazon.com/dp/B012FUZ8NG?tag=eloabder-20&linkCode=osi&th=1&psc=1"><img src="https://m.media-amazon.com/images/I/41t4DM92+aL._SL500_.jpg" alt="Product Image"></a><p>Gold Bond Comfort Body Powder, 10 oz., Talc-Free, Fresh Clean Scent With Aloe & Chamomile</p><p> -7% 0FF </p><p>$6.79 ($0.68 / Ounce)</p><a href="https://www.amazon.com/dp/B012FUZ8NG?tag=eloabder-20&linkCode=osi&th=1&psc=1">View Product</a></div>
<div class="product"><a href="https://www.amazon.com/dp/B00JHKTDQG?tag=eloabder-20&linkCode=osi&th=1&psc=1"><img src="https://m.media-amazon.com/images/I/41u2OOs0uOL._SL500_.jpg" alt="Product Image"></a><p>Safety 1st Plug Protectors, 36 Count</p><p> -22% 0FF </p><p>$3.49</p><a href="https://www.amazon.com/dp/B00JHKTDQG?tag=eloabder-20&linkCode=osi&th=1&psc=1">View Product</a></div><div class="product"><a href="https://www.amazon.com/dp/B0CZRKFS5Z?tag=eloabder-20&linkCode=osi&th=1&psc=1"><img src="https://m.media-amazon.com/images/I/413bGIIY4WL._SL500_.jpg" alt="Product Image"></a><p>Baby Proofing Kit, Oven Door Lock Child proof Safety Product for Kitchen, Double Button, Heat-Resistant, Easy to Install (1 Pack,Grey)</p><p> -20% 0FF </p><p>$7.99</p><a href="https://www.amazon.com/dp/B0CZRKFS5Z?tag=eloabder-20&linkCode=osi&th=1&psc=1">View Product</a></div><div class="product"><a href="https://www.amazon.com/dp/B00YKG2YS6?tag=eloabder-20&linkCode=osi&th=1&psc=1"><img src="https://m.media-amazon.com/images/I/41+wB4D0smL._SL500_.jpg" alt="Product Image"></a><p>Safety 1st Safety Essentials Kit , White , 1 Count</p><p> -38% 0FF </p><p>$7.48</p><a href="https://www.amazon.com/dp/B00YKG2YS6?tag=eloabder-20&linkCode=osi&th=1&psc=1">View Product</a></div>
<div class="product"><a href="https://www.amazon.com/dp/B000BNCA4K?tag=eloabder-20&linkCode=osi&th=1&psc=1"><img src="https://m.media-amazon.com/images/I/51+hwco0h6L._SL500_.jpg" alt="Product Image"></a><p>Manhattan Toy Winkel Rattle & Sensory Teether Toy, Blue/Green/Orange, 5 Inch x 4 Inch x 3.5 Inch</p><p> -29% 0FF </p><p>$9.99</p><a href="https://www.amazon.com/dp/B000BNCA4K?tag=eloabder-20&linkCode=osi&th=1&psc=1">View Product</a></div><div class="product"><a href="https://www.amazon.com/dp/B000FMQWS2?tag=eloabder-20&linkCode=osi&th=1&psc=1"><img src="https://m.media-amazon.com/images/I/4108+CwoQfL._SL500_.jpg" alt="Product Image"></a><p>Bright Starts Grab & Spin Baby Rattle & BPA-Free Teether Toy, Ages 3 Months+</p><p> -15% 0FF </p><p>$2.97</p><a href="https://www.amazon.com/dp/B000FMQWS2?tag=eloabder-20&linkCode=osi&th=1&psc=1">View Product</a></div><div class="product"><a href="https://www.amazon.com/dp/B071YCHDX1?tag=eloabder-20&linkCode=osi&th=1&psc=1"><img src="https://m.media-amazon.com/images/I/512uBUjyccL._SL500_.jpg" alt="Product Image"></a><p>iPlay, iLearn 10pcs Baby Rattles Toys Set, Infant Grab Shake Rattle, Sensory Teether, Babies Development Learning Music Toy, Newborn First Christmas Gifts 0 1 2 3 4 5 6 7 8 9 10 12 Month Boy Girl</p><p> -15% 0FF </p><p>$22.99</p><a href="https://www.amazon.com/dp/B071YCHDX1?tag=eloabder-20&linkCode=osi&th=1&psc=1">View Product</a></div><div class="product"><a href="https://www.amazon.com/dp/B019ICFYNI?tag=eloabder-20&linkCode=osi&th=1&psc=1"><img src="https://m.media-amazon.com/images/I/51oYX33BlzL._SL500_.jpg" alt="Product Image"></a><p>VTech Baby Rattle and Sing Puppy</p><p> -18% 0FF </p><p>$8.99</p><a href="https://www.amazon.com/dp/B019ICFYNI?tag=eloabder-20&linkCode=osi&th=1&psc=1">View Product</a></div><div class="product"><a href="https://www.amazon.com/dp/B000V2Y5BW?tag=eloabder-20&linkCode=osi&th=1&psc=1"><img src="https://m.media-amazon.com/images/I/41Bz5Kz2OzL._SL500_.jpg" alt="Product Image"></a><p>The First Years First Keys Infant and Baby Toy</p><p> -67% 0FF </p><p>$2.44</p><a href="https://www.amazon.com/dp/B000V2Y5BW?tag=eloabder-20&linkCode=osi&th=1&psc=1">View Product</a></div>
<div class="product"><a href="https://www.amazon.com/dp/B005SPESKK?tag=eloabder-20&linkCode=osi&th=1&psc=1"><img src="https://m.media-amazon.com/images/I/410ZKnRS3aL._SL500_.jpg" alt="Product Image"></a><p>Aveeno Baby Bathtime Solutions Baby & Me Gift Set with Baby Wash & Shampoo, Calming Baby Bath, Baby Daily Moisturizing Lotion & Stress Relief Body Wash for Mom, Oatmeal, 4 Items</p><p> -35% 0FF </p><p>$20.69</p><a href="https://www.amazon.com/dp/B005SPESKK?tag=eloabder-20&linkCode=osi&th=1&psc=1">View Product</a></div><div class="product"><a href="https://www.amazon.com/dp/B005UEB96K?tag=eloabder-20&linkCode=osi&th=1&psc=1"><img src="https://m.media-amazon.com/images/I/41irWX472ZL._SL500_.jpg" alt="Product Image"></a><p>Aquaphor Baby Healing Ointment Advanced Therapy Skin Protectant, Dry Skin and Diaper Rash Ointment, 14 Oz Jar</p><p> -8% 0FF </p><p>$18.37</p><a href="https://www.amazon.com/dp/B005UEB96K?tag=eloabder-20&linkCode=osi&th=1&psc=1">View Product</a></div><div class="product"><a href="https://www.amazon.com/dp/B0CNXKT6S7?tag=eloabder-20&linkCode=osi&th=1&psc=1"><img src="https://m.media-amazon.com/images/I/41UPubKIJYL._SL500_.jpg" alt="Product Image"></a><p>Blissful Diary Baby Diaper Caddy Organizer, Stylish Nursery Storage Basket - Gift for Baby Shower, Baby Registry Must Have, Newborn Essentials - Baby Caddy Organizer for Diaper Station - Sage Green</p><p> -7% 0FF </p><p>$22.99</p><a href="https://www.amazon.com/dp/B0CNXKT6S7?tag=eloabder-20&linkCode=osi&th=1&psc=1">View Product</a></div><div class="product"><a href="https://www.amazon.com/dp/B07RX5BD32?tag=eloabder-20&linkCode=osi&th=1&psc=1"><img src="https://m.media-amazon.com/images/I/41p16YTuexL._SL500_.jpg" alt="Product Image"></a><p>Portable Diaper Changing Pad, Portable Changing pad for Newborn Girl & Boy - Baby Changing Pad with Smart Wipes Pocket – Waterproof Travel Changing Kit - Baby Gift by Kopi Baby</p><p> -42% 0FF </p><p>$21.89</p><a href="https://www.amazon.com/dp/B07RX5BD32?tag=eloabder-20&linkCode=osi&th=1&psc=1">View Product</a></div>
<div class="product"><a href="https://www.amazon.com/dp/B07DGKWFJM?tag=eloabder-20&linkCode=osi&th=1&psc=1"><img src="https://m.media-amazon.com/images/I/313M7YzzHPL._SL500_.jpg" alt="Product Image"></a><p>Johnson's Baby Shampoo with Tear-Free Formula, Shampoo for Baby's Delicate Scalp & Skin, Gently Washes Away Dirt & Germs, Paraben-, Phthalate-, Sulfate- & Dye-Free, 20.3 fl. oz</p><p> -35% 0FF </p><p>$5.90 ($0.29 / Fl Oz)</p><a href="https://www.amazon.com/dp/B07DGKWFJM?tag=eloabder-20&linkCode=osi&th=1&psc=1">View Product</a></div><div class="product"><a href="https://www.amazon.com/dp/B07DGK9FQG?tag=eloabder-20&linkCode=osi&th=1&psc=1"><img src="https://m.media-amazon.com/images/I/31ZmgkaoecL._SL500_.jpg" alt="Product Image"></a><p>Johnson's Baby Tear Free Shampoo, No Parabens/Phthalates/Sulfates/Dyes, Fresh, 13.6 Fl Oz</p><p> -30% 0FF </p><p>$4.78 ($0.35 / Fl Oz)</p><a href="https://www.amazon.com/dp/B07DGK9FQG?tag=eloabder-20&linkCode=osi&th=1&psc=1">View Product</a></div><div class="product"><a href="https://www.amazon.com/dp/B07D2JMJPS?tag=eloabder-20&linkCode=osi&th=1&psc=1"><img src="https://m.media-amazon.com/images/I/31GFcXvNoSL._SL500_.jpg" alt="Product Image"></a><p>Johnson's Head-to-Toe Gentle Tear-Free Baby & Newborn Wash & Shampoo, Sulfate-, Paraben- Phthalate- & Dye-Free, Hypoallergenic Wash for Sensitive Skin & Hair, 27.1 fl. Oz</p><p> -33% 0FF </p><p>$7.19 ($0.27 / Fl Oz)</p><a href="https://www.amazon.com/dp/B07D2JMJPS?tag=eloabder-20&linkCode=osi&th=1&psc=1">View Product</a></div><div class="product"><a href="https://www.amazon.com/dp/B07NSBTZ22?tag=eloabder-20&linkCode=osi&th=1&psc=1"><img src="https://m.media-amazon.com/images/I/316UK0+xv+L._SL500_.jpg" alt="Product Image"></a><p>Aveeno Baby Daily Moisture Gentle Bath Wash & Shampoo with Natural Oat Extract, Hypoallergenic, Tear-Free & Paraben-Free Formula For Sensitive Hair & Skin, Lightly Scented, 33 fl. oz</p><p> -43% 0FF </p><p>$13.98 ($0.42 / Fl Oz)</p><a href="https://www.amazon.com/dp/B07NSBTZ22?tag=eloabder-20&linkCode=osi&th=1&psc=1">View Product</a></div><div class="product"><a href="https://www.amazon.com/dp/B07DGPL4Y7?tag=eloabder-20&linkCode=osi&th=1&psc=1"><img src="https://m.media-amazon.com/images/I/310oJnMMURS._SL500_.jpg" alt="Product Image"></a><p>Johnson's Baby Calming Baby Shampoo with Soothing NaturalCalm Scent, Hypoallergenic & Tear-Free Baby Hair Shampoo, Free of Parabens, Phthalates, Sulfates & Dyes, 20.3 fl. oz</p><p> -9% 0FF </p><p>$5.39 ($0.27 / Fl Oz)</p><a href="https://www.amazon.com/dp/B07DGPL4Y7?tag=eloabder-20&linkCode=osi&th=1&psc=1">View Product</a></div><div class="product"><a href="https://www.amazon.com/dp/B072QXWXS6?tag=eloabder-20&linkCode=osi&th=1&psc=1"><img src="https://m.media-amazon.com/images/I/31nATTwRNrL._SL500_.jpg" alt="Product Image"></a><p>The Honest Company 2-in-1 Cleansing Shampoo + Body Wash | Gentle for Baby | Naturally Derived, Tear-free, Hypoallergenic | Fragrance Free Sensitive, 10 fl oz</p><p> -8% 0FF </p><p>$10.99 ($1.10 / Fl Oz)</p><a href="https://www.amazon.com/dp/B072QXWXS6?tag=eloabder-20&linkCode=osi&th=1&psc=1">View Product</a></div><div class="product"><a href="https://www.amazon.com/dp/B0BXB874ZB?tag=eloabder-20&linkCode=osi&th=1&psc=1"><img src="https://m.media-amazon.com/images/I/61I9qaFfznL._SL500_.jpg" alt="Product Image"></a><p>SheaMoisture Baby Shampoo & Bath Milk Manuka Honey & Lavender for Delicate Hair and Skin Nighttime Skin and Hair Care Regimen 13 oz</p><p> -10% 0FF </p><p>$8.97 ($0.69 / Fl Oz)</p><a href="https://www.amazon.com/dp/B0BXB874ZB?tag=eloabder-20&linkCode=osi&th=1&psc=1">View Product</a></div>
<div class="product"><a href="https://www.amazon.com/dp/B07JP112TD?tag=eloabder-20&linkCode=osi&th=1&psc=1"><img src="https://m.media-amazon.com/images/I/31-1TtUqz2L._SL500_.jpg" alt="Product Image"></a><p>Stride Rite Baby Girls Sr Taye 2.0 First Walker Shoe, Pink, 3 Infant US</p><p> -30% 0FF </p><p>$25.72</p><a href="https://www.amazon.com/dp/B07JP112TD?tag=eloabder-20&linkCode=osi&th=1&psc=1">View Product</a></div><div class="product"><a href="https://www.amazon.com/dp/B08M5M2ZNJ?tag=eloabder-20&linkCode=osi&th=1&psc=1"><img src="https://m.media-amazon.com/images/I/31qHgEG+WSL._SL500_.jpg" alt="Product Image"></a><p>Baby Booties 6-12 Months Unisex Cozy Fleece Newborn Booties Non-Slip Newborn First Walkers Shoes Toddler Slippers for Baby Boys & Baby Girls Gifts, Black</p><p> -33% 0FF </p><p>$9.99</p><a href="https://www.amazon.com/dp/B08M5M2ZNJ?tag=eloabder-20&linkCode=osi&th=1&psc=1">View Product</a></div><div class="product"><a href="https://www.amazon.com/dp/B0BV2J28DN?tag=eloabder-20&linkCode=osi&th=1&psc=1"><img src="https://m.media-amazon.com/images/I/41n15Z33RlL._SL500_.jpg" alt="Product Image"></a><p>Baby Walking Shoes First Boy Girl Walker Infant Sock Tennis Mesh Sneakers Breathable 6 9 12 18 24 Months Camel Size 6-12 Months Infant</p><p> -18% 0FF </p><p>$26.99</p><a href="https://www.amazon.com/dp/B0BV2J28DN?tag=eloabder-20&linkCode=osi&th=1&psc=1">View Product</a></div><div class="product"><a href="https://www.amazon.com/dp/B0C9ZTGHWF?tag=eloabder-20&linkCode=osi&th=1&psc=1"><img src="https://m.media-amazon.com/images/I/41jzu4SNmLL._SL500_.jpg" alt="Product Image"></a><p>BMCiTYBM Baby Boy Girl Shoes Infant First Walker Shoes Breathable Walking Shoes Lightweight Non-Slip Sneakers 6 9 12 18 24 Months Gray Size 12-18 Months Infant</p><p> -12% 0FF </p><p>$29.99</p><a href="https://www.amazon.com/dp/B0C9ZTGHWF?tag=eloabder-20&linkCode=osi&th=1&psc=1">View Product</a></div>
<div class="product"><a href="https://www.amazon.com/dp/B0B6Z9SVXG?tag=eloabder-20&linkCode=osi&th=1&psc=1"><img src="https://m.media-amazon.com/images/I/41yQhQfpuJL._SL500_.jpg" alt="Product Image"></a><p>Shiaon Baby Sling Carrier Newborn to Toddler, Lightweight Baby Carrier Sling, Baby Wrap Sling, Baby Hip Seat Carrier for Toddler Sling, Baby Holder Carrier, Nursing Sling, Carrying 7-45 lbs, Grey</p><p> -20% 0FF </p><p>$32.99</p><a href="https://www.amazon.com/dp/B0B6Z9SVXG?tag=eloabder-20&linkCode=osi&th=1&psc=1">View Product</a></div><div class="product"><a href="https://www.amazon.com/dp/B07SK6GVCJ?tag=eloabder-20&linkCode=osi&th=1&psc=1"><img src="https://m.media-amazon.com/images/I/41o7bWiYEUL._SL500_.jpg" alt="Product Image"></a><p>CUBY Water Baby Sling Carrier Breathable Mesh Baby Wraps Carrier Adjustable Ring Sling Baby Carrier Infant Carrier for Summer Swimming Pool Beach (Light Grey)</p><p> -27% 0FF </p><p>$18.99</p><a href="https://www.amazon.com/dp/B07SK6GVCJ?tag=eloabder-20&linkCode=osi&th=1&psc=1">View Product</a></div><div class="product"><a href="https://www.amazon.com/dp/B07YQYRVDX?tag=eloabder-20&linkCode=osi&th=1&psc=1"><img src="https://m.media-amazon.com/images/I/41nKHqgPniL._SL500_.jpg" alt="Product Image"></a><p>Baby Sling and Ring Sling 100% Cotton Muslin Infant Carrier, Front and Chest Newborn Carrier Wrap, Toddler Carrier – Grey</p><p> -31% 0FF </p><p>$44.95</p><a href="https://www.amazon.com/dp/B07YQYRVDX?tag=eloabder-20&linkCode=osi&th=1&psc=1">View Product</a></div>
<div class="product"><a href="https://www.amazon.com/dp/B07N13W76L?tag=eloabder-20&linkCode=osi&th=1&psc=1"><img src="https://m.media-amazon.com/images/I/41d8emuEA8L._SL500_.jpg" alt="Product Image"></a><p>Baby Dove Sensitive Skin Care Baby Wash Calming Moisture For a Calming Bath Wash Hypoallergenic and Tear-Free, Washes Away Bacteria 13 oz</p><p> -6% 0FF </p><p>$7.99 ($0.61 / Ounce)</p><a href="https://www.amazon.com/dp/B07N13W76L?tag=eloabder-20&linkCode=osi&th=1&psc=1">View Product</a></div><div class="product"><a href="https://www.amazon.com/dp/B097NRRRNT?tag=eloabder-20&linkCode=osi&th=1&psc=1"><img src="https://m.media-amazon.com/images/I/31qcQUGmwRS._SL500_.jpg" alt="Product Image"></a><p>Johnson's Skin Nourishing Moisture Baby Body Wash With Vanilla & Oat Scents, Hypoallergenic & Tear Free Baby Bath Wash, Paraben-, Dye-, Sulfate & Phthalate-Free, 20.3 fl. oz</p><p> -26% 0FF </p><p>$6.78 ($0.33 / Fl Oz)</p><a href="https://www.amazon.com/dp/B097NRRRNT?tag=eloabder-20&linkCode=osi&th=1&psc=1">View Product</a></div><div class="product"><a href="https://www.amazon.com/dp/B07D2G6CLG?tag=eloabder-20&linkCode=osi&th=1&psc=1"><img src="https://m.media-amazon.com/images/I/31EQ6Pb153L._SL500_.jpg" alt="Product Image"></a><p>Johnson's Bedtime Baby Bath with Soothing NaturalCalm Aromas, Hypoallergenic & Tear Free Formula, 27.1 fl. oz</p><p> -33% 0FF </p><p>$9.98 ($0.37 / Fl Oz)</p><a href="https://www.amazon.com/dp/B07D2G6CLG?tag=eloabder-20&linkCode=osi&th=1&psc=1">View Product</a></div>
<div class="product"><a href="https://www.amazon.com/dp/B006VB29D8?tag=eloabder-20&linkCode=osi&th=1&psc=1"><img src="https://m.media-amazon.com/images/I/41avOtC2ssL._SL500_.jpg" alt="Product Image"></a><p>Munchkin® Soft Tip™ Baby Spoons, BPA Free, 12 Pack</p><p> -17% 0FF </p><p>$6.98</p><a href="https://www.amazon.com/dp/B006VB29D8?tag=eloabder-20&linkCode=osi&th=1&psc=1">View Product</a></div><div class="product"><a href="https://www.amazon.com/dp/B0CKJXWM44?tag=eloabder-20&linkCode=osi&th=1&psc=1"><img src="https://m.media-amazon.com/images/I/41n4jr8b6VL._SL500_.jpg" alt="Product Image"></a><p>Nuby Baby's First Spoons Set - (3-Pack) Feeding Utensils for Babies - 6+ Months</p><p> -40% 0FF </p><p>$5.97</p><a href="https://www.amazon.com/dp/B0CKJXWM44?tag=eloabder-20&linkCode=osi&th=1&psc=1">View Product</a></div><div class="product"><a href="https://www.amazon.com/dp/B0CKWJNQP4?tag=eloabder-20&linkCode=osi&th=1&psc=1"><img src="https://m.media-amazon.com/images/I/413epEJW7PL._SL500_.jpg" alt="Product Image"></a><p>Munchkin® Gentle Dip™ Multistage First Spoon Set for Baby Led Weaning, Self Feeding, Solids & Purees, 3 Pack, Coral/Purple</p><p> -35% 0FF </p><p>$6.49</p><a href="https://www.amazon.com/dp/B0CKWJNQP4?tag=eloabder-20&linkCode=osi&th=1&psc=1">View Product</a></div><div class="product"><a href="https://www.amazon.com/dp/B08MVST7H1?tag=eloabder-20&linkCode=osi&th=1&psc=1"><img src="https://m.media-amazon.com/images/I/319zTmlUj8L._SL500_.jpg" alt="Product Image"></a><p>PrimaStella Silicone Chew Spoon Set for Babies and Toddlers | Safety Tested | BPA Free | Microwave, Dishwasher and Freezer Safe</p><p> -33% 0FF </p><p>$7.99</p><a href="https://www.amazon.com/dp/B08MVST7H1?tag=eloabder-20&linkCode=osi&th=1&psc=1">View Product</a></div>
<div class="product"><a href="https://www.amazon.com/dp/B0D5Q2GKMX?tag=eloabder-20&linkCode=osi&th=1&psc=1"><img src="https://m.media-amazon.com/images/I/51PSbL1vo1L._SL500_.jpg" alt="Product Image"></a><p>Accombe 2 in 1 Baby Stroller, Convertible Bassinet Pushchair for Infants and Newborns 0-36 Months</p><p> -23% 0FF </p><p>$154.99</p><a href="https://www.amazon.com/dp/B0D5Q2GKMX?tag=eloabder-20&linkCode=osi&th=1&psc=1">View Product</a></div><div class="product"><a href="https://www.amazon.com/dp/B01FCDWZFC?tag=eloabder-20&linkCode=osi&th=1&psc=1"><img src="https://m.media-amazon.com/images/I/41jrn+R3+0L._SL500_.jpg" alt="Product Image"></a><p>Baby Trend Range Jogger Stroller, Millennium</p><p> -36% 0FF </p><p>$90.08</p><a href="https://www.amazon.com/dp/B01FCDWZFC?tag=eloabder-20&linkCode=osi&th=1&psc=1">View Product</a></div><div class="product"><a href="https://www.amazon.com/dp/B0BSP4K34F?tag=eloabder-20&linkCode=osi&th=1&psc=1"><img src="https://m.media-amazon.com/images/I/41zs0EAVv0L._SL500_.jpg" alt="Product Image"></a><p>Summer by Ingenuity 3Dquickclose CS+ Compact Fold Stroller, Car-Seat Compatible, Lightweight Stroller with Oversized Canopy, Extra-Large Storage</p><p> -19% 0FF </p><p>$80.74</p><a href="https://www.amazon.com/dp/B0BSP4K34F?tag=eloabder-20&linkCode=osi&th=1&psc=1">View Product</a></div><div class="product"><a href="https://www.amazon.com/dp/B08K2YFNDW?tag=eloabder-20&linkCode=osi&th=1&psc=1"><img src="https://m.media-amazon.com/images/I/41USzhsByBL._SL500_.jpg" alt="Product Image"></a><p>Graco Ready2Grow LX 2.0 Double Stroller Features Bench Seat and Standing Platform Options, Clark</p><p> -20% 0FF </p><p>$215.99</p><a href="https://www.amazon.com/dp/B08K2YFNDW?tag=eloabder-20&linkCode=osi&th=1&psc=1">View Product</a></div><div class="product"><a href="https://www.amazon.com/dp/B09FL82SRC?tag=eloabder-20&linkCode=osi&th=1&psc=1"><img src="https://m.media-amazon.com/images/I/41oWEq1J+SL._SL500_.jpg" alt="Product Image"></a><p>Mompush Wiz 2-in-1 Convertible Baby Stroller with Bassinet Mode - Foldable Infant Stroller to Explore More as a Family - Toddler Stroller with Reversible Stroller Seat</p><p> -30% 0FF </p><p>$159.99</p><a href="https://www.amazon.com/dp/B09FL82SRC?tag=eloabder-20&linkCode=osi&th=1&psc=1">View Product</a></div><div class="product"><a href="https://www.amazon.com/dp/B01JRY00C2?tag=eloabder-20&linkCode=osi&th=1&psc=1"><img src="https://m.media-amazon.com/images/I/41oyBwt71IL._SL500_.jpg" alt="Product Image"></a><p>Safety 1st Smooth Ride Travel System Stroller and Car Seat OnBoard™ FLX - Efficient Infant Car Seat Stroller and Infant Car Seat and Stroller Combo, Monument</p><p> -9% 0FF </p><p>$199.99</p><a href="https://www.amazon.com/dp/B01JRY00C2?tag=eloabder-20&linkCode=osi&th=1&psc=1">View Product</a></div>
<div class="product"><a href="https://www.amazon.com/dp/B08K2CN246?tag=eloabder-20&linkCode=osi&th=1&psc=1"><img src="https://m.media-amazon.com/images/I/41kw6Z5JVpL._SL500_.jpg" alt="Product Image"></a><p>Graco Soothe My Way with Removable Rocker, Madden - Versatile Baby Swing & Portable Rocker</p><p> -5% 0FF </p><p>$199.99</p><a href="https://www.amazon.com/dp/B08K2CN246?tag=eloabder-20&linkCode=osi&th=1&psc=1">View Product</a></div><div class="product"><a href="https://www.amazon.com/dp/B0CPTD1PS8?tag=eloabder-20&linkCode=osi&th=1&psc=1"><img src="https://m.media-amazon.com/images/I/31mjNCs4A0L._SL500_.jpg" alt="Product Image"></a><p>Maxi-Cosi Cassia Baby Swings for Infants: Smart Portable Baby Swing with Music, Lightweight & Foldable Baby Swing, 360 Rotation Infant Swing, Classic Oat</p><p> -14% 0FF </p><p>$172.65</p><a href="https://www.amazon.com/dp/B0CPTD1PS8?tag=eloabder-20&linkCode=osi&th=1&psc=1">View Product</a></div>
<div class="product"><a href="https://www.amazon.com/dp/B0795ZW85G?tag=eloabder-20&linkCode=osi&th=1&psc=1"><img src="https://m.media-amazon.com/images/I/41MJ3gfs90L._SL500_.jpg" alt="Product Image"></a><p>Kinsa Smart,Fever, Digital Medical Baby, Kid and Adult Termometro - Accurate, Fast, FDA Cleared Thermometer for Oral, Armpit or Rectal Temperature Reading - QuickCare</p><p> -27% 0FF </p><p>$21.97</p><a href="https://www.amazon.com/dp/B0795ZW85G?tag=eloabder-20&linkCode=osi&th=1&psc=1">View Product</a></div>
<div class="product"><a href="https://www.amazon.com/dp/B0866RV9SM?tag=eloabder-20&linkCode=osi&th=1&psc=1"><img src="https://m.media-amazon.com/images/I/41n5jaf1l8L._SL500_.jpg" alt="Product Image"></a><p>Dr. Brown's Infant-to-Toddler Training Toothbrush Set with Fluoride-Free Baby Toothpaste, Strawberry - Giraffe - 1.4oz - 0-3 years</p><p> -9% 0FF </p><p>$8.19</p><a href="https://www.amazon.com/dp/B0866RV9SM?tag=eloabder-20&linkCode=osi&th=1&psc=1">View Product</a></div>
<div class="product"><a href="https://www.amazon.com/dp/B079KV58DJ?tag=eloabder-20&linkCode=osi&th=1&psc=1"><img src="https://m.media-amazon.com/images/I/31a0bFQr94L._SL500_.jpg" alt="Product Image"></a><p>Dr. Talbot's Baby Toothpaste Naturally Inspired with Citroganix and Silicone Finger Gum Massager, Vanilla Milk Flavor</p><p> -35% 0FF </p><p>$3.87</p><a href="https://www.amazon.com/dp/B079KV58DJ?tag=eloabder-20&linkCode=osi&th=1&psc=1">View Product</a></div><div class="product"><a href="https://www.amazon.com/dp/B07GT9YRXD?tag=eloabder-20&linkCode=osi&th=1&psc=1"><img src="https://m.media-amazon.com/images/I/416EJX6PtPL._SL500_.jpg" alt="Product Image"></a><p>Baby Toothpaste 6 to 12 Months - Rain Fluoride Free Tooth Paste Gel for Infant Toddler Kids 0-6 Years and Up, Safe to Swallow, 2.8 Oz, Babies Training, Xylitol, Vitamin C, Vegan, SLS Free, Gluten Free</p><p> -25% 0FF </p><p>$13.94</p><a href="https://www.amazon.com/dp/B07GT9YRXD?tag=eloabder-20&linkCode=osi&th=1&psc=1">View Product</a></div>
<div class="product"><a href="https://www.amazon.com/dp/B0B9BMFS4X?tag=eloabder-20&linkCode=osi&th=1&psc=1"><img src="https://m.media-amazon.com/images/I/51QOy--SVyL._SL500_.jpg" alt="Product Image"></a><p>HOMEXCEL Baby Washcloths 24 Pack-Microfiber Coral Fleece Baby Bath Face Towel 7 x 9 Inch Extra Absorbent and Soft Burp Cloth and Wash Cloths for Newborn-Infants and Toddlers-Gentle On Sensitive Skin</p><p> -10% 0FF </p><p>$8.99</p><a href="https://www.amazon.com/dp/B0B9BMFS4X?tag=eloabder-20&linkCode=osi&th=1&psc=1">View Product</a></div>
<div class="product"><a href="https://www.amazon.com/dp/B00M2AAYG6?tag=eloabder-20&linkCode=osi&th=1&psc=1"><img src="https://m.media-amazon.com/images/I/41fixA-oZyL._SL500_.jpg" alt="Product Image"></a><p>Smart Steps 3.0 Activity Walker, Emily</p><p> -20% 0FF </p><p>$39.98</p><a href="https://www.amazon.com/dp/B00M2AAYG6?tag=eloabder-20&linkCode=osi&th=1&psc=1">View Product</a></div><div class="product"><a href="https://www.amazon.com/dp/B0C4PB4QN3?tag=eloabder-20&linkCode=osi&th=1&psc=1"><img src="https://m.media-amazon.com/images/I/41a0CSHVcBL._SL500_.jpg" alt="Product Image"></a><p>Wismind Baby Walker Foldable with 9 Adjustable Heights, Baby Walkers and Activity Center for Boys Girls Babies 7-18 Months, Baby Walker with Wheels Portable</p><p> -30% 0FF </p><p>$69.99</p><a href="https://www.amazon.com/dp/B0C4PB4QN3?tag=eloabder-20&linkCode=osi&th=1&psc=1">View Product</a></div><div class="product"><a href="https://www.amazon.com/dp/B074ZDNJBD?tag=eloabder-20&linkCode=osi&th=1&psc=1"><img src="https://m.media-amazon.com/images/I/41WJhym-67L._SL500_.jpg" alt="Product Image"></a><p>Fisher-Price Baby Toy Laugh & Learn Smart Stages Learn with Puppy Walker with Music Lights & Activities for Infants Ages 6+ Months</p><p> -20% 0FF </p><p>$19.97</p><a href="https://www.amazon.com/dp/B074ZDNJBD?tag=eloabder-20&linkCode=osi&th=1&psc=1">View Product</a></div><div class="product"><a href="https://www.amazon.com/dp/B0CPP7HFVY?tag=eloabder-20&linkCode=osi&th=1&psc=1"><img src="https://m.media-amazon.com/images/I/51L9TuZYYDL._SL500_.jpg" alt="Product Image"></a><p>Tiny Land Wooden Baby Walker, Baby Push Walker, Montessori Walker Toy, Adjustable Speed Baby Walker for Boys and Girls, Baby Activity Center, Push Toys for Kids Development</p><p> -6% 0FF </p><p>$79.99</p><a href="https://www.amazon.com/dp/B0CPP7HFVY?tag=eloabder-20&linkCode=osi&th=1&psc=1">View Product</a></div><div class="product"><a href="https://www.amazon.com/dp/B09QNK7BD9?tag=eloabder-20&linkCode=osi&th=1&psc=1"><img src="https://m.media-amazon.com/images/I/417kGxszQCL._SL500_.jpg" alt="Product Image"></a><p>Bright Starts Disney Baby Minnie Mouse Forever Besties 2-in-1 Baby Activity Walker - Easy Fold Frame and Removable -Toy Station, 6 Months and up</p><p> -17% 0FF </p><p>$49.98</p><a href="https://www.amazon.com/dp/B09QNK7BD9?tag=eloabder-20&linkCode=osi&th=1&psc=1">View Product</a></div>
<div class="product"><a href="https://www.amazon.com/dp/B078XYF78X?tag=eloabder-20&linkCode=osi&th=1&psc=1"><img src="https://m.media-amazon.com/images/I/41cDmYF13wL._SL500_.jpg" alt="Product Image"></a><p>Huggies Simply Clean Fragrance-Free Baby Wipes, Unscented Diaper Wipes, 1 Flip-Top Pack (64 Wipes Total)</p><p> -21% 0FF </p><p>$2.17 ($3.39 / 100 Count)</p><a href="https://www.amazon.com/dp/B078XYF78X?tag=eloabder-20&linkCode=osi&th=1&psc=1">View Product</a></div><div class="product"><a href="https://www.amazon.com/dp/B08QRT84WJ?tag=eloabder-20&linkCode=osi&th=1&psc=1"><img src="https://m.media-amazon.com/images/I/51vfRHDV3QL._SL500_.jpg" alt="Product Image"></a><p>Huggies Natural Care Sensitive Baby Wipes, Unscented, Hypoallergenic, 6 Flip-Top Packs (288 Wipes Total)</p><p> -15% 0FF </p><p>$11.33 ($3.93 / 100 Count)</p><a href="https://www.amazon.com/dp/B08QRT84WJ?tag=eloabder-20&linkCode=osi&th=1&psc=1">View Product</a></div><div class="product"><a href="https://www.amazon.com/dp/B0CNSCVGPH?tag=eloabder-20&linkCode=osi&th=1&psc=1"><img src="https://m.media-amazon.com/images/I/51oFmARUYLL._SL500_.jpg" alt="Product Image"></a><p>Huggies Simply Clean Fresh Scent Baby Wipes, 3 Flip-Top Packs of 64 (192 Wipes Total)</p><p> -13% 0FF </p><p>$6.77 ($3.53 / 100 Count)</p><a href="https://www.amazon.com/dp/B0CNSCVGPH?tag=eloabder-20&linkCode=osi&th=1&psc=1">View Product</a></div><div class="product"><a href="https://www.amazon.com/dp/B07KGL6L56?tag=eloabder-20&linkCode=osi&th=1&psc=1"><img src="https://m.media-amazon.com/images/I/41mNPe9fqbL._SL500_.jpg" alt="Product Image"></a><p>Pampers Baby Clean Wipes, Baby Fresh Scented Baby Wipes, 72 Baby Wipes Total (1 Flip-Top Pack)</p><p> -27% 0FF </p><p>$2.49 ($3.46 / 100 Count)</p><a href="https://www.amazon.com/dp/B07KGL6L56?tag=eloabder-20&linkCode=osi&th=1&psc=1">View Product</a></div><div class="product"><a href="https://www.amazon.com/dp/B07XMFVN95?tag=eloabder-20&linkCode=osi&th=1&psc=1"><img src="https://m.media-amazon.com/images/I/51-VIf1JGuL._SL500_.jpg" alt="Product Image"></a><p>Amazon Brand - Mama Bear Gentle Fragrance Free Baby Wipes, Hypoallergenic, Sensitive Skin, Unscented, 800 Count (8 Packs of 100)</p><p> -11% 0FF </p><p>$20.59</p><a href="https://www.amazon.com/dp/B07XMFVN95?tag=eloabder-20&linkCode=osi&th=1&psc=1">View Product</a></div>
<div class="product"><a href="https://www.amazon.com/dp/B082PSKBXV?tag=eloabder-20&linkCode=osi&th=1&psc=1"><img src="https://m.media-amazon.com/images/I/41e-U+REwlL._SL500_.jpg" alt="Product Image"></a><p>Baby Wrap Carrier Jeroray Hands Free Infant Carrier,Lightweight,Breathable,Softness,Heather Grey</p><p> -11% 0FF </p><p>$19.59</p><a href="https://www.amazon.com/dp/B082PSKBXV?tag=eloabder-20&linkCode=osi&th=1&psc=1">View Product</a></div>
<div class="product"><a href="https://www.amazon.com/dp/B0771L5HN5?tag=eloabder-20&linkCode=osi&th=1&psc=1"><img src="https://m.media-amazon.com/images/I/51pAl1My4tL._SL500_.jpg" alt="Product Image"></a><p>Corner Protector for Baby, Protectors Guards, Furniture Corner Guard & Edge Safety Bumpers - Baby Proof Bumper Cushion - Clear & Transparent (12 Pack)</p><p> -11% 0FF </p><p>$7.98 ($0.66 / Count)</p><a href="https://www.amazon.com/dp/B0771L5HN5?tag=eloabder-20&linkCode=osi&th=1&psc=1">View Product</a></div><div class="product"><a href="https://www.amazon.com/dp/B07CNS8W5Y?tag=eloabder-20&linkCode=osi&th=1&psc=1"><img src="https://m.media-amazon.com/images/I/41Hxr+wFkkL._SL500_.jpg" alt="Product Image"></a><p>12 Pack Corner Guards Corner Protectors Baby Proof Furniture Corner & Edge Safety Bumpers, Table Corner Protector for Furniture Corner Covers Baby Safety</p><p> -17% 0FF </p><p>$4.99</p><a href="https://www.amazon.com/dp/B07CNS8W5Y?tag=eloabder-20&linkCode=osi&th=1&psc=1">View Product</a></div>
<div class="product"><a href="https://www.amazon.com/dp/B0BDFB3LW6?tag=eloabder-20&linkCode=osi&th=1&psc=1"><img src="https://m.media-amazon.com/images/I/31HyDb7637L._SL500_.jpg" alt="Product Image"></a><p>Baby Proofing Cabinets,Cabinet Locks for Babies,U-Shaped Child Locks for Cabinets, Child Proof Cabinet Latches,Child Safety Cabinet Locks with Adjustable by SPISPI (Pack of 2)</p><p> -30% 0FF </p><p>$6.99</p><a href="https://www.amazon.com/dp/B0BDFB3LW6?tag=eloabder-20&linkCode=osi&th=1&psc=1">View Product</a></div><div class="product"><a href="https://www.amazon.com/dp/B07GRNTXJZ?tag=eloabder-20&linkCode=osi&th=1&psc=1"><img src="https://m.media-amazon.com/images/I/41WR7vsRvML._SL500_.jpg" alt="Product Image"></a><p>Upgraded Invisible Baby Proofing Cabinet Latch Locks (10 Pack) - No Drilling or Tools Required for Installation, Works with Most Cabinets and Drawers, Works with Countertop Overhangs, Highly Secure</p><p> -33% 0FF </p><p>$19.99</p><a href="https://www.amazon.com/dp/B07GRNTXJZ?tag=eloabder-20&linkCode=osi&th=1&psc=1">View Product</a></div><div class="product"><a href="https://www.amazon.com/dp/B07TV9QY16?tag=eloabder-20&linkCode=osi&th=1&psc=1"><img src="https://m.media-amazon.com/images/I/31CzUhfEf9S._SL500_.jpg" alt="Product Image"></a><p>Child Safety Cabinet Locks - (10 Pack) Baby Proofing Latches to Drawer Door Fridge Oven Toilet Seat Kitchen Cupboard Appliance Trash Can with 3M Adhesive - Adjustable Strap No Drill No Tool</p><p> -25% 0FF </p><p>$14.99</p><a href="https://www.amazon.com/dp/B07TV9QY16?tag=eloabder-20&linkCode=osi&th=1&psc=1">View Product</a></div><div class="product"><a href="https://www.amazon.com/dp/B0D7W79D9T?tag=eloabder-20&linkCode=osi&th=1&psc=1"><img src="https://m.media-amazon.com/images/I/31awaiU9CVL._SL500_.jpg" alt="Product Image"></a><p>Baby Proofing Cabinets, Sliding Cabinet Locks for Babies, Adjustable U Shaped Baby Safety Locks, Childproof Cabinet Latch for Kitchen, Bathroom, Drawer, Cupboard Doors Knobs & Handles (2Pack White)</p><p> -25% 0FF </p><p>$2.99</p><a href="https://www.amazon.com/dp/B0D7W79D9T?tag=eloabder-20&linkCode=osi&th=1&psc=1">View Product</a></div><div class="product"><a href="https://www.amazon.com/dp/B07K2PWN19?tag=eloabder-20&linkCode=osi&th=1&psc=1"><img src="https://m.media-amazon.com/images/I/41UlC3lEJaS._SL500_.jpg" alt="Product Image"></a><p>Cabinet Locks - Adoric Life Child Safety Locks 4 Pack - Baby Safety Cabinet Locks - Baby Proofing Cabinet Kitchen System with Strong Adhesive Tape</p><p> -46% 0FF </p><p>$6.99</p><a href="https://www.amazon.com/dp/B07K2PWN19?tag=eloabder-20&linkCode=osi&th=1&psc=1">View Product</a></div>
<div class="product"><a href="https://www.amazon.com/dp/B007IUOG5A?tag=eloabder-20&linkCode=osi&th=1&psc=1"><img src="https://m.media-amazon.com/images/I/31+8zGGzplL._SL500_.jpg" alt="Product Image"></a><p>Safety Innovations Twin Door Baby Safety Outlet Cover Box for Babyproofing Outlets - More Interior Space for Extra Large Electrical Plugs and Adapters - Easy to Install - Easy to Use, (1-Pack)</p><p> -33% 0FF </p><p>$9.95</p><a href="https://www.amazon.com/dp/B007IUOG5A?tag=eloabder-20&linkCode=osi&th=1&psc=1">View Product</a></div><div class="product"><a href="https://www.amazon.com/dp/B000HKVG9C?tag=eloabder-20&linkCode=osi&th=1&psc=1"><img src="https://m.media-amazon.com/images/I/41RdFKMVyCL._SL500_.jpg" alt="Product Image"></a><p>Safety 1st Outlet Cover with Cord Shortener for Baby Proofing</p><p> -9% 0FF </p><p>$4.98</p><a href="https://www.amazon.com/dp/B000HKVG9C?tag=eloabder-20&linkCode=osi&th=1&psc=1">View Product</a></div><div class="product"><a href="https://www.amazon.com/dp/B01N7H7J47?tag=eloabder-20&linkCode=osi&th=1&psc=1"><img src="https://m.media-amazon.com/images/I/414dT3xocLL._SL500_.jpg" alt="Product Image"></a><p>Outlet Covers Baby Proofing (50 Pack) Safe & Secure Electric Plug Protectors | Sturdy Childproof Socket Covers for Home & Office | Easy Installation | Protect Toddlers & Babies | White</p><p> -31% 0FF </p><p>$8.99</p><a href="https://www.amazon.com/dp/B01N7H7J47?tag=eloabder-20&linkCode=osi&th=1&psc=1">View Product</a></div>
<div class="product"><a href="https://www.amazon.com/dp/B08SQYKXCH?tag=eloabder-20&linkCode=osi&th=1&psc=1"><img src="https://m.media-amazon.com/images/I/51NMUNJ6CmL._SL500_.jpg" alt="Product Image"></a><p>Baby Proofing Edge Corner Protector, Table Bumper Guard, Soft Rubber Foam Guard, 3M Pre-Taped Corners, 20.5 ft (18.1ft Edge + 8 Corners) Baby Proof Corner Guard Heavy-Duty (18.1ft, Cream White)</p><p> -5% 0FF </p><p>$15.75</p><a href="https://www.amazon.com/dp/B08SQYKXCH?tag=eloabder-20&linkCode=osi&th=1&psc=1">View Product</a></div>
<div class="product"><a href="https://www.amazon.com/dp/B082LN53Y4?tag=eloabder-20&linkCode=osi&th=1&psc=1"><img src="https://m.media-amazon.com/images/I/51MQ1RC2tuL._SL500_.jpg" alt="Product Image"></a><p>Baby Car Mirror Most Stable Backseat Mirror with Premium Matte Finish-Super Clear PMMA Material Mirror-Safe, Secure and Shatterproof,Black</p><p> -53% 0FF </p><p>$7.99</p><a href="https://www.amazon.com/dp/B082LN53Y4?tag=eloabder-20&linkCode=osi&th=1&psc=1">View Product</a></div><div class="product"><a href="https://www.amazon.com/dp/B07MT8HXVC?tag=eloabder-20&linkCode=osi&th=1&psc=1"><img src="https://m.media-amazon.com/images/I/51lvNQUNxjL._SL500_.jpg" alt="Product Image"></a><p>Baby Car Mirror, DARVIQS Seat Safely Monitor Infant Child in Rear Facing Seat, Wide View Shatterproof Adjustable Acrylic 360°for Backseat, Crash Tested and Certified for Safety</p><p> -15% 0FF </p><p>$12.69</p><a href="https://www.amazon.com/dp/B07MT8HXVC?tag=eloabder-20&linkCode=osi&th=1&psc=1">View Product</a></div><div class="product"><a href="https://www.amazon.com/dp/B01K478YBA?tag=eloabder-20&linkCode=osi&th=1&psc=1"><img src="https://m.media-amazon.com/images/I/413tQ4nkWHL._SL500_.jpg" alt="Product Image"></a><p>Shynerk Baby Car Mirror, Rear Facing Car Seat Mirror Safety for Infant Newborn, Baby Mirror with Wide Rearview & 360° Rotation, Shatterproof & Easy Assembled Crash Tested</p><p> -38% 0FF </p><p>$15.99</p><a href="https://www.amazon.com/dp/B01K478YBA?tag=eloabder-20&linkCode=osi&th=1&psc=1">View Product</a></div><div class="product"><a href="https://www.amazon.com/dp/B08FLH1SHC?tag=eloabder-20&linkCode=osi&th=1&psc=1"><img src="https://m.media-amazon.com/images/I/31HQAIIlPlL._SL500_.jpg" alt="Product Image"></a><p>Munchkin® Brica® 360 Pivot Baby in-Sight® Wide Angle Adjustable Car Mirror, Crash Tested and Shatter Resistant, Black</p><p> -11% 0FF </p><p>$20.52</p><a href="https://www.amazon.com/dp/B08FLH1SHC?tag=eloabder-20&linkCode=osi&th=1&psc=1">View Product</a></div><div class="product"><a href="https://www.amazon.com/dp/B0DD43HCBS?tag=eloabder-20&linkCode=osi&th=1&psc=1"><img src="https://m.media-amazon.com/images/I/411RbPJWuRL._SL500_.jpg" alt="Product Image"></a><p>WZBB Baby Car Mirror with Light - Remote Control, 360° Adjustable, Shatter Resistant, Clear Night Vision, Easy Installation for Rear Facing Infants and Toddlers</p><p> -22% 0FF </p><p>$27.98</p><a href="https://www.amazon.com/dp/B0DD43HCBS?tag=eloabder-20&linkCode=osi&th=1&psc=1">View Product</a></div>
<div class="product"><a href="https://www.amazon.com/dp/B000JVCJDQ?tag=eloabder-20&linkCode=osi&th=1&psc=1"><img src="https://m.media-amazon.com/images/I/41o-rEGfj5L._SL500_.jpg" alt="Product Image"></a><p>Earth Mama Organic Diaper Balm | Diaper Cream with Calendula | Calm Skin Baby Essentials for Diaper Bag |Multipurpose Baby Ointment, 2-Fluid Ounce (2-Pack)</p><p> -30% 0FF </p><p>$26.58</p><a href="https://www.amazon.com/dp/B000JVCJDQ?tag=eloabder-20&linkCode=osi&th=1&psc=1">View Product</a></div><div class="product"><a href="https://www.amazon.com/dp/B006YTX0HQ?tag=eloabder-20&linkCode=osi&th=1&psc=1"><img src="https://m.media-amazon.com/images/I/41WJwvRm5aL._SL500_.jpg" alt="Product Image"></a><p>Burt's Bees Christmas Gifts, Baby 100% Natural Multipurpose Healing Ointment, Face & Body Baby Ointment – 7.5 Ounce Tub</p><p> -16% 0FF </p><p>$7.59 ($1.01 / Ounce)</p><a href="https://www.amazon.com/dp/B006YTX0HQ?tag=eloabder-20&linkCode=osi&th=1&psc=1">View Product</a></div><div class="product"><a href="https://www.amazon.com/dp/B01HI7VY84?tag=eloabder-20&linkCode=osi&th=1&psc=1"><img src="https://m.media-amazon.com/images/I/41tnCnueEWL._SL500_.jpg" alt="Product Image"></a><p>Aveeno Baby Eczema Therapy Nighttime Moisturizing Body Balm, Nourishing Skin Protectant Soothes & Relieves Dry, Itchy Skin from Eczema, Hypoallergenic, Fragrance- & Steroid-Free, 11 oz</p><p> -28% 0FF </p><p>$19.37 ($1.76 / Ounce)</p><a href="https://www.amazon.com/dp/B01HI7VY84?tag=eloabder-20&linkCode=osi&th=1&psc=1">View Product</a></div><div class="product"><a href="https://www.amazon.com/dp/B078B9JPLX?tag=eloabder-20&linkCode=osi&th=1&psc=1"><img src="https://m.media-amazon.com/images/I/31V-kg6EG5L._SL500_.jpg" alt="Product Image"></a><p>Earth Mama Organic Baby Face Nose & Cheek Balm | Moisturizer with Calendula Oil for Dry Skin Care, Natural Petroleum Jelly Alternative (2-Fluid Ounce)</p><p> -9% 0FF </p><p>$9.99 ($5.00 / Ounce)</p><a href="https://www.amazon.com/dp/B078B9JPLX?tag=eloabder-20&linkCode=osi&th=1&psc=1">View Product</a></div>
<div class="product"><a href="https://www.amazon.com/dp/B0C6V4KH59?tag=eloabder-20&linkCode=osi&th=1&psc=1"><img src="https://m.media-amazon.com/images/I/41-m52lOZwL._SL500_.jpg" alt="Product Image"></a><p>HALO Baby Flex BassiNest, Adjustable Travel Bassinet, Easy Folding, Lightweight with Mattress and Carrying Bag, Morning Mist</p><p> -50% 0FF </p><p>$49.99</p><a href="https://www.amazon.com/dp/B0C6V4KH59?tag=eloabder-20&linkCode=osi&th=1&psc=1">View Product</a></div><div class="product"><a href="https://www.amazon.com/dp/B0C7VRMHYY?tag=eloabder-20&linkCode=osi&th=1&psc=1"><img src="https://m.media-amazon.com/images/I/41XOT8oQMML._SL500_.jpg" alt="Product Image"></a><p>AirClub Bassinet Bedside Sleeper, Baby Crib for Newborn, Baby Bassinets Bedside Sleeper with 4 Auto-Lock & Adjustable Height, Breathable Mesh & Mattress, Bedside Bassinet</p><p> -25% 0FF </p><p>$149.99</p><a href="https://www.amazon.com/dp/B0C7VRMHYY?tag=eloabder-20&linkCode=osi&th=1&psc=1">View Product</a></div><div class="product"><a href="https://www.amazon.com/dp/B0CB3HVPL7?tag=eloabder-20&linkCode=osi&th=1&psc=1"><img src="https://m.media-amazon.com/images/I/41AO8J-9fZL._SL500_.jpg" alt="Product Image"></a><p>Fodoss Baby Bassinets Bedside Sleeper - All Mesh Bedside Bassinet with Wheels, 7 Height Adjustable Baby Bassinet for Infants, Beige</p><p> -10% 0FF </p><p>$89.99</p><a href="https://www.amazon.com/dp/B0CB3HVPL7?tag=eloabder-20&linkCode=osi&th=1&psc=1">View Product</a></div><div class="product"><a href="https://www.amazon.com/dp/B0CXG8NVBP?tag=eloabder-20&linkCode=osi&th=1&psc=1"><img src="https://m.media-amazon.com/images/I/3173PjIYwrL._SL500_.jpg" alt="Product Image"></a><p>Graco® SmartSense™ Soothing Baby Bassinet – Smart Newborn Bassinet Detects and Automatically Responds to Baby's Cries – for Newborn Babies to 6 Months</p><p> -20% 0FF </p><p>$319.99</p><a href="https://www.amazon.com/dp/B0CXG8NVBP?tag=eloabder-20&linkCode=osi&th=1&psc=1">View Product</a></div><div class="product"><a href="https://www.amazon.com/dp/B08K3314ZL?tag=eloabder-20&linkCode=osi&th=1&psc=1"><img src="https://m.media-amazon.com/images/I/41pUDfJ9dAL._SL500_.jpg" alt="Product Image"></a><p>Graco Pack 'n Play Close2Baby Bassinet Playard Features Portable Bassinet Diaper Changer and More, Derby</p><p> -6% 0FF </p><p>$188.09</p><a href="https://www.amazon.com/dp/B08K3314ZL?tag=eloabder-20&linkCode=osi&th=1&psc=1">View Product</a></div><div class="product"><a href="https://www.amazon.com/dp/B0CTKT6641?tag=eloabder-20&linkCode=osi&th=1&psc=1"><img src="https://m.media-amazon.com/images/I/31pNKDUBgDL._SL500_.jpg" alt="Product Image"></a><p>Baby Delight Beside Me Dreamer Bassinet | Bedside Sleeper & Baby Bassinet | 6-Position Height Adjustment | 100% GOTS Certified Organic Cotton Fabric | Organic Mocha</p><p> -22% 0FF </p><p>$139.99</p><a href="https://www.amazon.com/dp/B0CTKT6641?tag=eloabder-20&linkCode=osi&th=1&psc=1">View Product</a></div><div class="product"><a href="https://www.amazon.com/dp/B09XHKL683?tag=eloabder-20&linkCode=osi&th=1&psc=1"><img src="https://m.media-amazon.com/images/I/611wEYRVaUL._SL500_.jpg" alt="Product Image"></a><p>Baby Bassinet Bedside Sleeper, besrey Bedside Bassinet for Newborn Infant with Comfy Mattress, 9 Height Positions, Adjustable Bedside Crib with 360° Swivel Wheels Bassinet for Baby with Storage Basket</p><p> -27% 0FF </p><p>$153.99</p><a href="https://www.amazon.com/dp/B09XHKL683?tag=eloabder-20&linkCode=osi&th=1&psc=1">View Product</a></div>
<div class="product"><a href="https://www.amazon.com/dp/B08CNM6DZT?tag=eloabder-20&linkCode=osi&th=1&psc=1"><img src="https://m.media-amazon.com/images/I/51D5+ArDsWL._SL500_.jpg" alt="Product Image"></a><p>Comfortable Bath Kneeler and Elbow Kneeling Rest Pad for Baby Bathing Parents - Painless Foam Mat with Toy Organizer Pockets - Quick Drying, Foldable, Non-Slip for Baby and Toddler Bathing</p><p> -20% 0FF </p><p>$41.97</p><a href="https://www.amazon.com/dp/B08CNM6DZT?tag=eloabder-20&linkCode=osi&th=1&psc=1">View Product</a></div><div class="product"><a href="https://www.amazon.com/dp/B07FK58QB1?tag=eloabder-20&linkCode=osi&th=1&psc=1"><img src="https://m.media-amazon.com/images/I/41qpzgGaHVL._SL500_.jpg" alt="Product Image"></a><p>Skip Hop Moby Bath Kneeler, Grey</p><p> -20% 0FF </p><p>$14.39</p><a href="https://www.amazon.com/dp/B07FK58QB1?tag=eloabder-20&linkCode=osi&th=1&psc=1">View Product</a></div><div class="product"><a href="https://www.amazon.com/dp/B081T5449V?tag=eloabder-20&linkCode=osi&th=1&psc=1"><img src="https://m.media-amazon.com/images/I/41bxm5Tx9BL._SL500_.jpg" alt="Product Image"></a><p>Toodly Baby Bath Kneeler and Elbow Rest Pad Set - Baby Bath Support for Knees and Elbows - Bath Kneeler Pad with Memory Foam and Bath Toys Organizer - Ideal Bath Kneeling Pad for Bathing Baby - Grey</p><p> -33% 0FF </p><p>$39.99</p><a href="https://www.amazon.com/dp/B081T5449V?tag=eloabder-20&linkCode=osi&th=1&psc=1">View Product</a></div><div class="product"><a href="https://www.amazon.com/dp/B07K1W7WN5?tag=eloabder-20&linkCode=osi&th=1&psc=1"><img src="https://m.media-amazon.com/images/I/31c0BxxJKZL._SL500_.jpg" alt="Product Image"></a><p>Skip Hop Baby Bath All-in-One Elbow Saver and Kneeler, Moby, Grey</p><p> -22% 0FF </p><p>$29.49</p><a href="https://www.amazon.com/dp/B07K1W7WN5?tag=eloabder-20&linkCode=osi&th=1&psc=1">View Product</a></div><div class="product"><a href="https://www.amazon.com/dp/B0CP48MH77?tag=eloabder-20&linkCode=osi&th=1&psc=1"><img src="https://m.media-amazon.com/images/I/41hoDZTiOEL._SL500_.jpg" alt="Product Image"></a><p>Efforest Baby Bath Kneeler and Elbow Rest Pad Set, 1.5" Thick Kneeling Pad for Baby Bath, Bathtub Kneeling pad with Toy Organizer for Knee & Arm Support, Non-Slip Mat for Baby & Toddler Bath</p><p> -50% 0FF </p><p>$17.48</p><a href="https://www.amazon.com/dp/B0CP48MH77?tag=eloabder-20&linkCode=osi&th=1&psc=1">View Product</a></div><div class="product"><a href="https://www.amazon.com/dp/B07WQTV19X?tag=eloabder-20&linkCode=osi&th=1&psc=1"><img src="https://m.media-amazon.com/images/I/41KGpUoWZ-S._SL500_.jpg" alt="Product Image"></a><p>Bath Kneeler and Elbow Rest Pad, 1.75 inch Extra Thick Baby Bath Kneeling Pad and Elbow Pad for Bathtub. Bath Tub Elbow Pad with Infant Toy and Baby Accessories Organizer, Grey</p><p> -13% 0FF </p><p>$34.99</p><a href="https://www.amazon.com/dp/B07WQTV19X?tag=eloabder-20&linkCode=osi&th=1&psc=1">View Product</a></div>
<div class="product"><a href="https://www.amazon.com/dp/B00I3K25R0?tag=eloabder-20&linkCode=osi&th=1&psc=1"><img src="https://m.media-amazon.com/images/I/41wucHZw+xL._SL500_.jpg" alt="Product Image"></a><p>Munchkin® Float & Play Bubbles™ Baby and Toddler Bath Toy, 4 Count</p><p> -35% 0FF </p><p>$6.15</p><a href="https://www.amazon.com/dp/B00I3K25R0?tag=eloabder-20&linkCode=osi&th=1&psc=1">View Product</a></div><div class="product"><a href="https://www.amazon.com/dp/B0C3VFVWYB?tag=eloabder-20&linkCode=osi&th=1&psc=1"><img src="https://m.media-amazon.com/images/I/41Cr35zwy4L._SL500_.jpg" alt="Product Image"></a><p>XY-WQ Bath Toys No Hole, for Infants 6-12& Toddlers 1-3, No Hole Bathtub Toys (Animal Ⅱ, 8 Pcs with Mesh Bag)</p><p> -25% 0FF </p><p>$11.99</p><a href="https://www.amazon.com/dp/B0C3VFVWYB?tag=eloabder-20&linkCode=osi&th=1&psc=1">View Product</a></div><div class="product"><a href="https://www.amazon.com/dp/B0D95ZDWD3?tag=eloabder-20&linkCode=osi&th=1&psc=1"><img src="https://m.media-amazon.com/images/I/51J3Myxu1lL._SL500_.jpg" alt="Product Image"></a><p>candyfouse Baby Whale Bath Toys,Whale Bath Toy Sprinkler, Light Up Bath Toys for Toddlers 1-3, Four Water Spray Patterns, Waterproof Design, Bathtub Fountain Spray Toy, Baby Birthday Shower Gifts</p><p> -40% 0FF </p><p>$5.99</p><a href="https://www.amazon.com/dp/B0D95ZDWD3?tag=eloabder-20&linkCode=osi&th=1&psc=1">View Product</a></div><div class="product"><a href="https://www.amazon.com/dp/B07Z22YMPN?tag=eloabder-20&linkCode=osi&th=1&psc=1"><img src="https://m.media-amazon.com/images/I/5101dLkJnoL._SL500_.jpg" alt="Product Image"></a><p>Toy Boat Bath Toys for Toddlers with 4 Mini Car Toys and 4 Bath Boat Squirters, Kids Ferry Boat for Bathtub Bathroom Pool Beach Toys</p><p> -50% 0FF </p><p>$13.47</p><a href="https://www.amazon.com/dp/B07Z22YMPN?tag=eloabder-20&linkCode=osi&th=1&psc=1">View Product</a></div><div class="product"><a href="https://www.amazon.com/dp/B0C72TGNHL?tag=eloabder-20&linkCode=osi&th=1&psc=1"><img src="https://m.media-amazon.com/images/I/51AOyTHwqrL._SL500_.jpg" alt="Product Image"></a><p>SplashEZ Mold Free Bath Toys for Babies & Toddlers, Car No Hole Bath Toys, Non Squirting Bath Toys No Mold for Tub, Beach, Pool, BPA-Free, Safe, Fun Infant Baby Bath Toys No Holes 0 1 3 6 12 18 Months</p><p> -38% 0FF </p><p>$9.99</p><a href="https://www.amazon.com/dp/B0C72TGNHL?tag=eloabder-20&linkCode=osi&th=1&psc=1">View Product</a></div>
<div class="product"><a href="https://www.amazon.com/dp/B078941ZC8?tag=eloabder-20&linkCode=osi&th=1&psc=1"><img src="https://m.media-amazon.com/images/I/31ltY+yutGL._SL500_.jpg" alt="Product Image"></a><p>Summer by Ingenuity My Bath Seat for Sit-Up Baby Bathing, Sure & Secure Suction Cups, ASTM Safety Tested & Approved, Backrest for Assisted Sitting, Easy Setup & Storage, Aqua</p><p> -34% 0FF </p><p>$23.16</p><a href="https://www.amazon.com/dp/B078941ZC8?tag=eloabder-20&linkCode=osi&th=1&psc=1">View Product</a></div><div class="product"><a href="https://www.amazon.com/dp/B0DCZ4F9MT?tag=eloabder-20&linkCode=osi&th=1&psc=1"><img src="https://m.media-amazon.com/images/I/31BF+egPyoL._SL500_.jpg" alt="Product Image"></a><p>Baby Bath Seat for Babies 6 Months & Up, Bath Seats for Babies Sitting Up, 3 Baby Bath Toys, Open Design, Non-Slip, Compact Toddler Bath Seat.</p><p> -6% 0FF </p><p>$39.99</p><a href="https://www.amazon.com/dp/B0DCZ4F9MT?tag=eloabder-20&linkCode=osi&th=1&psc=1">View Product</a></div><div class="product"><a href="https://www.amazon.com/dp/B0CSCYM2NW?tag=eloabder-20&linkCode=osi&th=1&psc=1"><img src="https://m.media-amazon.com/images/I/31Vbrx5q63L._SL500_.jpg" alt="Product Image"></a><p>Trankerloop Baby Bath Seat, Bath Seat for Baby 6 Month & up, Baby Bath tub Seat with Suction Cups, Non-Slip, Detachable, Pink</p><p> -11% 0FF </p><p>$39.99</p><a href="https://www.amazon.com/dp/B0CSCYM2NW?tag=eloabder-20&linkCode=osi&th=1&psc=1">View Product</a></div><div class="product"><a href="https://www.amazon.com/dp/B0CJF7WSCV?tag=eloabder-20&linkCode=osi&th=1&psc=1"><img src="https://m.media-amazon.com/images/I/41r0TqNTb+L._SL500_.jpg" alt="Product Image"></a><p>BKFEDLU Infant Bath Seat with Thermometer, Suction Cups, Toys - Toddler Bath Chair for Babies 6 Months & Up</p><p> -50% 0FF </p><p>$19.99</p><a href="https://www.amazon.com/dp/B0CJF7WSCV?tag=eloabder-20&linkCode=osi&th=1&psc=1">View Product</a></div><div class="product"><a href="https://www.amazon.com/dp/B0CRYFHT1G?tag=eloabder-20&linkCode=osi&th=1&psc=1"><img src="https://m.media-amazon.com/images/I/41nKT+O2y1L._SL500_.jpg" alt="Product Image"></a><p>Baby Bath Seat LDIIDII Baby Bathtub Seat Infant Bath Seat for Babies 6 Months&Up Sit Up Bathing in Tub,Toddler Bath Seat with Water Thermometer/4 Strong Suction Cup/3 Bath Toys/Shower Cap (Grey)</p><p> -50% 0FF </p><p>$19.99</p><a href="https://www.amazon.com/dp/B0CRYFHT1G?tag=eloabder-20&linkCode=osi&th=1&psc=1">View Product</a></div><div class="product"><a href="https://www.amazon.com/dp/B0D9VMXND1?tag=eloabder-20&linkCode=osi&th=1&psc=1"><img src="https://m.media-amazon.com/images/I/41UIJrNYB2L._SL500_.jpg" alt="Product Image"></a><p>Baby Bath Seat for Babies 6 Months & Up, Non-Slip Toddler Bath Seat for Baby Sitting Up, Safe Baby Bath tub Seat with Suction Cups, Soft Cushion, Baby Bath Chair, Gray</p><p> -13% 0FF </p><p>$39.99</p><a href="https://www.amazon.com/dp/B0D9VMXND1?tag=eloabder-20&linkCode=osi&th=1&psc=1">View Product</a></div><div class="product"><a href="https://www.amazon.com/dp/B0CR78TDQS?tag=eloabder-20&linkCode=osi&th=1&psc=1"><img src="https://m.media-amazon.com/images/I/41nFTXKoQGL._SL500_.jpg" alt="Product Image"></a><p>Wddbb Baby Bath Seat, Bath seat for Babies 6 Months & up, with Thermometer Bath Seats for Babies Sitting up, Non-Slip Toddler Bath Seat for Baby,Baby Bathtub Baby Bath Seats 6-24 Months (Gray)</p><p> -50% 0FF </p><p>$19.98</p><a href="https://www.amazon.com/dp/B0CR78TDQS?tag=eloabder-20&linkCode=osi&th=1&psc=1">View Product</a></div>
<div class="product"><a href="https://www.amazon.com/dp/B073GGVN3Q?tag=eloabder-20&linkCode=osi&th=1&psc=1"><img src="https://m.media-amazon.com/images/I/31vxBAs9CqL._SL500_.jpg" alt="Product Image"></a><p>b&h Baby Thermometer, The Infant Baby Bath Floating Toy Safety Temperature Water Thermometer (Classic Duck)</p><p> -6% 0FF </p><p>$15.99</p><a href="https://www.amazon.com/dp/B073GGVN3Q?tag=eloabder-20&linkCode=osi&th=1&psc=1">View Product</a></div><div class="product"><a href="https://www.amazon.com/dp/B0CBVTGRW2?tag=eloabder-20&linkCode=osi&th=1&psc=1"><img src="https://m.media-amazon.com/images/I/415ogBhdwML._SL500_.jpg" alt="Product Image"></a><p>Nuby Bath and Room Digital Thermometer - Baby Thermometer for Safe and Cozy Bath and Room Temperatures - Penguin</p><p> -20% 0FF </p><p>$11.99</p><a href="https://www.amazon.com/dp/B0CBVTGRW2?tag=eloabder-20&linkCode=osi&th=1&psc=1">View Product</a></div><div class="product"><a href="https://www.amazon.com/dp/B08HWBT9YD?tag=eloabder-20&linkCode=osi&th=1&psc=1"><img src="https://m.media-amazon.com/images/I/31SEPnY30NL._SL500_.jpg" alt="Product Image"></a><p>Doli Yearning Upgrade Baby Bath Thermometer Room Temperature| Water Thermometer|Kids' Bathroom Safety Products| Baby Bath(Seal Shape)℃/℉, LCD</p><p> -28% 0FF </p><p>$12.99</p><a href="https://www.amazon.com/dp/B08HWBT9YD?tag=eloabder-20&linkCode=osi&th=1&psc=1">View Product</a></div><div class="product"><a href="https://www.amazon.com/dp/B0CNCVSKWJ?tag=eloabder-20&linkCode=osi&th=1&psc=1"><img src="https://m.media-amazon.com/images/I/413jcI7ZoZL._SL500_.jpg" alt="Product Image"></a><p>Baby Bath Thermometer, Digital Water Temperature Thermometer with 3 Color Backlit and Temperature Warning, Safety Bath Tube Thermometer Floating Toy for Infant, Toddler</p><p> -7% 0FF </p><p>$12.99</p><a href="https://www.amazon.com/dp/B0CNCVSKWJ?tag=eloabder-20&linkCode=osi&th=1&psc=1">View Product</a></div><div class="product"><a href="https://www.amazon.com/dp/B01MY98912?tag=eloabder-20&linkCode=osi&th=1&psc=1"><img src="https://m.media-amazon.com/images/I/41HQEQLxeCL._SL500_.jpg" alt="Product Image"></a><p>Bath Thermometer - Bath Water Thermometer for Bathtub Baby Safety Water Temperature for Baby Bath - Easy to Use Bath Temperature Thermometer</p><p> -12% 0FF </p><p>$5.25</p><a href="https://www.amazon.com/dp/B01MY98912?tag=eloabder-20&linkCode=osi&th=1&psc=1">View Product</a></div><div class="product"><a href="https://www.amazon.com/dp/B0CYLVX1ZJ?tag=eloabder-20&linkCode=osi&th=1&psc=1"><img src="https://m.media-amazon.com/images/I/41xhSGYiopL._SL500_.jpg" alt="Product Image"></a><p>Pircaath Baby Bath Thermometer & Swimming Turtle Floating Bath Toys, BPA-Free Bath Thermometer Baby Safety, Backlit Display Bathtub Thermometer Baby Water Thermometer, Bath Temperature Toy for Infant</p><p> -17% 0FF </p><p>$9.99</p><a href="https://www.amazon.com/dp/B0CYLVX1ZJ?tag=eloabder-20&linkCode=osi&th=1&psc=1">View Product</a></div><div class="product"><a href="https://www.amazon.com/dp/B07GC7H86T?tag=eloabder-20&linkCode=osi&th=1&psc=1"><img src="https://m.media-amazon.com/images/I/414jIzev-VL._SL500_.jpg" alt="Product Image"></a><p>Baby Bath Thermometer with Room Thermometer - Famidoc FDTH-V0-22 New Upgraded Sensor Technology for Baby Health Bath Tub Thermometer Floating Toy Thermometer (Blue)</p><p> -12% 0FF </p><p>$14.99</p><a href="https://www.amazon.com/dp/B07GC7H86T?tag=eloabder-20&linkCode=osi&th=1&psc=1">View Product</a></div>
<div class="product"><a href="https://www.amazon.com/dp/B00G0KPLZI?tag=eloabder-20&linkCode=osi&th=1&psc=1"><img src="https://m.media-amazon.com/images/I/41X53ExW5-S._SL500_.jpg" alt="Product Image"></a><p>Spasilk Hooded Terry Bathrobe with Booties, Blue Plane, One Size</p><p> -14% 0FF </p><p>$11.99</p><a href="https://www.amazon.com/dp/B00G0KPLZI?tag=eloabder-20&linkCode=osi&th=1&psc=1">View Product</a></div><div class="product"><a href="https://www.amazon.com/dp/B09N7BB9Y6?tag=eloabder-20&linkCode=osi&th=1&psc=1"><img src="https://m.media-amazon.com/images/I/41iGc7gTxlL._SL500_.jpg" alt="Product Image"></a><p>ROMASA Baby Bath Towel Ultra Soft Hooded Towel Highly Absorbent Bathrobe Blanket Toddlers Shower Gifts for Boys Girls- 27.5" x 55" (Yellow)</p><p> -20% 0FF </p><p>$14.39 ($1.27 / Ounce)</p><a href="https://www.amazon.com/dp/B09N7BB9Y6?tag=eloabder-20&linkCode=osi&th=1&psc=1">View Product</a></div>
<div class="product"><a href="https://www.amazon.com/dp/B0C9Q8MXWW?tag=eloabder-20&linkCode=osi&th=1&psc=1"><img src="https://m.media-amazon.com/images/I/31aI3dosJJL._SL500_.jpg" alt="Product Image"></a><p>Baby Bathtub Faucet Cover, Bath Faucet Cover for Kids, Baby Bath Spout Cover, Soft Silicone Bathtub Faucet Safety Toys, Cute Whale, Universal Fit, Make Your Baby's Bath Time Fun and Love It</p><p> -46% 0FF </p><p>$6.99</p><a href="https://www.amazon.com/dp/B0C9Q8MXWW?tag=eloabder-20&linkCode=osi&th=1&psc=1">View Product</a></div><div class="product"><a href="https://www.amazon.com/dp/B07D98DLDV?tag=eloabder-20&linkCode=osi&th=1&psc=1"><img src="https://m.media-amazon.com/images/I/21f3AzvkYLL._SL500_.jpg" alt="Product Image"></a><p>Skip Hop Baby Bath Spout Cover, Universal Fit, Moby, Grey</p><p> -7% 0FF </p><p>$12.99</p><a href="https://www.amazon.com/dp/B07D98DLDV?tag=eloabder-20&linkCode=osi&th=1&psc=1">View Product</a></div><div class="product"><a href="https://www.amazon.com/dp/B0CSYJQ9D6?tag=eloabder-20&linkCode=osi&th=1&psc=1"><img src="https://m.media-amazon.com/images/I/314iWaEh9xL._SL500_.jpg" alt="Product Image"></a><p>Baby Bathtub Faucet Cover, Baby Safety Protection Silicone Toys, Bath Spout Cover Baby Bathtub, Faucet Cover Baby Bathtub Silicone Whale for Kids, Toddler, Infant, Grey Whale</p><p> -20% 0FF </p><p>$7.99</p><a href="https://www.amazon.com/dp/B0CSYJQ9D6?tag=eloabder-20&linkCode=osi&th=1&psc=1">View Product</a></div>
<div class="product"><a href="https://www.amazon.com/dp/B0070WGV9K?tag=eloabder-20&linkCode=osi&th=1&psc=1"><img src="https://m.media-amazon.com/images/I/41pqg6p2q0L._SL500_.jpg" alt="Product Image"></a><p>Regalo Swing Down Bed Rail Guard, with Reinforced Anchor Safety System</p><p> -8% 0FF </p><p>$23.99</p><a href="https://www.amazon.com/dp/B0070WGV9K?tag=eloabder-20&linkCode=osi&th=1&psc=1">View Product</a></div><div class="product"><a href="https://www.amazon.com/dp/B0CWS2NZ3K?tag=eloabder-20&linkCode=osi&th=1&psc=1"><img src="https://m.media-amazon.com/images/I/41OVQSq+N9L._SL500_.jpg" alt="Product Image"></a><p>NUTIKAS Baby Bed Rail Guard for Toddlers - 47" Toddler Bed Side Rails for Twin, Full, Queen Bunk Size Bed Swing Down Bedrail Extral Tall Child Safety Side Railing Guards for Kids</p><p> -27% 0FF </p><p>$35.98</p><a href="https://www.amazon.com/dp/B0CWS2NZ3K?tag=eloabder-20&linkCode=osi&th=1&psc=1">View Product</a></div><div class="product"><a href="https://www.amazon.com/dp/B00MTJWT68?tag=eloabder-20&linkCode=osi&th=1&psc=1"><img src="https://m.media-amazon.com/images/I/21FdaFkL+tL._SL500_.jpg" alt="Product Image"></a><p>Dream On Me Lightweight Mesh Security Adjustable Bed Rail for Toddler, Breathable Mesh Fabric, Suitable for All Types Of Beds, Reinforced Anchor System Bed Guard Rail, White</p><p> -50% 0FF </p><p>$19.98</p><a href="https://www.amazon.com/dp/B00MTJWT68?tag=eloabder-20&linkCode=osi&th=1&psc=1">View Product</a></div><div class="product"><a href="https://www.amazon.com/dp/B07JJP7S3Q?tag=eloabder-20&linkCode=osi&th=1&psc=1"><img src="https://m.media-amazon.com/images/I/41Rn7Sf-wLL._SL500_.jpg" alt="Product Image"></a><p>BANBALOO | Bed Bumper for Toddlers 53" | Bed Rails for Queen, King, Twin, Full-Size Bed | Toddler Bed Bumper | Bumpers for Bed | Bed Rail for Toddlers | Bed Barrier for Toddler | Foam Bumper</p><p> -23% 0FF </p><p>$26.99</p><a href="https://www.amazon.com/dp/B07JJP7S3Q?tag=eloabder-20&linkCode=osi&th=1&psc=1">View Product</a></div>
<div class="product"><a href="https://www.amazon.com/dp/B07SPT3D3J?tag=eloabder-20&linkCode=osi&th=1&psc=1"><img src="https://m.media-amazon.com/images/I/517zG-7ToEL._SL500_.jpg" alt="Product Image"></a><p>Teddy Soft Baby Book Activity Quiet Cloth Books Developmental Toys,Interactive Baby Books for Babies Toddlers Infants kids,Baby Boy Girls Machine Washable Toys Fabric Soft Book Goodnight Gift Box</p><p> -5% 0FF </p><p>$17.95</p><a href="https://www.amazon.com/dp/B07SPT3D3J?tag=eloabder-20&linkCode=osi&th=1&psc=1">View Product</a></div>
<div class="product"><a href="https://www.amazon.com/dp/B00JFTFPHK?tag=eloabder-20&linkCode=osi&th=1&psc=1"><img src="https://m.media-amazon.com/images/I/51O+qRW-KEL._SL500_.jpg" alt="Product Image"></a><p>25pcs 1" Pacifier Suspender Clips, Marrywindix Pacifier Clips for Making Pacifier Holders Bib Clips Toy Holder Silver</p><p> -33% 0FF </p><p>$5.99</p><a href="https://www.amazon.com/dp/B00JFTFPHK?tag=eloabder-20&linkCode=osi&th=1&psc=1">View Product</a></div><div class="product"><a href="https://www.amazon.com/dp/B00W94QLX0?tag=eloabder-20&linkCode=osi&th=1&psc=1"><img src="https://m.media-amazon.com/images/I/51O+qRW-KEL._SL500_.jpg" alt="Product Image"></a><p>50pcs 1" Pacifier Suspender Clips, Marrywindix Pacifier Clips for Making Pacifier Holders Bib Clips Toy Holder Silver</p><p> -40% 0FF </p><p>$8.99</p><a href="https://www.amazon.com/dp/B00W94QLX0?tag=eloabder-20&linkCode=osi&th=1&psc=1">View Product</a></div>
<div class="product"><a href="https://www.amazon.com/dp/B08G4SDDQC?tag=eloabder-20&linkCode=osi&th=1&psc=1"><img src="https://m.media-amazon.com/images/I/41HQSFX14bL._SL500_.jpg" alt="Product Image"></a><p>8-Pack Organic Baby Bandana Drool Bibs for Girls - Super Absorbent Baby Bibs for Baby Girls, Baby Boys, Soft Cotton Bandana Bibs, Baby Drool Bib, Teething Bibs for Infant, Toddler(Muted Pastel)</p><p> -26% 0FF </p><p>$16.96</p><a href="https://www.amazon.com/dp/B08G4SDDQC?tag=eloabder-20&linkCode=osi&th=1&psc=1">View Product</a></div>
<div class="product"><a href="https://www.amazon.com/dp/B08NNDN5GF?tag=eloabder-20&linkCode=osi&th=1&psc=1"><img src="https://m.media-amazon.com/images/I/41ocef4uVmL._SL500_.jpg" alt="Product Image"></a><p>Hudson Baby Unisex Baby Plush Sleeping Bag, Sack, Blanket, Gray Clouds, 18-24 Months</p><p> -37% 0FF </p><p>$10.08</p><a href="https://www.amazon.com/dp/B08NNDN5GF?tag=eloabder-20&linkCode=osi&th=1&psc=1">View Product</a></div><div class="product"><a href="https://www.amazon.com/dp/B0CQMHYCMX?tag=eloabder-20&linkCode=osi&th=1&psc=1"><img src="https://m.media-amazon.com/images/I/41vq0RvJ3yL._SL500_.jpg" alt="Product Image"></a><p>Gerber Baby Girls Flame Resistant Fleece Footed Pajamas 2-Pack, Purple Rainbows</p><p> -6% 0FF </p><p>$16.98</p><a href="https://www.amazon.com/dp/B0CQMHYCMX?tag=eloabder-20&linkCode=osi&th=1&psc=1">View Product</a></div>
<div class="product"><a href="https://www.amazon.com/dp/B0BDRKG478?tag=eloabder-20&linkCode=osi&th=1&psc=1"><img src="https://m.media-amazon.com/images/I/31LBn9SzD9L._SL500_.jpg" alt="Product Image"></a><p>Graco TurboBooster 2.0 Backless Booster Car Seat, Denton</p><p> -29% 0FF </p><p>$20.49</p><a href="https://www.amazon.com/dp/B0BDRKG478?tag=eloabder-20&linkCode=osi&th=1&psc=1">View Product</a></div><div class="product"><a href="https://www.amazon.com/dp/B07C2RNRCJ?tag=eloabder-20&linkCode=osi&th=1&psc=1"><img src="https://m.media-amazon.com/images/I/31CuULOPD4L._SL500_.jpg" alt="Product Image"></a><p>Graco Tranzitions 3 in 1 Harness Booster Seat</p><p> -21% 0FF </p><p>$94.49</p><a href="https://www.amazon.com/dp/B07C2RNRCJ?tag=eloabder-20&linkCode=osi&th=1&psc=1">View Product</a></div>
<div class="product"><a href="https://www.amazon.com/dp/B09H6Y14KH?tag=eloabder-20&linkCode=osi&th=1&psc=1"><img src="https://m.media-amazon.com/images/I/410cJD5cOBL._SL500_.jpg" alt="Product Image"></a><p>Mancro Breastmilk Cooler Bag with Ice Pack, Fits 6 Baby Bottles Up to 9 Ounce Insulated Bottle Bag, Breast Milk on The go Strap, for Nursing Mom Daycare, Black</p><p> -6% 0FF </p><p>$16.99</p><a href="https://www.amazon.com/dp/B09H6Y14KH?tag=eloabder-20&linkCode=osi&th=1&psc=1">View Product</a></div>
<div class="product"><a href="https://www.amazon.com/dp/B006SFUCV8?tag=eloabder-20&linkCode=osi&th=1&psc=1"><img src="https://m.media-amazon.com/images/I/31Uu2+3+7RL._SL500_.jpg" alt="Product Image"></a><p>Munchkin® High Capacity Drying Rack for Baby Bottles and Accessories, White</p><p> -6% 0FF </p><p>$13.75</p><a href="https://www.amazon.com/dp/B006SFUCV8?tag=eloabder-20&linkCode=osi&th=1&psc=1">View Product</a></div><div class="product"><a href="https://www.amazon.com/dp/B0CHJS27KB?tag=eloabder-20&linkCode=osi&th=1&psc=1"><img src="https://m.media-amazon.com/images/I/51CDxHsKEAL._SL500_.jpg" alt="Product Image"></a><p>Termichy Baby Bottle Drying Rack: Large Vertical Bottle Dryer Rack Holder - Space Saving Standing Drying Rack for Baby Bottles and Pump Part Cleaning (Gray)</p><p> -7% 0FF </p><p>$26.99</p><a href="https://www.amazon.com/dp/B0CHJS27KB?tag=eloabder-20&linkCode=osi&th=1&psc=1">View Product</a></div><div class="product"><a href="https://www.amazon.com/dp/B00RQ83N76?tag=eloabder-20&linkCode=osi&th=1&psc=1"><img src="https://m.media-amazon.com/images/I/31bE-Iv6B6L._SL500_.jpg" alt="Product Image"></a><p>Munchkin Fold Baby Bottle Drying Rack - Compact Design Folds Flat for Easy Storage, White/Grey</p><p> -8% 0FF </p><p>$7.76</p><a href="https://www.amazon.com/dp/B00RQ83N76?tag=eloabder-20&linkCode=osi&th=1&psc=1">View Product</a></div><div class="product"><a href="https://www.amazon.com/dp/B00HNVWGNS?tag=eloabder-20&linkCode=osi&th=1&psc=1"><img src="https://m.media-amazon.com/images/I/41oD0n0VKWL._SL500_.jpg" alt="Product Image"></a><p>Dr. Brown's Folding Baby Bottle Drying Rack for Easy Storage, Dry Nipples, Pacifiers and Other Baby Essentials, BPA-free</p><p> -34% 0FF </p><p>$11.89</p><a href="https://www.amazon.com/dp/B00HNVWGNS?tag=eloabder-20&linkCode=osi&th=1&psc=1">View Product</a></div><div class="product"><a href="https://www.amazon.com/dp/B0CMRV5CPZ?tag=eloabder-20&linkCode=osi&th=1&psc=1"><img src="https://m.media-amazon.com/images/I/41XhN13vG4L._SL500_.jpg" alt="Product Image"></a><p>Dr. Brown's Drying Tower, Stand-Up Drying Rack, Countertop Baby Bottle Drying with Organized Storage for Baby Essentials, Space Saving Vertical Rack</p><p> -32% 0FF </p><p>$19.98</p><a href="https://www.amazon.com/dp/B0CMRV5CPZ?tag=eloabder-20&linkCode=osi&th=1&psc=1">View Product</a></div>
<div class="product"><a href="https://www.amazon.com/dp/B0876T9DQZ?tag=eloabder-20&linkCode=osi&th=1&psc=1"><img src="https://m.media-amazon.com/images/I/41EvYRi2WLL._SL500_.jpg" alt="Product Image"></a><p>Philips Avent Premium Fast Bottle Warmer, with Smart Temperature Control, Water Bath Technology, Automatic Shut-Off, Model SCF358</p><p> -20% 0FF </p><p>$39.99</p><a href="https://www.amazon.com/dp/B0876T9DQZ?tag=eloabder-20&linkCode=osi&th=1&psc=1">View Product</a></div><div class="product"><a href="https://www.amazon.com/dp/B0D2X9276K?tag=eloabder-20&linkCode=osi&th=1&psc=1"><img src="https://m.media-amazon.com/images/I/31kRB6a3EoL._SL500_.jpg" alt="Product Image"></a><p>WITGER 8-in-1 Baby Bottle Warmer and Sterilizer - Fast Heating, Accurate Temperature Control, BPA-Free, Defrosting, Food Heating, and Constant Temperature Maintenance.</p><p> -14% 0FF </p><p>$29.99</p><a href="https://www.amazon.com/dp/B0D2X9276K?tag=eloabder-20&linkCode=osi&th=1&psc=1">View Product</a></div><div class="product"><a href="https://www.amazon.com/dp/B09XJBQWQZ?tag=eloabder-20&linkCode=osi&th=1&psc=1"><img src="https://m.media-amazon.com/images/I/41rEmiL1MDL._SL500_.jpg" alt="Product Image"></a><p>Dr. Brown’s™ Insta-Feed™ Bottle Warmer and Sterilizer</p><p> -14% 0FF </p><p>$24.99</p><a href="https://www.amazon.com/dp/B09XJBQWQZ?tag=eloabder-20&linkCode=osi&th=1&psc=1">View Product</a></div><div class="product"><a href="https://www.amazon.com/dp/B0B97M3PX2?tag=eloabder-20&linkCode=osi&th=1&psc=1"><img src="https://m.media-amazon.com/images/I/31D1jFeOavL._SL500_.jpg" alt="Product Image"></a><p>Momcozy Bottle Warmer, Fast Bottle Warmers for All Bottles with Timer, Accurate Temperature Control and Automatic Shut-Off, Multifunctional Bottle Warmer for Breastmilk</p><p> -43% 0FF </p><p>$33.99</p><a href="https://www.amazon.com/dp/B0B97M3PX2?tag=eloabder-20&linkCode=osi&th=1&psc=1">View Product</a></div><div class="product"><a href="https://www.amazon.com/dp/B07YJKWTYW?tag=eloabder-20&linkCode=osi&th=1&psc=1"><img src="https://m.media-amazon.com/images/I/31Rfvw7DMyL._SL500_.jpg" alt="Product Image"></a><p>Bottle Warmer, GROWNSY 8-in-1 Fast Baby Milk Warmer with Timer for Breastmilk or Formula, Accurate Temperature Control, with Defrost, Sterili-zing, Keep, Heat Baby Food Jars Function</p><p> -20% 0FF </p><p>$39.99</p><a href="https://www.amazon.com/dp/B07YJKWTYW?tag=eloabder-20&linkCode=osi&th=1&psc=1">View Product</a></div><div class="product"><a href="https://www.amazon.com/dp/B0BY26RDWQ?tag=eloabder-20&linkCode=osi&th=1&psc=1"><img src="https://m.media-amazon.com/images/I/412nEaDc-cL._SL500_.jpg" alt="Product Image"></a><p>Momcozy Nutri Bottle Warmer, 9-in-1 Baby Bottle Warmer with Night Light, Accurate Temperature to Preserve Fullest Nutrients in Breast Milk, Bottle Warmers for All Bottles with Breastmilk or Formula</p><p> -20% 0FF </p><p>$39.99</p><a href="https://www.amazon.com/dp/B0BY26RDWQ?tag=eloabder-20&linkCode=osi&th=1&psc=1">View Product</a></div><div class="product"><a href="https://www.amazon.com/dp/B00005BXKM?tag=eloabder-20&linkCode=osi&th=1&psc=1"><img src="https://m.media-amazon.com/images/I/31nh2NZoUTL._SL500_.jpg" alt="Product Image"></a><p>The First Years Baby Bottle Warmer and Sterilizer - Pacifier and Bottle Nipple Sanitizer - Feeding Baby Essentials for Formula or Breast Milk - Holds Multiple Sizes</p><p> -10% 0FF </p><p>$19.75</p><a href="https://www.amazon.com/dp/B00005BXKM?tag=eloabder-20&linkCode=osi&th=1&psc=1">View Product</a></div>
<div class="product"><a href="https://www.amazon.com/dp/B0C7FL2XSL?tag=eloabder-20&linkCode=osi&th=1&psc=1"><img src="https://m.media-amazon.com/images/I/3195BfbxF2L._SL500_.jpg" alt="Product Image"></a><p>Motif Medical, Milk Storage Bags, 6 oz Milk Freezer Bag with Easy Pour Spout, BPA Free, Write-On Label - 100 Count</p><p> -20% 0FF </p><p>$15.99</p><a href="https://www.amazon.com/dp/B0C7FL2XSL?tag=eloabder-20&linkCode=osi&th=1&psc=1">View Product</a></div>
<div class="product"><a href="https://www.amazon.com/dp/B08H9QJVNZ?tag=eloabder-20&linkCode=osi&th=1&psc=1"><img src="https://m.media-amazon.com/images/I/31XZwvFZhIL._SL500_.jpg" alt="Product Image"></a><p>Medela Manual breast pump with Flex Shields Harmony Single Hand for More Comfort and Expressing More Milk</p><p> -34% 0FF </p><p>$28.72</p><a href="https://www.amazon.com/dp/B08H9QJVNZ?tag=eloabder-20&linkCode=osi&th=1&psc=1">View Product</a></div><div class="product"><a href="https://www.amazon.com/dp/B0BXH3XF7X?tag=eloabder-20&linkCode=osi&th=1&psc=1"><img src="https://m.media-amazon.com/images/I/41GBdp47u+L._SL500_.jpg" alt="Product Image"></a><p>Momcozy Hands Free Breast Pump S9 Pro Updated, Wearable Breast Pump of Longer Battery Life & LED Display, Double Portable Electric Breast Pump with 2 Modes & 9 Levels - 24mm, 2 Pack Gray</p><p> -31% 0FF </p><p>$95.98</p><a href="https://www.amazon.com/dp/B0BXH3XF7X?tag=eloabder-20&linkCode=osi&th=1&psc=1">View Product</a></div><div class="product"><a href="https://www.amazon.com/dp/B0CNGJMQDD?tag=eloabder-20&linkCode=osi&th=1&psc=1"><img src="https://m.media-amazon.com/images/I/41XS8v-5dyL._SL500_.jpg" alt="Product Image"></a><p>Momcozy Breast Pump Hands Free M5, Wearable Breast Pump of Baby Mouth Double-Sealed Flange with 3 Modes & 9 Levels, Electric Breast Pump Portable - 24mm, 2 Pack Cozy Red</p><p> -23% 0FF </p><p>$199.99 ($100.00 / Count)</p><a href="https://www.amazon.com/dp/B0CNGJMQDD?tag=eloabder-20&linkCode=osi&th=1&psc=1">View Product</a></div><div class="product"><a href="https://www.amazon.com/dp/B0DK9VJCRK?tag=eloabder-20&linkCode=osi&th=1&psc=1"><img src="https://m.media-amazon.com/images/I/41RyWq3DsfL._SL500_.jpg" alt="Product Image"></a><p>Hands Free Breast Pump Wearable MY-375 - Strong Suction, Low Noise, Wearable Breastfeeding Pump with 4 Mode &12 Levels, Portable Electric Breast Pump - 19/21/24mm Insert/Flange, 2 Pack (White)</p><p> -33% 0FF </p><p>$99.99 ($50.00 / Count)</p><a href="https://www.amazon.com/dp/B0DK9VJCRK?tag=eloabder-20&linkCode=osi&th=1&psc=1">View Product</a></div>
<div class="product"><a href="https://www.amazon.com/dp/B0BTZTSMM7?tag=eloabder-20&linkCode=osi&th=1&psc=1"><img src="https://m.media-amazon.com/images/I/41E+gI3y2mL._SL500_.jpg" alt="Product Image"></a><p>Konssy Muslin Nursing Cover for Baby Breastfeeding, Breathable 100% Cotton Breastfeeding Cover with Rigid Hoop for Mother Nursing Apron, Multi-use Carseat Canopy (Summer Wheat)</p><p> -25% 0FF </p><p>$14.99</p><a href="https://www.amazon.com/dp/B0BTZTSMM7?tag=eloabder-20&linkCode=osi&th=1&psc=1">View Product</a></div><div class="product"><a href="https://www.amazon.com/dp/B0CRY93RSV?tag=eloabder-20&linkCode=osi&th=1&psc=1"><img src="https://m.media-amazon.com/images/I/31GF3tvRWjL._SL500_.jpg" alt="Product Image"></a><p>Konssy Knit Nursing Cover for Breastfeeding, 360 Full Privacy Breathable Breastfeeding Cover, Multi-use Carseat Canopy(Beige)</p><p> -25% 0FF </p><p>$14.99</p><a href="https://www.amazon.com/dp/B0CRY93RSV?tag=eloabder-20&linkCode=osi&th=1&psc=1">View Product</a></div><div class="product"><a href="https://www.amazon.com/dp/B0CYM1Y178?tag=eloabder-20&linkCode=osi&th=1&psc=1"><img src="https://m.media-amazon.com/images/I/41BlDYTW3hL._SL500_.jpg" alt="Product Image"></a><p>Comfy Cubs Nursing Cover for Baby Breastfeeding - 100% Muslin Cotton, Soft & Breathable Cotton, Breastfeeding Pumping Cover for Mom, with Rigid Hoop - Privacy Unisex Lightweight Wrap (Pacific Blue)</p><p> -48% 0FF </p><p>$12.99</p><a href="https://www.amazon.com/dp/B0CYM1Y178?tag=eloabder-20&linkCode=osi&th=1&psc=1">View Product</a></div><div class="product"><a href="https://www.amazon.com/dp/B074M6FRND?tag=eloabder-20&linkCode=osi&th=1&psc=1"><img src="https://m.media-amazon.com/images/I/51odoDcAZ9L._SL500_.jpg" alt="Product Image"></a><p>Baby Nursing Cover & Nursing Poncho - Multi Use Cover for Baby Car Seat Canopy, Shopping Cart Cover, Stroller Cover, 360° Full Privacy Breastfeeding Coverage, Baby Shower Gifts for Boy&Girl</p><p> -30% 0FF </p><p>$13.95</p><a href="https://www.amazon.com/dp/B074M6FRND?tag=eloabder-20&linkCode=osi&th=1&psc=1">View Product</a></div><div class="product"><a href="https://www.amazon.com/dp/B0CB15QFNL?tag=eloabder-20&linkCode=osi&th=1&psc=1"><img src="https://m.media-amazon.com/images/I/31GyAL5zSlL._SL500_.jpg" alt="Product Image"></a><p>Breathable Car Seat Cover for Babies – Multi-Purpose Soft Rayon Nursing Cover for Breastfeeding, High Stretchy Infant Carseat Canopy, Stroller Cover (Smooth Rayon, Blush)</p><p> -20% 0FF </p><p>$7.99</p><a href="https://www.amazon.com/dp/B0CB15QFNL?tag=eloabder-20&linkCode=osi&th=1&psc=1">View Product</a></div>
<div class="product"><a href="https://www.amazon.com/dp/B00PC3K7OE?tag=eloabder-20&linkCode=osi&th=1&psc=1"><img src="https://m.media-amazon.com/images/I/41Ysisnr8oL._SL500_.jpg" alt="Product Image"></a><p>My Brest Friend Nursing Pillow - Deluxe - Enhanced Comfort w/ Slipcover - Ergonomic Breastfeeding Pillow For Ultimate Support For Mom & Baby - Adjustable Pillow W/ Handy Side Pocket, Evening Grey</p><p> -6% 0FF </p><p>$49.99</p><a href="https://www.amazon.com/dp/B00PC3K7OE?tag=eloabder-20&linkCode=osi&th=1&psc=1">View Product</a></div><div class="product"><a href="https://www.amazon.com/dp/B0B2W7X465?tag=eloabder-20&linkCode=osi&th=1&psc=1"><img src="https://m.media-amazon.com/images/I/41TWXbEgaJL._SL500_.jpg" alt="Product Image"></a><p>Momcozy Nursing Pillow for Breastfeeding, Original Plus Size Breastfeeding Pillows for More Support for Mom and Baby, with Adjustable Waist Strap and Removable Cotton Cover, Grey</p><p> -17% 0FF </p><p>$39.99</p><a href="https://www.amazon.com/dp/B0B2W7X465?tag=eloabder-20&linkCode=osi&th=1&psc=1">View Product</a></div><div class="product"><a href="https://www.amazon.com/dp/B08LF56YHJ?tag=eloabder-20&linkCode=osi&th=1&psc=1"><img src="https://m.media-amazon.com/images/I/31pJjCYHNMS._SL500_.jpg" alt="Product Image"></a><p>My Brest Friend Super Deluxe Nursing Pillow - Enhanced Comfort & Ergonomic Breastfeeding Pillow for Ultimate Support For Mom & Baby - Adjustable and with Handy Side Pocket, Platinum</p><p> -8% 0FF </p><p>$59.99</p><a href="https://www.amazon.com/dp/B08LF56YHJ?tag=eloabder-20&linkCode=osi&th=1&psc=1">View Product</a></div><div class="product"><a href="https://www.amazon.com/dp/B0C3RWRCQM?tag=eloabder-20&linkCode=osi&th=1&psc=1"><img src="https://m.media-amazon.com/images/I/516Q+AKi5kL._SL500_.jpg" alt="Product Image"></a><p>PILLANI Nursing Pillow, Plus Size Breastfeeding Pillows for Enhanced Support & Comfort for Mom & Baby, Removable Cotton Cover, Adjustable Waist Strap, Breastfeeding Essentials, Baby Registry Search</p><p> -20% 0FF </p><p>$31.99</p><a href="https://www.amazon.com/dp/B0C3RWRCQM?tag=eloabder-20&linkCode=osi&th=1&psc=1">View Product</a></div><div class="product"><a href="https://www.amazon.com/dp/B0CPVDN3J3?tag=eloabder-20&linkCode=osi&th=1&psc=1"><img src="https://m.media-amazon.com/images/I/41sq3SZUjlL._SL500_.jpg" alt="Product Image"></a><p>Momcozy Original Nursing Pillow and Positioner, Plus Size Breast Feeding Pillow for More Support for Mom and Baby Boy or Girl，Baby Essentials for Nursing or Bottle Feeding and Removable Cotton Cover</p><p> -15% 0FF </p><p>$39.99</p><a href="https://www.amazon.com/dp/B0CPVDN3J3?tag=eloabder-20&linkCode=osi&th=1&psc=1">View Product</a></div><div class="product"><a href="https://www.amazon.com/dp/B00PC3JYQQ?tag=eloabder-20&linkCode=osi&th=1&psc=1"><img src="https://m.media-amazon.com/images/I/51AoteowPXL._SL500_.jpg" alt="Product Image"></a><p>My Brest Friend Original Nursing Pillow Enhanced Ergonomics Essential Breastfeeding Pillow Support For Mom & Baby W/ Convenient Side Pocket, Double Straps & slipcover, Midnight Poppy</p><p> -7% 0FF </p><p>$41.99</p><a href="https://www.amazon.com/dp/B00PC3JYQQ?tag=eloabder-20&linkCode=osi&th=1&psc=1">View Product</a></div>
<div class="product"><a href="https://www.amazon.com/dp/B09KRKGJ3S?tag=eloabder-20&linkCode=osi&th=1&psc=1"><img src="https://m.media-amazon.com/images/I/41fXKHSGeCL._SL500_.jpg" alt="Product Image"></a><p>Looxii Muslin Burp Cloths 100% Cotton Large 20''x10'' Extra Soft and Absorbent 6 Pack Baby Burping Cloth for Boys Girls (Dark Green)</p><p> -6% 0FF </p><p>$13.14</p><a href="https://www.amazon.com/dp/B09KRKGJ3S?tag=eloabder-20&linkCode=osi&th=1&psc=1">View Product</a></div><div class="product"><a href="https://www.amazon.com/dp/B0CLPGQWNB?tag=eloabder-20&linkCode=osi&th=1&psc=1"><img src="https://m.media-amazon.com/images/I/416sGTkqHRL._SL500_.jpg" alt="Product Image"></a><p>Comfy Cubs Muslin Burp Cloths Large 100% Cotton Hand Washcloths for Babies, Baby Essentials 6 Layers Extra Absorbent and Soft Boys & Girls Baby Bibs & Burp Cloths Set (Multicolor, 10-Pack, 20" X10")</p><p> -33% 0FF </p><p>$19.99</p><a href="https://www.amazon.com/dp/B0CLPGQWNB?tag=eloabder-20&linkCode=osi&th=1&psc=1">View Product</a></div><div class="product"><a href="https://www.amazon.com/dp/B0CNKWNY43?tag=eloabder-20&linkCode=osi&th=1&psc=1"><img src="https://m.media-amazon.com/images/I/31iZQ-IdT6L._SL500_.jpg" alt="Product Image"></a><p>Comfy Cubs Burp Cloths 6 Pack Large 100% Cotton Washcloths Double Layered Absorbent Burping Cloth Extra Absorbent Baby Burp Cloth Extra Soft for Boys and Girls (Multicolor Girl, Pack of 6)</p><p> -40% 0FF </p><p>$14.99 ($2.50 / Count)</p><a href="https://www.amazon.com/dp/B0CNKWNY43?tag=eloabder-20&linkCode=osi&th=1&psc=1">View Product</a></div>
<div class="product"><a href="https://www.amazon.com/dp/B096NZHHVR?tag=eloabder-20&linkCode=osi&th=1&psc=1"><img src="https://m.media-amazon.com/images/I/41PxfLKcdWL._SL500_.jpg" alt="Product Image"></a><p>Meolsaek Car Seat Protector for Child Car Seat, 600D Fabric Waterproof Car Seat Cover with Non-Slip Backing, Under Baby Car Seat from Pressure Marks</p><p> -15% 0FF </p><p>$33.97</p><a href="https://www.amazon.com/dp/B096NZHHVR?tag=eloabder-20&linkCode=osi&th=1&psc=1">View Product</a></div><div class="product"><a href="https://www.amazon.com/dp/B096PGXGB4?tag=eloabder-20&linkCode=osi&th=1&psc=1"><img src="https://m.media-amazon.com/images/I/31Y4e9zhROS._SL500_.jpg" alt="Product Image"></a><p>XHYANG Car Seat Protector 1 Pack Car Seat Cushion Mat Thickest Padding,Waterproof 600D Fabric Car Seat Covers for Non-Slip Backing Mesh Pockets for Baby and Pet (1 Seat Protector)</p><p> -24% 0FF </p><p>$17.95</p><a href="https://www.amazon.com/dp/B096PGXGB4?tag=eloabder-20&linkCode=osi&th=1&psc=1">View Product</a></div><div class="product"><a href="https://www.amazon.com/dp/B09828NDRS?tag=eloabder-20&linkCode=osi&th=1&psc=1"><img src="https://m.media-amazon.com/images/I/31ua+nTGAXL._SL500_.jpg" alt="Product Image"></a><p>XHYANG Car Seat Protector,Auto Car Seat Protectors Baby Carseat Waterproof Durable 600D Fabric for Child Baby Car Seat Mat Vehicle Pet Cover 2 Storage Pockets (1 Pack)</p><p> -31% 0FF </p><p>$17.99</p><a href="https://www.amazon.com/dp/B09828NDRS?tag=eloabder-20&linkCode=osi&th=1&psc=1">View Product</a></div><div class="product"><a href="https://www.amazon.com/dp/B0CB14PHZT?tag=eloabder-20&linkCode=osi&th=1&psc=1"><img src="https://m.media-amazon.com/images/I/31lC1dggTTL._SL500_.jpg" alt="Product Image"></a><p>Breathable Car Seat Cover for Babies – Multi-Purpose Soft Rayon Nursing Cover for Breastfeeding, High Stretchy Infant Carseat Canopy, Stroller Cover (Smooth Rayon, Roman Green)</p><p> -20% 0FF </p><p>$7.19</p><a href="https://www.amazon.com/dp/B0CB14PHZT?tag=eloabder-20&linkCode=osi&th=1&psc=1">View Product</a></div><div class="product"><a href="https://www.amazon.com/dp/B08H4WCFXV?tag=eloabder-20&linkCode=osi&th=1&psc=1"><img src="https://m.media-amazon.com/images/I/516mz-4vqgL._SL500_.jpg" alt="Product Image"></a><p>Yoofoss Baby Car Seat Cover Winter Carseat Canopies Cover to Protect Baby from Cold Wind, Super Warm Plush Fleece Baby Carrier Cover for Infant Boys Girls (Black)</p><p> -11% 0FF </p><p>$32.99</p><a href="https://www.amazon.com/dp/B08H4WCFXV?tag=eloabder-20&linkCode=osi&th=1&psc=1">View Product</a></div>

<div class="product"><a href="https://www.amazon.com/dp/B07W6JGDYW?tag=eloabder-20&linkCode=osi&th=1&psc=1"><img src="https://m.media-amazon.com/images/I/41H2tKos7SL._SL500_.jpg" alt="Product Image"></a><p>Kaiphy Car Seat Protector - Seat Protection Mat - Thick Padding - Durable, Waterproof Fabric, Leather Reinforced Corners & 3 Pockets for Handy Storage Black</p><p> -46% 0FF </p><p>$13.97</p><a href="https://www.amazon.com/dp/B07W6JGDYW?tag=eloabder-20&linkCode=osi&th=1&psc=1">View Product</a></div><div class="product"><a href="https://www.amazon.com/dp/B0D5XFHH28?tag=eloabder-20&linkCode=osi&th=1&psc=1"><img src="https://m.media-amazon.com/images/I/31XhcmIiWAL._SL500_.jpg" alt="Product Image"></a><p>Car Seat Protector, Carseat Seat Protectors with Thick Padding and Upgraded Non-Slip Backing, Waterproof Seat Protector under Baby Car Seat, 600D Fabric Car Seat Covers with Storage Pockets for Baby</p><p> -20% 0FF </p><p>$13.59</p><a href="https://www.amazon.com/dp/B0D5XFHH28?tag=eloabder-20&linkCode=osi&th=1&psc=1">View Product</a></div><div class="product"><a href="https://www.amazon.com/dp/B07JBQBVL6?tag=eloabder-20&linkCode=osi&th=1&psc=1"><img src="https://m.media-amazon.com/images/I/31PZj+OEfjL._SL500_.jpg" alt="Product Image"></a><p>Car Seat Protector for Baby Child Car Seats, Shynerk Auto Seat Cover Mat for Under Carseat to Protect Automotive Vehicle Leather and Cloth Upholstery - Waterproof and Dirt Resistant</p><p> -33% 0FF </p><p>$19.99</p><a href="https://www.amazon.com/dp/B07JBQBVL6?tag=eloabder-20&linkCode=osi&th=1&psc=1">View Product</a></div>
<div class="product"><a href="https://www.amazon.com/dp/B00O64QJOC?tag=eloabder-20&linkCode=osi&th=1&psc=1"><img src="https://m.media-amazon.com/images/I/21l2K1fjgyL._SL500_.jpg" alt="Product Image"></a><p>Munchkin® Secure Grip™ Contoured Baby Diaper Changing Pad for Dresser, Waterproof, 16" x 31"</p><p> -10% 0FF </p><p>$31.49</p><a href="https://www.amazon.com/dp/B00O64QJOC?tag=eloabder-20&linkCode=osi&th=1&psc=1">View Product</a></div><div class="product"><a href="https://www.amazon.com/dp/B0DF1W28C5?tag=eloabder-20&linkCode=osi&th=1&psc=1"><img src="https://m.media-amazon.com/images/I/31F+H+AlPWL._SL500_.jpg" alt="Product Image"></a><p>Blissful Diary Vegan Leather Baby Changing Pad with Waterproof & Wipe-Clean PU Cover, Standard Size Cozy Baby Changing Table Pads for Dressers/Tables, Taupe</p><p> -13% 0FF </p><p>$34.99</p><a href="https://www.amazon.com/dp/B0DF1W28C5?tag=eloabder-20&linkCode=osi&th=1&psc=1">View Product</a></div><div class="product"><a href="https://www.amazon.com/dp/B0B45JKHGG?tag=eloabder-20&linkCode=osi&th=1&psc=1"><img src="https://m.media-amazon.com/images/I/41i2u89FqBL._SL500_.jpg" alt="Product Image"></a><p>YENING Baby Diaper Changing Pad for Dresser Top with Cover Waterproof Lining Foam Contoured Changing Table Pads Topper 31" x 16" Grey</p><p> -33% 0FF </p><p>$26.98</p><a href="https://www.amazon.com/dp/B0B45JKHGG?tag=eloabder-20&linkCode=osi&th=1&psc=1">View Product</a></div>
<div class="product"><a href="https://www.amazon.com/dp/B0D3BPZ77F?tag=eloabder-20&linkCode=osi&th=1&psc=1"><img src="https://m.media-amazon.com/images/I/41-+eE90DeL._SL500_.jpg" alt="Product Image"></a><p>Baby Changing Table, Versatile Folding Changing Table, Waterproof Diaper Changing Station, Adjustable Height with 2 Drawers,Baby Changing Station, Mobile Nursery for Infant and Newborn</p><p> -30% 0FF </p><p>$159.99</p><a href="https://www.amazon.com/dp/B0D3BPZ77F?tag=eloabder-20&linkCode=osi&th=1&psc=1">View Product</a></div><div class="product"><a href="https://www.amazon.com/dp/B073YB522V?tag=eloabder-20&linkCode=osi&th=1&psc=1"><img src="https://m.media-amazon.com/images/I/41IwxC2WttS._SL500_.jpg" alt="Product Image"></a><p>Delta Children Eclipse Changing Table with Changing Pad, Grey</p><p> -44% 0FF </p><p>$79.00</p><a href="https://www.amazon.com/dp/B073YB522V?tag=eloabder-20&linkCode=osi&th=1&psc=1">View Product</a></div><div class="product"><a href="https://www.amazon.com/dp/B075ZVTJ3D?tag=eloabder-20&linkCode=osi&th=1&psc=1"><img src="https://m.media-amazon.com/images/I/41Ig2EwFThL._SL500_.jpg" alt="Product Image"></a><p>Dream On Me Emily Changing Table In Steel Grey, Comes With 1" Changing Pad, Features Two Shelves, Portable Changing Station, Made Of Sustainable New Zealand Pinewood</p><p> -21% 0FF </p><p>$69.99</p><a href="https://www.amazon.com/dp/B075ZVTJ3D?tag=eloabder-20&linkCode=osi&th=1&psc=1">View Product</a></div><div class="product"><a href="https://www.amazon.com/dp/B08HMJCHCT?tag=eloabder-20&linkCode=osi&th=1&psc=1"><img src="https://m.media-amazon.com/images/I/31aqc05wT6L._SL500_.jpg" alt="Product Image"></a><p>Storkcraft Brookside 2 Drawer Changing Table Dresser (Pebble Gray) – GREENGUARD Gold Certified, Easy-to-Match Chest of Drawers and Cubbies for Nursery and Kids Bedroom, Includes Changing Table Topper</p><p> -31% 0FF </p><p>$151.29</p><a href="https://www.amazon.com/dp/B08HMJCHCT?tag=eloabder-20&linkCode=osi&th=1&psc=1">View Product</a></div><div class="product"><a href="https://www.amazon.com/dp/B005OSHTSO?tag=eloabder-20&linkCode=osi&th=1&psc=1"><img src="https://m.media-amazon.com/images/I/41ckUWX71DL._SL500_.jpg" alt="Product Image"></a><p>Badger Basket Modern Baby Changing Table with Laundry Hamper, 3 Storage Drawers and Pad, Diaper Change Station - White/White</p><p> -32% 0FF </p><p>$128.99</p><a href="https://www.amazon.com/dp/B005OSHTSO?tag=eloabder-20&linkCode=osi&th=1&psc=1">View Product</a></div><div class="product"><a href="https://www.amazon.com/dp/B08HHFZ5JJ?tag=eloabder-20&linkCode=osi&th=1&psc=1"><img src="https://m.media-amazon.com/images/I/31oH0mt34ML._SL500_.jpg" alt="Product Image"></a><p>Graco Noah 3 Drawer Chest with Changing Topper (White) – GREENGUARD Gold Certified, Baby Dresser With Changing Table Top, Dresser for Nursery, 3 Drawer Kids Dresser</p><p> -24% 0FF </p><p>$188.75</p><a href="https://www.amazon.com/dp/B08HHFZ5JJ?tag=eloabder-20&linkCode=osi&th=1&psc=1">View Product</a></div>
<div class="product"><a href="https://www.amazon.com/dp/B0BVHMHH4X?tag=eloabder-20&linkCode=osi&th=1&psc=1"><img src="https://m.media-amazon.com/images/I/41AOdI5vSML._SL500_.jpg" alt="Product Image"></a><p>TAHAVICE 1 Pack Over The Door Organizer, Bathroom Organizers and Storage with 5 Pockets 10 Mesh Pockets, 50 lbs Weight Capacity Stuffed Animal Storage for Nursery Newborn Baby Essential</p><p> -20% 0FF </p><p>$15.98</p><a href="https://www.amazon.com/dp/B0BVHMHH4X?tag=eloabder-20&linkCode=osi&th=1&psc=1">View Product</a></div><div class="product"><a href="https://www.amazon.com/dp/B06XJ343CC?tag=eloabder-20&linkCode=osi&th=1&psc=1"><img src="https://m.media-amazon.com/images/I/31zbpeWMpnL._SL500_.jpg" alt="Product Image"></a><p>20 Pack Clothing Rack Size Dividers, Wardrobe Round Hangers Label Closet Dividers with 1 Piece Marker Pen for Clothes Organization(White, Blank)</p><p> -14% 0FF </p><p>$8.59 ($0.43 / Count)</p><a href="https://www.amazon.com/dp/B06XJ343CC?tag=eloabder-20&linkCode=osi&th=1&psc=1">View Product</a></div><div class="product"><a href="https://www.amazon.com/dp/B09H4JTQC7?tag=eloabder-20&linkCode=osi&th=1&psc=1"><img src="https://m.media-amazon.com/images/I/51pFCzWgo3L._SL500_.jpg" alt="Product Image"></a><p>Pro Goleem Baby Closet Dividers Unisex Baby Closet Organizer for Nursery Baby Clothes Size Age Dividers Fits 1.5" Rod 6 PCS</p><p> -20% 0FF </p><p>$7.99</p><a href="https://www.amazon.com/dp/B09H4JTQC7?tag=eloabder-20&linkCode=osi&th=1&psc=1">View Product</a></div><div class="product"><a href="https://www.amazon.com/dp/B0DDTSNXNM?tag=eloabder-20&linkCode=osi&th=1&psc=1"><img src="https://m.media-amazon.com/images/I/517HtZWlKIL._SL500_.jpg" alt="Product Image"></a><p>Blissful Diary Baby Diaper Caddy Organizer, Cotton Rope Diaper Caddy Basket, Large Baby Shower Caddy for Newborn Boys and Girls, Gift for Baby Shower List, Newborn Essentials Basket, Earthy Rainbow</p><p> -30% 0FF </p><p>$15.99</p><a href="https://www.amazon.com/dp/B0DDTSNXNM?tag=eloabder-20&linkCode=osi&th=1&psc=1">View Product</a></div>
<div class="product"><a href="https://www.amazon.com/dp/B08DN1KTRH?tag=eloabder-20&linkCode=osi&th=1&psc=1"><img src="https://m.media-amazon.com/images/I/510rTaksLXL._SL500_.jpg" alt="Product Image"></a><p>16 Pack Baby Washcloths - Luxury Multicolor Coral Fleece - Extra Absorbent and Soft Wash Clothes for Newborns, Infants and Toddlers - Suitable for Sensitive Skin and New Born - Baby Shower, 10x10 Inch</p><p> -47% 0FF </p><p>$9.99</p><a href="https://www.amazon.com/dp/B08DN1KTRH?tag=eloabder-20&linkCode=osi&th=1&psc=1">View Product</a></div><div class="product"><a href="https://www.amazon.com/dp/B088RBY8Y5?tag=eloabder-20&linkCode=osi&th=1&psc=1"><img src="https://m.media-amazon.com/images/I/31Ku9qSjBCL._SL500_.jpg" alt="Product Image"></a><p>Yoofoss Muslin Burp Cloths for Baby 10 Pack 100% Cotton Baby Washcloths for Boys Girls Large 20''X10'' Super Soft and Absorbent White</p><p> -5% 0FF </p><p>$18.95</p><a href="https://www.amazon.com/dp/B088RBY8Y5?tag=eloabder-20&linkCode=osi&th=1&psc=1">View Product</a></div>
<div class="product"><a href="https://www.amazon.com/dp/B0CMZJ1J4T?tag=eloabder-20&linkCode=osi&th=1&psc=1"><img src="https://m.media-amazon.com/images/I/410bv8kIM8L._SL500_.jpg" alt="Product Image"></a><p>Jay Franco Bluey & Bingo Toddler Comforter Set - 4 Piece Bed Set Includes Sheet Set & Pillow Covers - Super Soft Clouds & Stars Kids Bedding</p><p> -23% 0FF </p><p>$46.49</p><a href="https://www.amazon.com/dp/B0CMZJ1J4T?tag=eloabder-20&linkCode=osi&th=1&psc=1">View Product</a></div><div class="product"><a href="https://www.amazon.com/dp/B00VQ2RLNA?tag=eloabder-20&linkCode=osi&th=1&psc=1"><img src="https://m.media-amazon.com/images/I/513vvaHOurL._SL500_.jpg" alt="Product Image"></a><p>Burt's Bees Baby Infant Reversible Quilt Blanket, Jersey Knit, Soft, 100% Organic Cotton Blankets, with 100% Polyester Fill for Warm Padding, Size 37 x 46 Inch</p><p> -50% 0FF </p><p>$32.49</p><a href="https://www.amazon.com/dp/B00VQ2RLNA?tag=eloabder-20&linkCode=osi&th=1&psc=1">View Product</a></div><div class="product"><a href="https://www.amazon.com/dp/B01GKZO0U4?tag=eloabder-20&linkCode=osi&th=1&psc=1"><img src="https://m.media-amazon.com/images/I/21lI+ZZ6+3L._SL500_.jpg" alt="Product Image"></a><p>Tadpoles Quilted Toddler Comforter | 40" x 60" | Made of 100% Microfiber Polyester (Shell) & 200 GSM Fiberfill | Soft, Breathable & Durable | Ideal for Toddlers (12-48 Months) | Box Pattern in White</p><p> -12% 0FF </p><p>$21.99</p><a href="https://www.amazon.com/dp/B01GKZO0U4?tag=eloabder-20&linkCode=osi&th=1&psc=1">View Product</a></div><div class="product"><a href="https://www.amazon.com/dp/B0BRKBKSB5?tag=eloabder-20&linkCode=osi&th=1&psc=1"><img src="https://m.media-amazon.com/images/I/313gax4ZutL._SL500_.jpg" alt="Product Image"></a><p>ZPECC Toddler Comforter Blanket - 39" x 53" Down Alternative Crib Duvet Set, Includes Child Quilt, Flat Pillow, Bear Stitching</p><p> -26% 0FF </p><p>$18.49</p><a href="https://www.amazon.com/dp/B0BRKBKSB5?tag=eloabder-20&linkCode=osi&th=1&psc=1">View Product</a></div>
<div class="product"><a href="https://www.amazon.com/dp/B0BZVLW3XY?tag=eloabder-20&linkCode=osi&th=1&psc=1"><img src="https://m.media-amazon.com/images/I/41bnCsnrb2L._SL500_.jpg" alt="Product Image"></a><p>Yoofoss Baby Crib Sheets for Boys Girls, Fitted Crib Sheet 2 Pack for Standard Crib and Toddler Mattress, Super Soft Microfiber Baby Sheet 28x52x8in(Green+Leaf)</p><p> -17% 0FF </p><p>$9.99</p><a href="https://www.amazon.com/dp/B0BZVLW3XY?tag=eloabder-20&linkCode=osi&th=1&psc=1">View Product</a></div><div class="product"><a href="https://www.amazon.com/dp/B086YCZN5H?tag=eloabder-20&linkCode=osi&th=1&psc=1"><img src="https://m.media-amazon.com/images/I/41jKlfbIwGL._SL500_.jpg" alt="Product Image"></a><p>Crib Mattress Protector Sheets Fitted Waterproof Crib Mattress Pad Cover, Noiseless & Machine Wash 100% Absorbent Crib/Toddler Mattress Protector Sheet Quilted, White, 52" x 28"</p><p> -11% 0FF </p><p>$11.98</p><a href="https://www.amazon.com/dp/B086YCZN5H?tag=eloabder-20&linkCode=osi&th=1&psc=1">View Product</a></div><div class="product"><a href="https://www.amazon.com/dp/B0CLL7JPTY?tag=eloabder-20&linkCode=osi&th=1&psc=1"><img src="https://m.media-amazon.com/images/I/41X3AyJQqrL._SL500_.jpg" alt="Product Image"></a><p>PINNKKU 3-Piece Crib Bedding Set for Boy Girls, Includes Crib Skirt, Blanket and Crib Sheet, Crib Baby Bedding, Pintuck Pinch Pleat Pink</p><p> -19% 0FF </p><p>$34.99 ($11.66 / Count)</p><a href="https://www.amazon.com/dp/B0CLL7JPTY?tag=eloabder-20&linkCode=osi&th=1&psc=1">View Product</a></div><div class="product"><a href="https://www.amazon.com/dp/B08G3DCPYM?tag=eloabder-20&linkCode=osi&th=1&psc=1"><img src="https://m.media-amazon.com/images/I/51UmAUm+f-L._SL500_.jpg" alt="Product Image"></a><p>Bedtime Originals Mighty Jungle 3Piece Crib Bedding Set, Multicolor (283003V)</p><p> -27% 0FF </p><p>$49.49</p><a href="https://www.amazon.com/dp/B08G3DCPYM?tag=eloabder-20&linkCode=osi&th=1&psc=1">View Product</a></div><div class="product"><a href="https://www.amazon.com/dp/B0BRWWTS3M?tag=eloabder-20&linkCode=osi&th=1&psc=1"><img src="https://m.media-amazon.com/images/I/51WZGfoIsvL._SL500_.jpg" alt="Product Image"></a><p>The Peanutshell 3 Piece Baby Crib Bedding Set for Girls - Newborn, Infant & Toddler Nursery Bed Set Decor with Fitted Crib Sheet, Dust Ruffle, Crib Comforter - Wildest Dreams</p><p> -10% 0FF </p><p>$44.99</p><a href="https://www.amazon.com/dp/B0BRWWTS3M?tag=eloabder-20&linkCode=osi&th=1&psc=1">View Product</a></div>
<div class="product"><a href="https://www.amazon.com/dp/B010S7VZI0?tag=eloabder-20&linkCode=osi&th=1&psc=1"><img src="https://m.media-amazon.com/images/I/31Ll01T4-sL._SL500_.jpg" alt="Product Image"></a><p>Graco Premium Crib & Toddler Mattress – GREENGUARD Gold Certified & CertiPUR-US Certified, Fits All Standard Crib & Toddler Beds, Waterproof Sleep Surface, Machine-Washable Outer Cover for Easy Care</p><p> -25% 0FF </p><p>$89.99</p><a href="https://www.amazon.com/dp/B010S7VZI0?tag=eloabder-20&linkCode=osi&th=1&psc=1">View Product</a></div><div class="product"><a href="https://www.amazon.com/dp/B0030V4Z02?tag=eloabder-20&linkCode=osi&th=1&psc=1"><img src="https://m.media-amazon.com/images/I/416srazdlsL._SL500_.jpg" alt="Product Image"></a><p>Dream On Me Honeycomb Orthopedic Firm Fiber Standard Baby Crib Mattress, Greenguard Gold and JPMA Certified, 5” Fiber Core Optimum Support, Fits Crib and Toddler Bed, Waterproof Vinyl Cover</p><p> -7% 0FF </p><p>$59.87</p><a href="https://www.amazon.com/dp/B0030V4Z02?tag=eloabder-20&linkCode=osi&th=1&psc=1">View Product</a></div><div class="product"><a href="https://www.amazon.com/dp/B0BLK39GTG?tag=eloabder-20&linkCode=osi&th=1&psc=1"><img src="https://m.media-amazon.com/images/I/41U0AL73RKL._SL500_.jpg" alt="Product Image"></a><p>Letmxiu Premium Dual-Sided Crib & Toddler Mattress,100% Knitted Fabric,Premium Fleece-Hypoallergenic,5" Firm Soft Crib Mattress, Non-Toxic Toddler Bed Mattress Fits Standard Cribs & Toddler Beds</p><p> -14% 0FF </p><p>$59.99</p><a href="https://www.amazon.com/dp/B0BLK39GTG?tag=eloabder-20&linkCode=osi&th=1&psc=1">View Product</a></div><div class="product"><a href="https://www.amazon.com/dp/B0BWDRBYL4?tag=eloabder-20&linkCode=osi&th=1&psc=1"><img src="https://m.media-amazon.com/images/I/41dkngPyPEL._SL500_.jpg" alt="Product Image"></a><p>Tiankehan Premium Dual-Sided Baby Crib Mattress and Toddler Mattress - 52" x 27.6" x 5" - Breathable - Firm Soft - Fits Standard Cribs and Toddler Beds</p><p> -14% 0FF </p><p>$59.98</p><a href="https://www.amazon.com/dp/B0BWDRBYL4?tag=eloabder-20&linkCode=osi&th=1&psc=1">View Product</a></div>
<div class="product"><a href="https://www.amazon.com/dp/B0C7T23J3Y?tag=eloabder-20&linkCode=osi&th=1&psc=1"><img src="https://m.media-amazon.com/images/I/41wcurEQD3L._SL500_.jpg" alt="Product Image"></a><p>The Peanutshell Crib Mobile for Girls - Pink and White Musical Baby Crib Mobile with 12 Lullabies, Forest Baby Mobile Crib Little Forest Nursery Decor</p><p> -16% 0FF </p><p>$37.69</p><a href="https://www.amazon.com/dp/B0C7T23J3Y?tag=eloabder-20&linkCode=osi&th=1&psc=1">View Product</a></div><div class="product"><a href="https://www.amazon.com/dp/B0C7SC34Z3?tag=eloabder-20&linkCode=osi&th=1&psc=1"><img src="https://m.media-amazon.com/images/I/41i+L053hPL._SL500_.jpg" alt="Product Image"></a><p>The Peanutshell Crib Mobile for Boys or Girls - Light and Dark Blue Musical Baby Crib Mobile with 12 Lullabies, Ocean Baby Mobile Crib Nautical Nursery Decor</p><p> -11% 0FF </p><p>$39.99</p><a href="https://www.amazon.com/dp/B0C7SC34Z3?tag=eloabder-20&linkCode=osi&th=1&psc=1">View Product</a></div>
<div class="product"><a href="https://www.amazon.com/dp/B07K594Q7W?tag=eloabder-20&linkCode=osi&th=1&psc=1"><img src="https://m.media-amazon.com/images/I/41chCOFT3fL._SL500_.jpg" alt="Product Image"></a><p>Burt's Bees Baby Print Fitted Crib Sheet Organic Cotton BEESNUG - Hello Moon! Prints, Fits Unisex Standard Bed and Toddler Mattress, Infant Essentials, 52 x 28 Inch 1-Pack</p><p> -34% 0FF </p><p>$13.80</p><a href="https://www.amazon.com/dp/B07K594Q7W?tag=eloabder-20&linkCode=osi&th=1&psc=1">View Product</a></div><div class="product"><a href="https://www.amazon.com/dp/B08HYS8HCQ?tag=eloabder-20&linkCode=osi&th=1&psc=1"><img src="https://m.media-amazon.com/images/I/41OJxVS5clL._SL500_.jpg" alt="Product Image"></a><p>KeaBabies 2-Pack Organic Crib Sheets for Boys, Girls, Jersey Fitted Crib Sheet, Baby Crib Sheets Neutral, Cotton Breathable Crib Sheet, Cute Printed Crib Mattress Sheet, Baby Mattress Sheets(Woodland)</p><p> -27% 0FF </p><p>$21.96</p><a href="https://www.amazon.com/dp/B08HYS8HCQ?tag=eloabder-20&linkCode=osi&th=1&psc=1">View Product</a></div><div class="product"><a href="https://www.amazon.com/dp/B07JBRWPRZ?tag=eloabder-20&linkCode=osi&th=1&psc=1"><img src="https://m.media-amazon.com/images/I/41WkDf7XWaL._SL500_.jpg" alt="Product Image"></a><p>American Baby Company 3 Pack Fitted Mini Crib Sheet 24" x 38", Soft Breathable Neutral 100% Cotton Jersey Portable Sheet, Gray Star/Zigzag, for Boys and Girls, Fits Most Pack N Play Mattresses</p><p> -20% 0FF </p><p>$14.34</p><a href="https://www.amazon.com/dp/B07JBRWPRZ?tag=eloabder-20&linkCode=osi&th=1&psc=1">View Product</a></div><div class="product"><a href="https://www.amazon.com/dp/B0BGWX27FP?tag=eloabder-20&linkCode=osi&th=1&psc=1"><img src="https://m.media-amazon.com/images/I/41tRk-EAY-L._SL500_.jpg" alt="Product Image"></a><p>4-Pack Fitted Crib Sheets for Boys and Girls - Breathable, Soft Microfiber Baby Sheets in Grey, Navy and White</p><p> -9% 0FF </p><p>$19.99 ($5.00 / Count)</p><a href="https://www.amazon.com/dp/B0BGWX27FP?tag=eloabder-20&linkCode=osi&th=1&psc=1">View Product</a></div>
<div class="product"><a href="https://www.amazon.com/dp/B082WW1FCQ?tag=eloabder-20&linkCode=osi&th=1&psc=1"><img src="https://m.media-amazon.com/images/I/416EVH-FKwL._SL500_.jpg" alt="Product Image"></a><p>Crib Bed Skirt 28” x 52” with 14” Drop Pleated Dust Ruffle for Baby Boys Girls Elastic Adjustable Fit Toddler Bedskirt Easy On/Off Soft Nursery Standard Crib Bedding Skirts Solid White Crib Skirt</p><p> -18% 0FF </p><p>$17.99</p><a href="https://www.amazon.com/dp/B082WW1FCQ?tag=eloabder-20&linkCode=osi&th=1&psc=1">View Product</a></div><div class="product"><a href="https://www.amazon.com/dp/B000YFU77W?tag=eloabder-20&linkCode=osi&th=1&psc=1"><img src="https://m.media-amazon.com/images/I/31R9qJzse7L._SL500_.jpg" alt="Product Image"></a><p>American Baby Company 100% Natural Cotton Percale Ruffled Crib Skirt, Cream, 52"L x 28"W + 13.5"</p><p> -33% 0FF </p><p>$16.79</p><a href="https://www.amazon.com/dp/B000YFU77W?tag=eloabder-20&linkCode=osi&th=1&psc=1">View Product</a></div><div class="product"><a href="https://www.amazon.com/dp/B0B5YML25P?tag=eloabder-20&linkCode=osi&th=1&psc=1"><img src="https://m.media-amazon.com/images/I/31DyVARAxlL._SL500_.jpg" alt="Product Image"></a><p>Lush Decor Ruffle Crib Skirt, 16" Drop, White</p><p> -26% 0FF </p><p>$28.19</p><a href="https://www.amazon.com/dp/B0B5YML25P?tag=eloabder-20&linkCode=osi&th=1&psc=1">View Product</a></div>
<div class="product"><a href="https://www.amazon.com/dp/B0D8B4FNHF?tag=eloabder-20&linkCode=osi&th=1&psc=1"><img src="https://m.media-amazon.com/images/I/41gmkYMTEaL._SL500_.jpg" alt="Product Image"></a><p>CHICWAY Baby Patter for Sleep, Baby Sleep Soother, Baby Vibrating Soother 3 Vibration Modes & Intensities Help Baby Sleep, Crib Toy, Crib Accessory, Registry Gift, Shower Gift, Newborn Baby Essentials</p><p> -54% 0FF </p><p>$22.91</p><a href="https://www.amazon.com/dp/B0D8B4FNHF?tag=eloabder-20&linkCode=osi&th=1&psc=1">View Product</a></div><div class="product"><a href="https://www.amazon.com/dp/B009UPUFCY?tag=eloabder-20&linkCode=osi&th=1&psc=1"><img src="https://m.media-amazon.com/images/I/41MuYdMqcXL._SL500_.jpg" alt="Product Image"></a><p>Munchkin® Lulla-Vibe™ Vibrating Mattress Pad Sleep Soother</p><p> -9% 0FF </p><p>$27.25</p><a href="https://www.amazon.com/dp/B009UPUFCY?tag=eloabder-20&linkCode=osi&th=1&psc=1">View Product</a></div>

<div class="product"><a href="https://www.amazon.com/dp/B098TWMRNV?tag=eloabder-20&linkCode=osi&th=1&psc=1"><img src="https://m.media-amazon.com/images/I/51eBNBdbFPL._SL500_.jpg" alt="Product Image"></a><p>PILLANI Baby Diaper Bag Backpack - Baby Bag for Boys & Girls - Diaper Backpack - Large Travel Diaper Bags w/Changing Pad - Baby Registry Search & Shower Gifts Newborn Essentials & Items for Mom, Gray</p><p> -37% 0FF </p><p>$34.99</p><a href="https://www.amazon.com/dp/B098TWMRNV?tag=eloabder-20&linkCode=osi&th=1&psc=1">View Product</a></div><div class="product"><a href="https://www.amazon.com/dp/B07HL6FV5F?tag=eloabder-20&linkCode=osi&th=1&psc=1"><img src="https://m.media-amazon.com/images/I/41CpqR1T2iL._SL500_.jpg" alt="Product Image"></a><p>RUVALINO Diaper Bag Backpack - Multifunction Waterproof Travel Essentials, Maternity Baby Bag with Changing Pad & Stroller D-Ring & Pacifier Case - Baby Registry Search/Items & Shower Gifts - Black</p><p> -51% 0FF </p><p>$43.99</p><a href="https://www.amazon.com/dp/B07HL6FV5F?tag=eloabder-20&linkCode=osi&th=1&psc=1">View Product</a></div><div class="product"><a href="https://www.amazon.com/dp/B0BSKZFV8Z?tag=eloabder-20&linkCode=osi&th=1&psc=1"><img src="https://m.media-amazon.com/images/I/41kJJGd0-KL._SL500_.jpg" alt="Product Image"></a><p>Skip Hop Diaper Bag Backpack: Forma, Multi-Function Baby Travel Bag with Changing Pad & Stroller Attachment, Sage</p><p> -6% 0FF </p><p>$74.49</p><a href="https://www.amazon.com/dp/B0BSKZFV8Z?tag=eloabder-20&linkCode=osi&th=1&psc=1">View Product</a></div>
<div class="product"><a href="https://www.amazon.com/dp/B00569GU18?tag=eloabder-20&linkCode=osi&th=1&psc=1"><img src="https://m.media-amazon.com/images/I/41Zx990UFlL._SL500_.jpg" alt="Product Image"></a><p>Boudreaux's Butt Paste Maximum Strength Diaper Rash Cream, Ointment for Baby, 4 oz Tube</p><p> -12% 0FF </p><p>$7.48 ($1.87 / Ounce)</p><a href="https://www.amazon.com/dp/B00569GU18?tag=eloabder-20&linkCode=osi&th=1&psc=1">View Product</a></div><div class="product"><a href="https://www.amazon.com/dp/B00ZQXT4EY?tag=eloabder-20&linkCode=osi&th=1&psc=1"><img src="https://m.media-amazon.com/images/I/31SXI-cW6IL._SL500_.jpg" alt="Product Image"></a><p>Desitin Maximum Strength Baby Diaper Rash Cream, 40% Zinc Oxide for Treatment, Relief & Prevention, Hypoallergenic, Phthalate- & Paraben-Free Paste, Protects Skin for 12 Hours, 4.8 oz</p><p> -38% 0FF </p><p>$7.33 ($1.53 / Ounce)</p><a href="https://www.amazon.com/dp/B00ZQXT4EY?tag=eloabder-20&linkCode=osi&th=1&psc=1">View Product</a></div><div class="product"><a href="https://www.amazon.com/dp/B082QBB8KQ?tag=eloabder-20&linkCode=osi&th=1&psc=1"><img src="https://m.media-amazon.com/images/I/51vNnfQ6MmL._SL500_.jpg" alt="Product Image"></a><p>Aquaphor Baby Diaper Rash Paste - For Serious Diaper Rash and Flare-ups - 3.5 Oz. Tube</p><p> -5% 0FF </p><p>$7.87 ($2.25 / Ounce)</p><a href="https://www.amazon.com/dp/B082QBB8KQ?tag=eloabder-20&linkCode=osi&th=1&psc=1">View Product</a></div><div class="product"><a href="https://www.amazon.com/dp/B00M0N9J20?tag=eloabder-20&linkCode=osi&th=1&psc=1"><img src="https://m.media-amazon.com/images/I/41t50K+y9yL._SL500_.jpg" alt="Product Image"></a><p>Desitin Daily Defense Baby Diaper Rash Cream with Zinc Oxide to Treat, Relieve & Prevent diaper rash, Hypoallergenic, Dye-, Phthalate- & Paraben-Free, 4 oz</p><p> -42% 0FF </p><p>$5.39 ($1.35 / Ounce)</p><a href="https://www.amazon.com/dp/B00M0N9J20?tag=eloabder-20&linkCode=osi&th=1&psc=1">View Product</a></div><div class="product"><a href="https://www.amazon.com/dp/B00Q2MYU9W?tag=eloabder-20&linkCode=osi&th=1&psc=1"><img src="https://m.media-amazon.com/images/I/51PiNmf+vpL._SL500_.jpg" alt="Product Image"></a><p>Aquaphor Baby Diaper Rash Cream, 3-in-1 Diaper Rash Relief, 3.5 Oz Tube</p><p> -17% 0FF </p><p>$18.69 ($1.78 / Ounce)</p><a href="https://www.amazon.com/dp/B00Q2MYU9W?tag=eloabder-20&linkCode=osi&th=1&psc=1">View Product</a></div><div class="product"><a href="https://www.amazon.com/dp/B0B4PNGXFS?tag=eloabder-20&linkCode=osi&th=1&psc=1"><img src="https://m.media-amazon.com/images/I/51BB218LJpL._SL500_.jpg" alt="Product Image"></a><p>Triple Paste Diaper Rash Cream for Baby - 3 oz Tube - Zinc Oxide Ointment Treats, Soothes and Prevents Diaper Rash - Pediatrician-Recommended Hypoallergenic Formula with Soothing Botanicals</p><p> -25% 0FF </p><p>$8.96 ($2.99 / Ounce)</p><a href="https://www.amazon.com/dp/B0B4PNGXFS?tag=eloabder-20&linkCode=osi&th=1&psc=1">View Product</a></div><div class="product"><a href="https://www.amazon.com/dp/B00KFITCXS?tag=eloabder-20&linkCode=osi&th=1&psc=1"><img src="https://m.media-amazon.com/images/I/41Upagho5nL._SL500_.jpg" alt="Product Image"></a><p>The Honest Company Hypoallergenic Diaper Rash Cream | Moisturizing + Calming Zinc Oxide Ointment | NEA Recognized, Cruelty Free | 2.5 oz</p><p> -7% 0FF </p><p>$10.25 ($4.10 / Ounce)</p><a href="https://www.amazon.com/dp/B00KFITCXS?tag=eloabder-20&linkCode=osi&th=1&psc=1">View Product</a></div><div class="product"><a href="https://www.amazon.com/dp/B000LTJRQ8?tag=eloabder-20&linkCode=osi&th=1&psc=1"><img src="https://m.media-amazon.com/images/I/51z4dtHfCgL._SL500_.jpg" alt="Product Image"></a><p>Triple Paste Diaper Rash Cream for Baby - 8 Oz Tub - Zinc Oxide Ointment Treats, Soothes and Prevents Diaper Rash - Pediatrician-Recommended Hypoallergenic Formula with Soothing Botanicals</p><p> -27% 0FF </p><p>$14.53 ($1.82 / Ounce)</p><a href="https://www.amazon.com/dp/B000LTJRQ8?tag=eloabder-20&linkCode=osi&th=1&psc=1">View Product</a></div><div class="product"><a href="https://www.amazon.com/dp/B00BH0PZBG?tag=eloabder-20&linkCode=osi&th=1&psc=1"><img src="https://m.media-amazon.com/images/I/41nENIiSAHL._SL500_.jpg" alt="Product Image"></a><p>Desitin Maximum Strength Baby Diaper Rash Cream with 40% Zinc Oxide for Treatment, Relief & Prevention, Hypoallergenic, Phthalate- & Paraben-Free Paste, 16 oz</p><p> -31% 0FF </p><p>$18.44 ($1.15 / Ounce)</p><a href="https://www.amazon.com/dp/B00BH0PZBG?tag=eloabder-20&linkCode=osi&th=1&psc=1">View Product</a></div><div class="product"><a href="https://www.amazon.com/dp/B000V3MFUY?tag=eloabder-20&linkCode=osi&th=1&psc=1"><img src="https://m.media-amazon.com/images/I/31To+A+IRQL._SL500_.jpg" alt="Product Image"></a><p>Weleda Baby Calendula Diaper Cream, 2.8 Fluid Ounce, Plant Rich Protection with Calendula, Chamomile, Sweet Almond Oil, Lanolin and Zinc Oxide</p><p> -12% 0FF </p><p>$12.32 ($4.40 / Ounce)</p><a href="https://www.amazon.com/dp/B000V3MFUY?tag=eloabder-20&linkCode=osi&th=1&psc=1">View Product</a></div>
<div class="product"><a href="https://www.amazon.com/dp/B012UFN9T6?tag=eloabder-20&linkCode=osi&th=1&psc=1"><img src="https://m.media-amazon.com/images/I/51SxpJF694L._SL500_.jpg" alt="Product Image"></a><p>Nuby Diaper Disposal Bags for Baby - (6-Pack) 50 Count Disposable Bags - Fresh Baby Powder Scent - Blue</p><p> -10% 0FF </p><p>$16.15</p><a href="https://www.amazon.com/dp/B012UFN9T6?tag=eloabder-20&linkCode=osi&th=1&psc=1">View Product</a></div>
<div class="product"><a href="https://www.amazon.com/dp/B0CPR2N8FD?tag=eloabder-20&linkCode=osi&th=1&psc=1"><img src="https://m.media-amazon.com/images/I/41uXmeS+P5L._SL500_.jpg" alt="Product Image"></a><p>Diaper Genie Select Pail Registry Gift Set (White) | Made of Durable Stainless Steel Metal | Includes 2 Jumbo Refills | Holds 1620 Newborn Diapers</p><p> -20% 0FF </p><p>$59.99</p><a href="https://www.amazon.com/dp/B0CPR2N8FD?tag=eloabder-20&linkCode=osi&th=1&psc=1">View Product</a></div><div class="product"><a href="https://www.amazon.com/dp/B0CNS3R8T7?tag=eloabder-20&linkCode=osi&th=1&psc=1"><img src="https://m.media-amazon.com/images/I/31BIw9M8SwL._SL500_.jpg" alt="Product Image"></a><p>Diaper Genie Classic Pail Includes 1 Starter Square Refill That can Hold up to 165 Newborn-Sized Diapers.</p><p> -20% 0FF </p><p>$23.99</p><a href="https://www.amazon.com/dp/B0CNS3R8T7?tag=eloabder-20&linkCode=osi&th=1&psc=1">View Product</a></div><div class="product"><a href="https://www.amazon.com/dp/B0BWGZ7J7W?tag=eloabder-20&linkCode=osi&th=1&psc=1"><img src="https://m.media-amazon.com/images/I/41pqvAOekFL._SL500_.jpg" alt="Product Image"></a><p>Diaper Genie Signature Gift Set | Includes Easy Roll Refill with 48 Bags | Holds Up to 2256 Newborn Diapers</p><p> -41% 0FF </p><p>$52.79</p><a href="https://www.amazon.com/dp/B0BWGZ7J7W?tag=eloabder-20&linkCode=osi&th=1&psc=1">View Product</a></div><div class="product"><a href="https://www.amazon.com/dp/B00821FLT4?tag=eloabder-20&linkCode=osi&th=1&psc=1"><img src="https://m.media-amazon.com/images/I/21an29pWMkL._SL500_.jpg" alt="Product Image"></a><p>Ubbi Steel Diaper Pail, Odor Locking, No Special Bag Required, Award-Winning, Registry Must-Have, White</p><p> -30% 0FF </p><p>$55.99</p><a href="https://www.amazon.com/dp/B00821FLT4?tag=eloabder-20&linkCode=osi&th=1&psc=1">View Product</a></div><div class="product"><a href="https://www.amazon.com/dp/B0BWGWZ2J4?tag=eloabder-20&linkCode=osi&th=1&psc=1"><img src="https://m.media-amazon.com/images/I/317sppbydxL._SL500_.jpg" alt="Product Image"></a><p>Diaper Genie Signature Pail (Grey) Includes 1 Easy Roll Refill with 18 Bags | Holds Up to 846 Newborn-Sized Diapers Per Refill</p><p> -20% 0FF </p><p>$47.99</p><a href="https://www.amazon.com/dp/B0BWGWZ2J4?tag=eloabder-20&linkCode=osi&th=1&psc=1">View Product</a></div>
<div class="product"><a href="https://www.amazon.com/dp/B0083973FK?tag=eloabder-20&linkCode=osi&th=1&psc=1"><img src="https://m.media-amazon.com/images/I/51c+QHPetfL._SL500_.jpg" alt="Product Image"></a><p>Sposie Booster Pads, Stop Overnight Diaper Leaks, Adhesive-Free for Easy repositioning, Helps Reduce Nighttime Diaper Changes and Diaper Rash, Use with Sizes 4-6, 90 ct.</p><p> -20% 0FF </p><p>$39.99 ($0.44 / Count)</p><a href="https://www.amazon.com/dp/B0083973FK?tag=eloabder-20&linkCode=osi&th=1&psc=1">View Product</a></div><div class="product"><a href="https://www.amazon.com/dp/B07V4MZF2W?tag=eloabder-20&linkCode=osi&th=1&psc=1"><img src="https://m.media-amazon.com/images/I/51u-l608rTL._SL500_.jpg" alt="Product Image"></a><p>Dimples Booster Pads, Baby Diaper Doubler with Adhesive - 1 Size Fits All Diapers - Boosts Diaper Absorbency - No More leaks 90 Count (with Adhesive for Secure Fit)</p><p> -15% 0FF </p><p>$27.99 ($0.31 / Count)</p><a href="https://www.amazon.com/dp/B07V4MZF2W?tag=eloabder-20&linkCode=osi&th=1&psc=1">View Product</a></div><div class="product"><a href="https://www.amazon.com/dp/B0CBQQKMS2?tag=eloabder-20&linkCode=osi&th=1&psc=1"><img src="https://m.media-amazon.com/images/I/51IK5dDp++L._SL500_.jpg" alt="Product Image"></a><p>Inspire Ultra Dimples Diaper Booster Pads | Our Most Absorbent Diaper Inserts Ever | Diaper Pads Inserts Overnight or Daytime | Diaper Liners Turn Any Diaper into Super Overnight Diapers for Babies</p><p> -17% 0FF </p><p>$9.99 ($0.48 / Count)</p><a href="https://www.amazon.com/dp/B0CBQQKMS2?tag=eloabder-20&linkCode=osi&th=1&psc=1">View Product</a></div>
<div class="product"><a href="https://www.amazon.com/dp/B0B5WF7S9F?tag=eloabder-20&linkCode=osi&th=1&psc=1"><img src="https://m.media-amazon.com/images/I/41vB5uYpocL._SL500_.jpg" alt="Product Image"></a><p>Mr. Pen- Baby Diaper Caddy Organizer, Car Caddy, Portable Organizer for Changing Table, Nursery</p><p> -14% 0FF </p><p>$12.85</p><a href="https://www.amazon.com/dp/B0B5WF7S9F?tag=eloabder-20&linkCode=osi&th=1&psc=1">View Product</a></div><div class="product"><a href="https://www.amazon.com/dp/B0734LPFJR?tag=eloabder-20&linkCode=osi&th=1&psc=1"><img src="https://m.media-amazon.com/images/I/51TCskU5lyL._SL500_.jpg" alt="Product Image"></a><p>Lily Miles Baby Diaper Caddy - Large Organizer Tote Bag for Baby essentials Boy or Girl - Baby Shower Basket - Nursery Must Haves - Registry Favorites - Newborn Caddie Car Travel</p><p> -17% 0FF </p><p>$24.95</p><a href="https://www.amazon.com/dp/B0734LPFJR?tag=eloabder-20&linkCode=osi&th=1&psc=1">View Product</a></div><div class="product"><a href="https://www.amazon.com/dp/B0D4LRZW48?tag=eloabder-20&linkCode=osi&th=1&psc=1"><img src="https://m.media-amazon.com/images/I/41NadHwjJlL._SL500_.jpg" alt="Product Image"></a><p>KEETDY Large Diaper Pocket Over the Door Organizer for Nursery, Closet Door Hanging Storage, Baby Organizers and Storage for Newborn Essentials & Diaper Organizer, Beige</p><p> -19% 0FF </p><p>$16.99</p><a href="https://www.amazon.com/dp/B0D4LRZW48?tag=eloabder-20&linkCode=osi&th=1&psc=1">View Product</a></div>
<div class="product"><a href="https://www.amazon.com/dp/B01BDQDIGM?tag=eloabder-20&linkCode=osi&th=1&psc=1"><img src="https://m.media-amazon.com/images/I/41ym1o+HI0L._SL500_.jpg" alt="Product Image"></a><p>Munchkin® STEP™ Diaper Pail Powered by Arm & Hammer, #1 in Odor Control, Award-Winning, Includes 1 Snap, Seal & Toss™ Bag, 1 Starter Refill Ring, and 1 PUCK™ Baking Soda Cartridge</p><p> -19% 0FF </p><p>$59.99</p><a href="https://www.amazon.com/dp/B01BDQDIGM?tag=eloabder-20&linkCode=osi&th=1&psc=1">View Product</a></div><div class="product"><a href="https://www.amazon.com/dp/B0CNS3NMT5?tag=eloabder-20&linkCode=osi&th=1&psc=1"><img src="https://m.media-amazon.com/images/I/41VFasXJE-L._SL500_.jpg" alt="Product Image"></a><p>Diaper Genie Select Pail (Blue) is Made of Durable Stainless Steel and Includes 1 Starter Square Refill That can Hold up to 165 Newborn-Sized Diapers.</p><p> -34% 0FF </p><p>$32.79</p><a href="https://www.amazon.com/dp/B0CNS3NMT5?tag=eloabder-20&linkCode=osi&th=1&psc=1">View Product</a></div><div class="product"><a href="https://www.amazon.com/dp/B000RLQZD8?tag=eloabder-20&linkCode=osi&th=1&psc=1"><img src="https://m.media-amazon.com/images/I/41vuQVcyESL._SL500_.jpg" alt="Product Image"></a><p>Diaper Dekor Plus Hands-Free Diaper Pail | White | Easiest to Use | Just Step–Drop–Done | Doesn’t Absorb Odors | 20 Second Bag Change | Most Economical Refill System | Great for Cloth Diapers</p><p> -9% 0FF </p><p>$49.95</p><a href="https://www.amazon.com/dp/B000RLQZD8?tag=eloabder-20&linkCode=osi&th=1&psc=1">View Product</a></div>
<div class="product"><a href="https://www.amazon.com/dp/B016N3PHBO?tag=eloabder-20&linkCode=osi&th=1&psc=1"><img src="https://m.media-amazon.com/images/I/31X8EAoIwzL._SL500_.jpg" alt="Product Image"></a><p>A+D Zinc Oxide Diaper Rash Treatment Cream, Dimenthicone 1%, Zinc Oxide 10%, Easy Spreading Baby Skin Care, 4 Ounce Tube (Packaging May Vary)</p><p> -9% 0FF </p><p>$5.47 ($0.98 / Ounce)</p><a href="https://www.amazon.com/dp/B016N3PHBO?tag=eloabder-20&linkCode=osi&th=1&psc=1">View Product</a></div>
<div class="product"><a href="https://www.amazon.com/dp/B073V5XZHZ?tag=eloabder-20&linkCode=osi&th=1&psc=1"><img src="https://m.media-amazon.com/images/I/41FJH3vX0xL._SL500_.jpg" alt="Product Image"></a><p>hiccapop Hanging Diaper Organizer for Changing Table, Cribs and Walls, Diaper Stacker and Nursery Organizer | Hanging Storage Caddy Organizer for Baby Essentials |</p><p> -14% 0FF </p><p>$29.92</p><a href="https://www.amazon.com/dp/B073V5XZHZ?tag=eloabder-20&linkCode=osi&th=1&psc=1">View Product</a></div>

<div class="product"><a href="https://www.amazon.com/dp/B07MB5PZBF?tag=eloabder-20&linkCode=osi&th=1&psc=1"><img src="https://m.media-amazon.com/images/I/51JYyHL1KML._SL500_.jpg" alt="Product Image"></a><p>Huggies Size 1 Diapers, Little Snugglers Newborn Diapers, Size 1 (8-14 lbs), 32 Count</p><p> -19% 0FF </p><p>$9.94 ($0.31 / Count)</p><a href="https://www.amazon.com/dp/B07MB5PZBF?tag=eloabder-20&linkCode=osi&th=1&psc=1">View Product</a></div><div class="product"><a href="https://www.amazon.com/dp/B07T4WQRNJ?tag=eloabder-20&linkCode=osi&th=1&psc=1"><img src="https://m.media-amazon.com/images/I/41yeY7iBMEL._SL500_.jpg" alt="Product Image"></a><p>Amazon Brand - Mama Bear Gentle Touch Diapers, Hypoallergenic, Size 5, 33 Count, White</p><p> -9% 0FF </p><p>$11.61</p><a href="https://www.amazon.com/dp/B07T4WQRNJ?tag=eloabder-20&linkCode=osi&th=1&psc=1">View Product</a></div><div class="product"><a href="https://www.amazon.com/dp/B0CKV3GLS2?tag=eloabder-20&linkCode=osi&th=1&psc=1"><img src="https://m.media-amazon.com/images/I/51zE6kc5RWL._SL500_.jpg" alt="Product Image"></a><p>The Honest Company Clean Conscious Diapers | Plant-Based, Sustainable | Young at Heart + Rose Blossom | Club Box, Size 2 (12-18 lbs), 72 Count</p><p> -15% 0FF </p><p>$25.49 ($0.35 / Count)</p><a href="https://www.amazon.com/dp/B0CKV3GLS2?tag=eloabder-20&linkCode=osi&th=1&psc=1">View Product</a></div><div class="product"><a href="https://www.amazon.com/dp/B0CHGJ4YVM?tag=eloabder-20&linkCode=osi&th=1&psc=1"><img src="https://m.media-amazon.com/images/I/51eBhAfAr+L._SL500_.jpg" alt="Product Image"></a><p>Huggies Size 1 Diapers, Skin Essentials Baby Diapers, Size 1 (8-14 lbs), 32 Count</p><p> -19% 0FF </p><p>$9.94 ($0.31 / Count)</p><a href="https://www.amazon.com/dp/B0CHGJ4YVM?tag=eloabder-20&linkCode=osi&th=1&psc=1">View Product</a></div>
<div class="product"><a href="https://www.amazon.com/dp/B005OSHTXO?tag=eloabder-20&linkCode=osi&th=1&psc=1"><img src="https://m.media-amazon.com/images/I/41MQMmwwDUL._SL500_.jpg" alt="Product Image"></a><p>Badger Basket Modern Baby Changing Table with Laundry Hamper, 3 Storage Drawers and Pad, Diaper Change Station - Espresso/Ecru</p><p> -35% 0FF </p><p>$122.99</p><a href="https://www.amazon.com/dp/B005OSHTXO?tag=eloabder-20&linkCode=osi&th=1&psc=1">View Product</a></div><div class="product"><a href="https://www.amazon.com/dp/B0C84T1L1F?tag=eloabder-20&linkCode=osi&th=1&psc=1"><img src="https://m.media-amazon.com/images/I/31VUJhNc2fL._SL500_.jpg" alt="Product Image"></a><p>Portable Baby Changing Table with 2 Storage Baskets, BabyBond Foldable Changing Table Dresser Waterproof Diaper Changing Table Height Adjustable Changing Station for Infant and Newborn(Beige)</p><p> -10% 0FF </p><p>$143.99</p><a href="https://www.amazon.com/dp/B0C84T1L1F?tag=eloabder-20&linkCode=osi&th=1&psc=1">View Product</a></div><div class="product"><a href="https://www.amazon.com/dp/B002ACCC52?tag=eloabder-20&linkCode=osi&th=1&psc=1"><img src="https://m.media-amazon.com/images/I/415B3nyWlOS._SL500_.jpg" alt="Product Image"></a><p>Delta Children Eclipse Changing Table with Changing Pad, Black Cherry</p><p> -24% 0FF </p><p>$106.98</p><a href="https://www.amazon.com/dp/B002ACCC52?tag=eloabder-20&linkCode=osi&th=1&psc=1">View Product</a></div>
<div class="product"><a href="https://www.amazon.com/dp/B01AZ20SSQ?tag=eloabder-20&linkCode=osi&th=1&psc=1"><img src="https://m.media-amazon.com/images/I/51gIZq6E8lL._SL500_.jpg" alt="Product Image"></a><p>Baby Trend Sit N' Stand Double Stroller, Onyx</p><p> -30% 0FF </p><p>$139.99</p><a href="https://www.amazon.com/dp/B01AZ20SSQ?tag=eloabder-20&linkCode=osi&th=1&psc=1">View Product</a></div><div class="product"><a href="https://www.amazon.com/dp/B07B7QC8DV?tag=eloabder-20&linkCode=osi&th=1&psc=1"><img src="https://m.media-amazon.com/images/I/41bHbNU6jhL._SL500_.jpg" alt="Product Image"></a><p>Jeep Destination Ultralight Side x Side Double Stroller, Midnight</p><p> -15% 0FF </p><p>$254.00</p><a href="https://www.amazon.com/dp/B07B7QC8DV?tag=eloabder-20&linkCode=osi&th=1&psc=1">View Product</a></div><div class="product"><a href="https://www.amazon.com/dp/B00GJIXW2K?tag=eloabder-20&linkCode=osi&th=1&psc=1"><img src="https://m.media-amazon.com/images/I/518kAj+pzjL._SL500_.jpg" alt="Product Image"></a><p>Delta Children LX Side by Side Stroller - with Recline, Storage & Compact Fold, Grey</p><p> -33% 0FF </p><p>$74.00</p><a href="https://www.amazon.com/dp/B00GJIXW2K?tag=eloabder-20&linkCode=osi&th=1&psc=1">View Product</a></div><div class="product"><a href="https://www.amazon.com/dp/B01L7C479Y?tag=eloabder-20&linkCode=osi&th=1&psc=1"><img src="https://m.media-amazon.com/images/I/51QBKRK7LwL._SL500_.jpg" alt="Product Image"></a><p>Jeep Scout Double Stroller, Charcoal Galaxy</p><p> -8% 0FF </p><p>$109.99</p><a href="https://www.amazon.com/dp/B01L7C479Y?tag=eloabder-20&linkCode=osi&th=1&psc=1">View Product</a></div><div class="product"><a href="https://www.amazon.com/dp/B07BVMSHTZ?tag=eloabder-20&linkCode=osi&th=1&psc=1"><img src="https://m.media-amazon.com/images/I/41arpDdiGJL._SL500_.jpg" alt="Product Image"></a><p>Baby Trend Expedition Double Jogger Stroller, Griffin</p><p> -12% 0FF </p><p>$219.99</p><a href="https://www.amazon.com/dp/B07BVMSHTZ?tag=eloabder-20&linkCode=osi&th=1&psc=1">View Product</a></div><div class="product"><a href="https://www.amazon.com/dp/B095JMDHG1?tag=eloabder-20&linkCode=osi&th=1&psc=1"><img src="https://m.media-amazon.com/images/I/41RzxXFC3zL._SL500_.jpg" alt="Product Image"></a><p>Summer Infant 3Dlite Folding Lightweight Side by Side Double Stroller with 5-Point Safety Harness for Infants and Toddlers, Black</p><p> -10% 0FF </p><p>$143.99</p><a href="https://www.amazon.com/dp/B095JMDHG1?tag=eloabder-20&linkCode=osi&th=1&psc=1">View Product</a></div>
<div class="product"><a href="https://www.amazon.com/dp/B08SQ88X9F?tag=eloabder-20&linkCode=osi&th=1&psc=1"><img src="https://m.media-amazon.com/images/I/614bujHCtPL._SL500_.jpg" alt="Product Image"></a><p>One Fire Night Light for Kids, 96 Lighting Modes Star Projector 360° Rotating+6 Films Kids Night Light Projector,Rechargeable Baby Night Light Ceiling Projector for Bedroom,Kids Gifts&Kids Room Decor</p><p> -29% 0FF </p><p>$14.98</p><a href="https://www.amazon.com/dp/B08SQ88X9F?tag=eloabder-20&linkCode=osi&th=1&psc=1">View Product</a></div><div class="product"><a href="https://www.amazon.com/dp/B07NZN2ZYN?tag=eloabder-20&linkCode=osi&th=1&psc=1"><img src="https://m.media-amazon.com/images/I/51PBHAO+ngL._SL500_.jpg" alt="Product Image"></a><p>Night Light for Kids,Unicorn Night Light Star Projector Gifts for Kids Toddlers,Night Lights Projector for Baby,Unicorn Lamp Ceiling Lights for Girls Bedroom,Night Light for Kids Bedroom(Light Pink)</p><p> -25% 0FF </p><p>$14.99</p><a href="https://www.amazon.com/dp/B07NZN2ZYN?tag=eloabder-20&linkCode=osi&th=1&psc=1">View Product</a></div><div class="product"><a href="https://www.amazon.com/dp/B01LQX0BXA?tag=eloabder-20&linkCode=osi&th=1&psc=1"><img src="https://m.media-amazon.com/images/I/41BcHezl7XL._SL500_.jpg" alt="Product Image"></a><p>Emotionlite Plug in Night Light, Warm White LED Nightlights, Dusk to Dawn Sensor, Kids, Nursery, Bedroom, Bathroom,Hallway, Stairs, Kitchen, UL Listed, 4 Pack</p><p> -17% 0FF </p><p>$9.99 ($2.50 / Count)</p><a href="https://www.amazon.com/dp/B01LQX0BXA?tag=eloabder-20&linkCode=osi&th=1&psc=1">View Product</a></div><div class="product"><a href="https://www.amazon.com/dp/B07H71NHYM?tag=eloabder-20&linkCode=osi&th=1&psc=1"><img src="https://m.media-amazon.com/images/I/412t0Nzaz2L._SL500_.jpg" alt="Product Image"></a><p>2 Pack Sensor LED Night Lights, Color Changing Plug-in Led Mushroom Dream Bed Lamp for Kids Children Adults, Dusk to Dawn Sensor Auto On/Off, Funny Wall Decor Gifts for Nursery Baby Bed Flower Lamp</p><p> -20% 0FF </p><p>$7.99 ($4.00 / Count)</p><a href="https://www.amazon.com/dp/B07H71NHYM?tag=eloabder-20&linkCode=osi&th=1&psc=1">View Product</a></div>
<div class="product"><a href="https://www.amazon.com/dp/B07N1JP56L?tag=eloabder-20&linkCode=osi&th=1&psc=1"><img src="https://m.media-amazon.com/images/I/31R-qSPlk8L._SL500_.jpg" alt="Product Image"></a><p>Fisher-Price Baby Toy Soothe 'n Snuggle Otter Portable Plush Sound Machine with Music Lights & Breathing Motion for Newborns 0+ Months</p><p> -14% 0FF </p><p>$36.99</p><a href="https://www.amazon.com/dp/B07N1JP56L?tag=eloabder-20&linkCode=osi&th=1&psc=1">View Product</a></div><div class="product"><a href="https://www.amazon.com/dp/B006YBHE6M?tag=eloabder-20&linkCode=osi&th=1&psc=1"><img src="https://m.media-amazon.com/images/I/51xjlvsIJlL._SL500_.jpg" alt="Product Image"></a><p>Baby Einstein Sea Dreams Soother, Crib Mount</p><p> -15% 0FF </p><p>$53.99</p><a href="https://www.amazon.com/dp/B006YBHE6M?tag=eloabder-20&linkCode=osi&th=1&psc=1">View Product</a></div><div class="product"><a href="https://www.amazon.com/dp/B075LRC7Z4?tag=eloabder-20&linkCode=osi&th=1&psc=1"><img src="https://m.media-amazon.com/images/I/51n2YwyhfIL._SL500_.jpg" alt="Product Image"></a><p>Soft Dreams Elephant Music and Glow Soother, Grey/Mint</p><p> -17% 0FF </p><p>$19.99</p><a href="https://www.amazon.com/dp/B075LRC7Z4?tag=eloabder-20&linkCode=osi&th=1&psc=1">View Product</a></div><div class="product"><a href="https://www.amazon.com/dp/B0C98SMC3J?tag=eloabder-20&linkCode=osi&th=1&psc=1"><img src="https://m.media-amazon.com/images/I/41FqmVxcrYL._SL500_.jpg" alt="Product Image"></a><p>Baby Sleep Soother Pillow Pets Dream Lites Dinosaur Projector Plush Toys for Boys Girls Baby Sound Machine Stuffed Animal Machine Pillow Ceiling Toys for Toddler</p><p> -17% 0FF </p><p>$19.99</p><a href="https://www.amazon.com/dp/B0C98SMC3J?tag=eloabder-20&linkCode=osi&th=1&psc=1">View Product</a></div>
<div class="product"><a href="https://www.amazon.com/dp/B01HP0JU2G?tag=eloabder-20&linkCode=osi&th=1&psc=1"><img src="https://m.media-amazon.com/images/I/51VRUtudnyL._SL500_.jpg" alt="Product Image"></a><p>Braun ThermoScan 5 Ear Thermometer</p><p> -11% 0FF </p><p>$31.00</p><a href="https://www.amazon.com/dp/B01HP0JU2G?tag=eloabder-20&linkCode=osi&th=1&psc=1">View Product</a></div><div class="product"><a href="https://www.amazon.com/dp/B07YYMBVVC?tag=eloabder-20&linkCode=osi&th=1&psc=1"><img src="https://m.media-amazon.com/images/I/41eqvQ9sQ-L._SL500_.jpg" alt="Product Image"></a><p>Alcedo Forehead and Ear Thermometer for Adults, Kids, and Baby | Digital Infrared Thermometer for Fever | Touchless, Instant Read, Medical Grade | Pouch and Batteries Included</p><p> -17% 0FF </p><p>$24.95</p><a href="https://www.amazon.com/dp/B07YYMBVVC?tag=eloabder-20&linkCode=osi&th=1&psc=1">View Product</a></div>
<div class="product"><a href="https://www.amazon.com/dp/B077QBJNVM?tag=eloabder-20&linkCode=osi&th=1&psc=1"><img src="https://m.media-amazon.com/images/I/41Rrkn2-CKL._SL500_.jpg" alt="Product Image"></a><p>Baby Nail Trimmer 21 in 1, with Labeled case, Includes 13 Extra Replacement Tools, Royal Angels Baby Electric Nail Kit, Baby Nail Care, Nail File Newborn Toddler Toes & Fingernails Clipper (Blue)</p><p> -49% 0FF </p><p>$15.19</p><a href="https://www.amazon.com/dp/B077QBJNVM?tag=eloabder-20&linkCode=osi&th=1&psc=1">View Product</a></div><div class="product"><a href="https://www.amazon.com/dp/B0CL4G33BX?tag=eloabder-20&linkCode=osi&th=1&psc=1"><img src="https://m.media-amazon.com/images/I/41ciCj+3ozL._SL500_.jpg" alt="Product Image"></a><p>Momcozy Baby Nail File Electric, Gentle Baby Nail Trimmer Electric Rechargeable, Baby Nail Clipper Electric, 7 Grinding Head Replacement Pads</p><p> -17% 0FF </p><p>$24.99</p><a href="https://www.amazon.com/dp/B0CL4G33BX?tag=eloabder-20&linkCode=osi&th=1&psc=1">View Product</a></div><div class="product"><a href="https://www.amazon.com/dp/B07B2C8DJD?tag=eloabder-20&linkCode=osi&th=1&psc=1"><img src="https://m.media-amazon.com/images/I/41fgXtsyDWL._SL500_.jpg" alt="Product Image"></a><p>Baby Nail Trimmer Electric Nail File Baby Nail Clippers, Safe Nail Filer Grinder Kit for Newborn Infant Toddler Kids or Adults Toes Fingernails Care Trim Polish, with Led Light and 10 Grinding Heads</p><p> -8% 0FF </p><p>$14.99</p><a href="https://www.amazon.com/dp/B07B2C8DJD?tag=eloabder-20&linkCode=osi&th=1&psc=1">View Product</a></div><div class="product"><a href="https://www.amazon.com/dp/B0D6R6ZPPF?tag=eloabder-20&linkCode=osi&th=1&psc=1"><img src="https://m.media-amazon.com/images/I/41f5Kh-OjGL._SL500_.jpg" alt="Product Image"></a><p>Electric Baby Nail Clippers - 3 in 1 Fingernail Trimmer, Polisher & Clip Storage with Led, USB Rechargeable & 2 Speeds for Baby, Kids, Adult, Seniors, Caregivers</p><p> -15% 0FF </p><p>$23.58</p><a href="https://www.amazon.com/dp/B0D6R6ZPPF?tag=eloabder-20&linkCode=osi&th=1&psc=1">View Product</a></div>
<div class="product"><a href="https://www.amazon.com/dp/B07WY1PGQC?tag=eloabder-20&linkCode=osi&th=1&psc=1"><img src="https://m.media-amazon.com/images/I/414iv2EhSgL._SL500_.jpg" alt="Product Image"></a><p>Dr. Brown's Natural Flow Anti-Colic Options+ Narrow Glass Baby Bottle 8 oz/250 mL, with Level 1 Slow Flow Nipple, 2 Pack, 0m+</p><p> -6% 0FF </p><p>$15.98</p><a href="https://www.amazon.com/dp/B07WY1PGQC?tag=eloabder-20&linkCode=osi&th=1&psc=1">View Product</a></div><div class="product"><a href="https://www.amazon.com/dp/B000WPVCQE?tag=eloabder-20&linkCode=osi&th=1&psc=1"><img src="https://m.media-amazon.com/images/I/41sXQF4JFtL._SL500_.jpg" alt="Product Image"></a><p>Medela Slow Flow Feeding & Storage Bottles, 3 Pack of 5 Ounce Bottle with Nipple, Lids, Wide Base Collars, and Travel Caps, Made Without BPA</p><p> -37% 0FF </p><p>$14.98</p><a href="https://www.amazon.com/dp/B000WPVCQE?tag=eloabder-20&linkCode=osi&th=1&psc=1">View Product</a></div><div class="product"><a href="https://www.amazon.com/dp/B08XNYS46K?tag=eloabder-20&linkCode=osi&th=1&psc=1"><img src="https://m.media-amazon.com/images/I/31bCTm8z+KL._SL500_.jpg" alt="Product Image"></a><p>Sassy 2pk Baby Food Nursers- 3 Nipples, Multi</p><p> -15% 0FF </p><p>$11.04</p><a href="https://www.amazon.com/dp/B08XNYS46K?tag=eloabder-20&linkCode=osi&th=1&psc=1">View Product</a></div>
<div class="product"><a href="https://www.amazon.com/dp/B004RIBVTK?tag=eloabder-20&linkCode=osi&th=1&psc=1"><img src="https://m.media-amazon.com/images/I/41qLfV5gyYL._SL500_.jpg" alt="Product Image"></a><p>First Aid Only 12-110 Alcohol Wipes, Individually Wrapped, 100 Per Box</p><p> -9% 0FF </p><p>$5.29 ($0.05 / Count)</p><a href="https://www.amazon.com/dp/B004RIBVTK?tag=eloabder-20&linkCode=osi&th=1&psc=1">View Product</a></div><div class="product"><a href="https://www.amazon.com/dp/B09YN8K3TH?tag=eloabder-20&linkCode=osi&th=1&psc=1"><img src="https://m.media-amazon.com/images/I/51uaWltWJiL._SL500_.jpg" alt="Product Image"></a><p>Baby Healthcare and Grooming Kit, Portable Baby Safety Care Set, Baby Essentials kit for Newborn (Blue 26 in 1)</p><p> -6% 0FF </p><p>$16.99</p><a href="https://www.amazon.com/dp/B09YN8K3TH?tag=eloabder-20&linkCode=osi&th=1&psc=1">View Product</a></div><div class="product"><a href="https://www.amazon.com/dp/B09FFT9BL2?tag=eloabder-20&linkCode=osi&th=1&psc=1"><img src="https://m.media-amazon.com/images/I/51mTQI4FDBL._SL500_.jpg" alt="Product Image"></a><p>Smart Care Fisher-Price 6-Piece Baby Healthcare Kit, Newborn Essentials, Baby Gift Set, Includes Medicine Dispensers, Aspirator, Baby Nail Clippers, Baby Thermometer</p><p> -23% 0FF </p><p>$10.73</p><a href="https://www.amazon.com/dp/B09FFT9BL2?tag=eloabder-20&linkCode=osi&th=1&psc=1">View Product</a></div>

<div class="product"><a href="https://www.amazon.com/dp/B07GTMWP8R?tag=eloabder-20&linkCode=osi&th=1&psc=1"><img src="https://m.media-amazon.com/images/I/412oB-MFGOL._SL500_.jpg" alt="Product Image"></a><p>Matyz Versatile Baby Food Maker Set - Toddler Food Mills with Mash Bowl, Hand Masher, Citrus Juicer, Grater - Making Homemade Baby Food - Fruits and Vegetables Masher - No BPA (Yellow)</p><p> -36% 0FF </p><p>$15.99</p><a href="https://www.amazon.com/dp/B07GTMWP8R?tag=eloabder-20&linkCode=osi&th=1&psc=1">View Product</a></div><div class="product"><a href="https://www.amazon.com/dp/B00FWSQ55E?tag=eloabder-20&linkCode=osi&th=1&psc=1"><img src="https://m.media-amazon.com/images/I/316TAIMF4qL._SL500_.jpg" alt="Product Image"></a><p>NUK Fresh Foods Masher & Bowl, colour pistachio</p><p> -10% 0FF </p><p>$17.99</p><a href="https://www.amazon.com/dp/B00FWSQ55E?tag=eloabder-20&linkCode=osi&th=1&psc=1">View Product</a></div>
<div class="product"><a href="https://www.amazon.com/dp/B07MYW28QR?tag=eloabder-20&linkCode=osi&th=1&psc=1"><img src="https://m.media-amazon.com/images/I/315j5b08H9L._SL500_.jpg" alt="Product Image"></a><p>Baby Brezza New and Improved Formula Pro Advanced Formula Dispenser Machine - Automatically Mix a Warm Formula Bottle Instantly - Easily Make Bottle with Automatic Powder Blending, White</p><p> -20% 0FF </p><p>$184.99</p><a href="https://www.amazon.com/dp/B07MYW28QR?tag=eloabder-20&linkCode=osi&th=1&psc=1">View Product</a></div>
<div class="product"><a href="https://www.amazon.com/dp/B0B2KVK1QS?tag=eloabder-20&linkCode=osi&th=1&psc=1"><img src="https://m.media-amazon.com/images/I/31JCp0AmlBL._SL500_.jpg" alt="Product Image"></a><p>Dr. Brown's Baby Formula Mixing Pitcher with Adjustable Stopper, Locking Lid, & No Drip Spout, 32oz, BPA Free, Teal</p><p> -9% 0FF </p><p>$9.97</p><a href="https://www.amazon.com/dp/B0B2KVK1QS?tag=eloabder-20&linkCode=osi&th=1&psc=1">View Product</a></div><div class="product"><a href="https://www.amazon.com/dp/B0CM5J4JWT?tag=eloabder-20&linkCode=osi&th=1&psc=1"><img src="https://m.media-amazon.com/images/I/31VSt6TaXAL._SL500_.jpg" alt="Product Image"></a><p>Electric Baby Formula Mixing Pitcher, NehNeh Baby Bi-directional Alternating Stirring Mixer | No Air Bubble | No Clumps | No Drip Spout | Locking Lid | Fridge Storage 36oz, BPA Free -Green</p><p> -27% 0FF </p><p>$21.99</p><a href="https://www.amazon.com/dp/B0CM5J4JWT?tag=eloabder-20&linkCode=osi&th=1&psc=1">View Product</a></div><div class="product"><a href="https://www.amazon.com/dp/B0D1C9D91Q?tag=eloabder-20&linkCode=osi&th=1&psc=1"><img src="https://m.media-amazon.com/images/I/41MGIga8RYL._SL500_.jpg" alt="Product Image"></a><p>Electric Bottle Brush Cleaner Baby, Silicone Electric Baby Bottle Brush Set with Nipple Brush/Baby Formula Mixer USB Rechargeable & 2 Mode 360° Spinning Cleaner. Essential Feeding Supplies for Moms</p><p> -24% 0FF </p><p>$21.99</p><a href="https://www.amazon.com/dp/B0D1C9D91Q?tag=eloabder-20&linkCode=osi&th=1&psc=1">View Product</a></div>
<div class="product"><a href="https://www.amazon.com/dp/B0823FX2SL?tag=eloabder-20&linkCode=osi&th=1&psc=1"><img src="https://m.media-amazon.com/images/I/41i+ptDBdcL._SL500_.jpg" alt="Product Image"></a><p>Frida Baby Grooming Kit | Baby Essentials Gift Set Includes Finger Brush with Storage Stand, Hair Brush with Case, Styling Hair Comb, Easy Grip Nail Scissors with Nail File and Case</p><p> -39% 0FF </p><p>$15.26</p><a href="https://www.amazon.com/dp/B0823FX2SL?tag=eloabder-20&linkCode=osi&th=1&psc=1">View Product</a></div><div class="product"><a href="https://www.amazon.com/dp/B08PFCJWLF?tag=eloabder-20&linkCode=osi&th=1&psc=1"><img src="https://m.media-amazon.com/images/I/41ugdN8QcEL._SL500_.jpg" alt="Product Image"></a><p>OTTOLIVES Baby Healthcare and Grooming Kit, 24 in 1 Baby Electric Nail Trimmer Set Newborn Nursery Health Care Set for Newborn Infant Toddlers Baby Boys Girls Kids Haircut Tools (0-3 Years+) (Pink)</p><p> -17% 0FF </p><p>$24.99</p><a href="https://www.amazon.com/dp/B08PFCJWLF?tag=eloabder-20&linkCode=osi&th=1&psc=1">View Product</a></div>
<div class="product"><a href="https://www.amazon.com/dp/B074W7SKZ2?tag=eloabder-20&linkCode=osi&th=1&psc=1"><img src="https://m.media-amazon.com/images/I/31KOO0YFRdL._SL500_.jpg" alt="Product Image"></a><p>Mibote Baby Growth Height Chart Handing Ruler Wall Decor for Kids, Canvas Removable Height Growth Chart 79" x 7.9" (Black & White)</p><p> -18% 0FF </p><p>$7.99</p><a href="https://www.amazon.com/dp/B074W7SKZ2?tag=eloabder-20&linkCode=osi&th=1&psc=1">View Product</a></div><div class="product"><a href="https://www.amazon.com/dp/B073V6JFZ1?tag=eloabder-20&linkCode=osi&th=1&psc=1"><img src="https://m.media-amazon.com/images/I/31Fr48bMYdL._SL500_.jpg" alt="Product Image"></a><p>Kate and Laurel Growth Chart 6.5' Wood Wall Ruler, Rustic Brown</p><p> -12% 0FF </p><p>$52.99</p><a href="https://www.amazon.com/dp/B073V6JFZ1?tag=eloabder-20&linkCode=osi&th=1&psc=1">View Product</a></div><div class="product"><a href="https://www.amazon.com/dp/B08PTVQ1W5?tag=eloabder-20&linkCode=osi&th=1&psc=1"><img src="https://m.media-amazon.com/images/I/31m1GJZxGtS._SL500_.jpg" alt="Product Image"></a><p>PandaEar Baby Height Growth Chart Ruler| Kids Boys Girls | Removable Wall Decor Measurement 79" x 7.9" (White)</p><p> -16% 0FF </p><p>$7.59</p><a href="https://www.amazon.com/dp/B08PTVQ1W5?tag=eloabder-20&linkCode=osi&th=1&psc=1">View Product</a></div><div class="product"><a href="https://www.amazon.com/dp/B08TVT93RY?tag=eloabder-20&linkCode=osi&th=1&psc=1"><img src="https://m.media-amazon.com/images/I/41kME5mTgKL._SL500_.jpg" alt="Product Image"></a><p>SUJAYU Growth Chart for Kids, Canvas Height Chart Ruler Removable Wood Hanging Wall Ruler Measurement Chart for Home Decoration (White)</p><p> -13% 0FF </p><p>$6.99</p><a href="https://www.amazon.com/dp/B08TVT93RY?tag=eloabder-20&linkCode=osi&th=1&psc=1">View Product</a></div><div class="product"><a href="https://www.amazon.com/dp/B0D2N5HN9K?tag=eloabder-20&linkCode=osi&th=1&psc=1"><img src="https://m.media-amazon.com/images/I/41rYpem0a5L._SL500_.jpg" alt="Product Image"></a><p>Growth Chart for Wall Wooden Height Chart for Kids Unicorn Castle Height Measurement for Wall Kids Height Wall Chart Kids Room Nursery Wall Decor</p><p> -19% 0FF </p><p>$21.99</p><a href="https://www.amazon.com/dp/B0D2N5HN9K?tag=eloabder-20&linkCode=osi&th=1&psc=1">View Product</a></div>
<div class="product"><a href="https://www.amazon.com/dp/B01N1PTHED?tag=eloabder-20&linkCode=osi&th=1&psc=1"><img src="https://m.media-amazon.com/images/I/31l11tL5deL._SL500_.jpg" alt="Product Image"></a><p>Natemia Baby Hair Brush - Soft Bristle Hair Brush Baby, Baby Registry Gift, Soft Baby Brush, Toddler Hair Brush for Boys & Girls, Newborn Baby Essentials, Newborn Hair Brush, Baby Wooden Brush</p><p> -28% 0FF </p><p>$12.94</p><a href="https://www.amazon.com/dp/B01N1PTHED?tag=eloabder-20&linkCode=osi&th=1&psc=1">View Product</a></div><div class="product"><a href="https://www.amazon.com/dp/B07V6VN1V8?tag=eloabder-20&linkCode=osi&th=1&psc=1"><img src="https://m.media-amazon.com/images/I/415TTdnE6ZL._SL500_.jpg" alt="Product Image"></a><p>Baby Hair Brush - Baby Brush with Soft Goat Bristles, Cradle Cap Brush, Perfect Scalp Grooming Product for Infant, Toddler, Kids, Newborns, Baby Girls, Boys (Walnut, Oval)</p><p> -32% 0FF </p><p>$12.96</p><a href="https://www.amazon.com/dp/B07V6VN1V8?tag=eloabder-20&linkCode=osi&th=1&psc=1">View Product</a></div><div class="product"><a href="https://www.amazon.com/dp/B07XPS253G?tag=eloabder-20&linkCode=osi&th=1&psc=1"><img src="https://m.media-amazon.com/images/I/41Yb4VpbnkS._SL500_.jpg" alt="Product Image"></a><p>Molylove Baby Hair Brush, Wooden Goat Bristles Hair Brush for Newborns & Toddlers, Ideal for Cradle Cap, Perfect Baby Registry Gift, Hypoallergenic, 1 Count</p><p> -33% 0FF </p><p>$5.99</p><a href="https://www.amazon.com/dp/B07XPS253G?tag=eloabder-20&linkCode=osi&th=1&psc=1">View Product</a></div><div class="product"><a href="https://www.amazon.com/dp/B0D68KKVN2?tag=eloabder-20&linkCode=osi&th=1&psc=1"><img src="https://m.media-amazon.com/images/I/41M35gnwy-L._SL500_.jpg" alt="Product Image"></a><p>ROMY RO Soft Wooden Baby Hair Brush for Newborns & Toddlers in Chic Gift Box - Ultra Soft Natural Goat Hair - Perfect Registry Gift (Goat hair brush - Oval)</p><p> -48% 0FF </p><p>$12.94</p><a href="https://www.amazon.com/dp/B0D68KKVN2?tag=eloabder-20&linkCode=osi&th=1&psc=1">View Product</a></div>
<div class="product"><a href="https://www.amazon.com/dp/B08BPD2RHF?tag=eloabder-20&linkCode=osi&th=1&psc=1"><img src="https://m.media-amazon.com/images/I/41lSftNLw1L._SL500_.jpg" alt="Product Image"></a><p>Yoocaa Car Headrest Pillow, Road Pal Headrest, Adjustable Car Seat Head Neck Support, U Shaped Car Sleeping Pillow for Kids & Adults, Only Suitable for Car Seat Headrest with Poles, Black</p><p> -9% 0FF </p><p>$29.99</p><a href="https://www.amazon.com/dp/B08BPD2RHF?tag=eloabder-20&linkCode=osi&th=1&psc=1">View Product</a></div><div class="product"><a href="https://www.amazon.com/dp/B07LF8G768?tag=eloabder-20&linkCode=osi&th=1&psc=1"><img src="https://m.media-amazon.com/images/I/21e1Tt6BFrL._SL500_.jpg" alt="Product Image"></a><p>Car Head Support Toddle Car Neck Relief Baby Child Car Seat Adjustable Head and Neck Support Band - A Comfortable Sleep Solution (Gray)</p><p> -13% 0FF </p><p>$12.99</p><a href="https://www.amazon.com/dp/B07LF8G768?tag=eloabder-20&linkCode=osi&th=1&psc=1">View Product</a></div><div class="product"><a href="https://www.amazon.com/dp/B09ZL3P26Z?tag=eloabder-20&linkCode=osi&th=1&psc=1"><img src="https://m.media-amazon.com/images/I/31zv-UP+MDL._SL500_.jpg" alt="Product Image"></a><p>Pro Goleem Car Seat Head Support Infant, Soft Infant Car Seat Insert, 2 in 1 Carseat Head Support for Newborn, Perfect for Car Seat, Stroller, Swing, Bouncer, Gray and Black</p><p> -21% 0FF </p><p>$18.99</p><a href="https://www.amazon.com/dp/B09ZL3P26Z?tag=eloabder-20&linkCode=osi&th=1&psc=1">View Product</a></div>
<div class="product"><a href="https://www.amazon.com/dp/B0CLM3ZNJ6?tag=eloabder-20&linkCode=osi&th=1&psc=1"><img src="https://m.media-amazon.com/images/I/4131cOAl1wL._SL500_.jpg" alt="Product Image"></a><p>Toddler Bath Towel Baby Bath Towels Hooded Kids Towels for Boy Girl 0-5 Year, 2-Pack Thick Absorbent Toddler Towels Hooded Baby Towels with Hood, Large 50''x32'' Baby Hooded Towel for Kids Bath Towel</p><p> -20% 0FF </p><p>$23.99</p><a href="https://www.amazon.com/dp/B0CLM3ZNJ6?tag=eloabder-20&linkCode=osi&th=1&psc=1">View Product</a></div>
<div class="product"><a href="https://www.amazon.com/dp/B094YGQNSV?tag=eloabder-20&linkCode=osi&th=1&psc=1"><img src="https://m.media-amazon.com/images/I/31BKhmVToOL._SL500_.jpg" alt="Product Image"></a><p>Westinghouse Ultrasonic Cool Mist Humidifier, 4.5L Top Filling Quiet Air Humidifier with Low Water Alarm, Adjustable Mist Humidifier for Bedrooms</p><p> -60% 0FF </p><p>$25.00</p><a href="https://www.amazon.com/dp/B094YGQNSV?tag=eloabder-20&linkCode=osi&th=1&psc=1">View Product</a></div><div class="product"><a href="https://www.amazon.com/dp/B000056HL5?tag=eloabder-20&linkCode=osi&th=1&psc=1"><img src="https://m.media-amazon.com/images/I/41ad8kyAgJL._SL500_.jpg" alt="Product Image"></a><p>Vicks Ultrasonic Humidifier Cool Mist Humidifier to Help Relieve Cold and Flu Symptoms</p><p> -27% 0FF </p><p>$44.00</p><a href="https://www.amazon.com/dp/B000056HL5?tag=eloabder-20&linkCode=osi&th=1&psc=1">View Product</a></div><div class="product"><a href="https://www.amazon.com/dp/B000GWJD0A?tag=eloabder-20&linkCode=osi&th=1&psc=1"><img src="https://m.media-amazon.com/images/I/3124anf96JL._SL500_.jpg" alt="Product Image"></a><p>Crane Adorables Ultrasonic Humidifiers for Bedroom and Baby Nursery, 1 Gallon Cool Mist Air Humidifier for Large Room or Kid's Room, Humidifier Filters Optional, Penguin</p><p> -28% 0FF </p><p>$43.20</p><a href="https://www.amazon.com/dp/B000GWJD0A?tag=eloabder-20&linkCode=osi&th=1&psc=1">View Product</a></div><div class="product"><a href="https://www.amazon.com/dp/B06XP1GMDY?tag=eloabder-20&linkCode=osi&th=1&psc=1"><img src="https://m.media-amazon.com/images/I/31g-+ypTSrL._SL500_.jpg" alt="Product Image"></a><p>Babymoov Hygro Plus Cool Mist Humidifier 3-in-1 Humidity Control, Multicolored Night Light & Essential Oil Diffuser Easy Use and Care-Blue(NO Filter Needed)</p><p> -22% 0FF </p><p>$69.99</p><a href="https://www.amazon.com/dp/B06XP1GMDY?tag=eloabder-20&linkCode=osi&th=1&psc=1">View Product</a></div><div class="product"><a href="https://www.amazon.com/dp/B009COIFAC?tag=eloabder-20&linkCode=osi&th=1&psc=1"><img src="https://m.media-amazon.com/images/I/415IUpVHxDL._SL500_.jpg" alt="Product Image"></a><p>Guardian Technologies Pure Guardian H920BL Ultrasonic Cool Mist Humidifier, 10 Hrs. Run Time, 210 Sq. Ft. Coverage, Small Rooms, Quiet, Filter Free, Treated Tank Resists</p><p> -50% 0FF </p><p>$19.99</p><a href="https://www.amazon.com/dp/B009COIFAC?tag=eloabder-20&linkCode=osi&th=1&psc=1">View Product</a></div>
<div class="product"><a href="https://www.amazon.com/dp/B08847QPWV?tag=eloabder-20&linkCode=osi&th=1&psc=1"><img src="https://m.media-amazon.com/images/I/41I9zGsqR2L._SL500_.jpg" alt="Product Image"></a><p>Graco SnugFit 35 Infant Car Seat with Simply Safe Adjust Harness System | Baby Car Seat with Anti Rebound Bar, Gotham</p><p> -30% 0FF </p><p>$118.99</p><a href="https://www.amazon.com/dp/B08847QPWV?tag=eloabder-20&linkCode=osi&th=1&psc=1">View Product</a></div>
<div class="product"><a href="https://www.amazon.com/dp/B09DLGM21Q?tag=eloabder-20&linkCode=osi&th=1&psc=1"><img src="https://m.media-amazon.com/images/I/4161UIlOUcL._SL500_.jpg" alt="Product Image"></a><p>Fisher-Price Portable Baby Chair Sit-Me-Up Floor Seat with Developmental Toys & Machine Washable Seat Pad, Rainbow Sprinkles</p><p> -6% 0FF </p><p>$40.49</p><a href="https://www.amazon.com/dp/B09DLGM21Q?tag=eloabder-20&linkCode=osi&th=1&psc=1">View Product</a></div><div class="product"><a href="https://www.amazon.com/dp/B0C2V717QN?tag=eloabder-20&linkCode=osi&th=1&psc=1"><img src="https://m.media-amazon.com/images/I/413QFmg9NwL._SL500_.jpg" alt="Product Image"></a><p>EKEPE Inflatable Baby Seat for Babies 3 Months & Up, Baby Floor Seats for Sitting Up, Baby Seats for Infants, Blow Up Baby Chair with Built in Air Pump - Bear</p><p> -20% 0FF </p><p>$21.59</p><a href="https://www.amazon.com/dp/B0C2V717QN?tag=eloabder-20&linkCode=osi&th=1&psc=1">View Product</a></div>

<div class="product"><a href="https://www.amazon.com/dp/B01M6YVW7B?tag=eloabder-20&linkCode=osi&th=1&psc=1"><img src="https://m.media-amazon.com/images/I/41HXEU0eLLL._SL500_.jpg" alt="Product Image"></a><p>Angelcare Baby Bath Support (Gray) | Ideal for Babies Less Than 6 Months Old</p><p> -33% 0FF </p><p>$19.99</p><a href="https://www.amazon.com/dp/B01M6YVW7B?tag=eloabder-20&linkCode=osi&th=1&psc=1">View Product</a></div><div class="product"><a href="https://www.amazon.com/dp/B0D9JLFDWL?tag=eloabder-20&linkCode=osi&th=1&psc=1"><img src="https://m.media-amazon.com/images/I/41t4fYIsNiL._SL500_.jpg" alt="Product Image"></a><p>GloTika Foldable Baby Bathtub Support, Ergonomic Mesh Infant Bathtub, Portable Baby Bath Tub for Newborn Babies 0-6 Months, Grey</p><p> -31% 0FF </p><p>$19.99</p><a href="https://www.amazon.com/dp/B0D9JLFDWL?tag=eloabder-20&linkCode=osi&th=1&psc=1">View Product</a></div><div class="product"><a href="https://www.amazon.com/dp/B000XW65SG?tag=eloabder-20&linkCode=osi&th=1&psc=1"><img src="https://m.media-amazon.com/images/I/41Nyw2TWaWL._SL500_.jpg" alt="Product Image"></a><p>The First Years Newborn to Toddler Baby Bath Tub - Convertible 3-in-1 Baby Tub with Removable Sling - Ages 0 to 24 Months - Sure Comfort - Pink</p><p> -37% 0FF </p><p>$22.00</p><a href="https://www.amazon.com/dp/B000XW65SG?tag=eloabder-20&linkCode=osi&th=1&psc=1">View Product</a></div><div class="product"><a href="https://www.amazon.com/dp/B0CGD46P4F?tag=eloabder-20&linkCode=osi&th=1&psc=1"><img src="https://m.media-amazon.com/images/I/41lNJLni9PL._SL500_.jpg" alt="Product Image"></a><p>AVIDOR Baby Bathtub,Collapsible Bathtub for Newborn to Toddler,Durable Essential Infant Bath Tub,Portable Travel Baby Bathtub with Soft Cushion,No-Slip Hanging and Detachable Bathtub,Green</p><p> -18% 0FF </p><p>$32.99</p><a href="https://www.amazon.com/dp/B0CGD46P4F?tag=eloabder-20&linkCode=osi&th=1&psc=1">View Product</a></div>
<div class="product"><a href="https://www.amazon.com/dp/B0CKWN7R3N?tag=eloabder-20&linkCode=osi&th=1&psc=1"><img src="https://m.media-amazon.com/images/I/31Z12rMqZ6L._SL500_.jpg" alt="Product Image"></a><p>Itzy Ritzy Insulated Bottle Bag – Keeps Bottles Warm or Cool - Holds 3 Bottles & Features Interior Pocket for Ice Pack (Not Included), Milk & Honey</p><p> -29% 0FF </p><p>$24.99</p><a href="https://www.amazon.com/dp/B0CKWN7R3N?tag=eloabder-20&linkCode=osi&th=1&psc=1">View Product</a></div>
<div class="product"><a href="https://www.amazon.com/dp/B002GKC4AG?tag=eloabder-20&linkCode=osi&th=1&psc=1"><img src="https://m.media-amazon.com/images/I/4195Qc9-38L._SL500_.jpg" alt="Product Image"></a><p>My Brest Friend Professional Nursing Pillow | Ergonomic Breastfeeding Pillows | Ideal for Lactation Consultants, NICUs & More | Breastfeeding Essentials | Handy Side Pocket & Easily Wipes Clean, Blue</p><p> -6% 0FF </p><p>$51.50</p><a href="https://www.amazon.com/dp/B002GKC4AG?tag=eloabder-20&linkCode=osi&th=1&psc=1">View Product</a></div><div class="product"><a href="https://www.amazon.com/dp/B0BT6TTHK6?tag=eloabder-20&linkCode=osi&th=1&psc=1"><img src="https://m.media-amazon.com/images/I/51GP+4wNoZL._SL500_.jpg" alt="Product Image"></a><p>Boppy Nursing Pillow Best Latch, Mocha Half Domes, Created with Lactation Consultant, Firm Contoured and Plush Sides for Two Breastfeeding Options, Padded Belt, Plus Sized to Petite, Machine Washable</p><p> -20% 0FF </p><p>$40.00</p><a href="https://www.amazon.com/dp/B0BT6TTHK6?tag=eloabder-20&linkCode=osi&th=1&psc=1">View Product</a></div>
<div class="product"><a href="https://www.amazon.com/dp/B01GGLV4V0?tag=eloabder-20&linkCode=osi&th=1&psc=1"><img src="https://m.media-amazon.com/images/I/41KKABFTw+L._SL500_.jpg" alt="Product Image"></a><p>Zote Pink Soap Pack of 3 Total 7 oz</p><p> -10% 0FF </p><p>$6.30</p><a href="https://www.amazon.com/dp/B01GGLV4V0?tag=eloabder-20&linkCode=osi&th=1&psc=1">View Product</a></div><div class="product"><a href="https://www.amazon.com/dp/B08MPWSBRR?tag=eloabder-20&linkCode=osi&th=1&psc=1"><img src="https://m.media-amazon.com/images/I/31gvg0Il4bL._SL500_.jpg" alt="Product Image"></a><p>Grangers Down Wash/Detergent for Down Insulated Clothing, Sleeping Bags and Bedding (12 Washes), 10 oz</p><p> -6% 0FF </p><p>$13.45 ($1.34 / Fl Oz)</p><a href="https://www.amazon.com/dp/B08MPWSBRR?tag=eloabder-20&linkCode=osi&th=1&psc=1">View Product</a></div><div class="product"><a href="https://www.amazon.com/dp/B08Y9691J6?tag=eloabder-20&linkCode=osi&th=1&psc=1"><img src="https://m.media-amazon.com/images/I/31wqAyGiS-L._SL500_.jpg" alt="Product Image"></a><p>WHOLENATURALS Pure Castile Soap Liquid, EWG Verified & Certified Palm Oil Free Unscented, Natural, Mild & Gentle Non-gmo & Vegan - Organic Body Wash, Laundry, and Baby Soap - 64 Fl Oz</p><p> -17% 0FF </p><p>$28.89 ($0.45 / Fl Oz)</p><a href="https://www.amazon.com/dp/B08Y9691J6?tag=eloabder-20&linkCode=osi&th=1&psc=1">View Product</a></div>
<div class="product"><a href="https://www.amazon.com/dp/B01JK164JU?tag=eloabder-20&linkCode=osi&th=1&psc=1"><img src="https://m.media-amazon.com/images/I/31tGM0o-n7L._SL500_.jpg" alt="Product Image"></a><p>The Honest Company Hydrating Face + Body Lotion | Fast Absorbing, Naturally Derived, Hypoallergenic | Lavender Calm, 8.5 fl oz</p><p> -8% 0FF </p><p>$10.99 ($1.29 / Fl Oz)</p><a href="https://www.amazon.com/dp/B01JK164JU?tag=eloabder-20&linkCode=osi&th=1&psc=1">View Product</a></div><div class="product"><a href="https://www.amazon.com/dp/B0018CK3VK?tag=eloabder-20&linkCode=osi&th=1&psc=1"><img src="https://m.media-amazon.com/images/I/41+wBu0geAL._SL500_.jpg" alt="Product Image"></a><p>Avalon Organics Hand & Body Lotion, Aloe Unscented, 32 Oz</p><p> -12% 0FF </p><p>$17.19 ($0.54 / Ounce)</p><a href="https://www.amazon.com/dp/B0018CK3VK?tag=eloabder-20&linkCode=osi&th=1&psc=1">View Product</a></div><div class="product"><a href="https://www.amazon.com/dp/B0013DIZL4?tag=eloabder-20&linkCode=osi&th=1&psc=1"><img src="https://m.media-amazon.com/images/I/31bPmcqX7+L._SL500_.jpg" alt="Product Image"></a><p>Lubriderm Intense Dry Skin Repair Lotion + Pro-Ceramide with Vitamin E & Minerals Helps to Repair Rough, Dry Skin, Fast Absorbing Lotion is Fragrance-Free and Non-Greasy, 16 fl. oz</p><p> -24% 0FF </p><p>$9.34 ($0.58 / Fl Oz)</p><a href="https://www.amazon.com/dp/B0013DIZL4?tag=eloabder-20&linkCode=osi&th=1&psc=1">View Product</a></div>
<div class="product"><a href="https://www.amazon.com/dp/B0BPHJN972?tag=eloabder-20&linkCode=osi&th=1&psc=1"><img src="https://m.media-amazon.com/images/I/41np1V18sQL._SL500_.jpg" alt="Product Image"></a><p>Pro Goleem Loveys for Babies - Soft Security Blanket Baby Snuggle Toy Newborn Stuffed Animals Baby Gifts for Boys and Girls, Lion 16 Inch</p><p> -37% 0FF </p><p>$9.48</p><a href="https://www.amazon.com/dp/B0BPHJN972?tag=eloabder-20&linkCode=osi&th=1&psc=1">View Product</a></div><div class="product"><a href="https://www.amazon.com/dp/B01MRVHKP1?tag=eloabder-20&linkCode=osi&th=1&psc=1"><img src="https://m.media-amazon.com/images/I/5183CyG7XSL._SL500_.jpg" alt="Product Image"></a><p>Mary Meyer Putty Nursery Character Blanket, Hound Dog, 1 Pack</p><p> -9% 0FF </p><p>$19.96</p><a href="https://www.amazon.com/dp/B01MRVHKP1?tag=eloabder-20&linkCode=osi&th=1&psc=1">View Product</a></div><div class="product"><a href="https://www.amazon.com/dp/B00PKP4JUM?tag=eloabder-20&linkCode=osi&th=1&psc=1"><img src="https://m.media-amazon.com/images/I/41OzmBpx8bL._SL500_.jpg" alt="Product Image"></a><p>Mary Meyer Lovey Soft Toy, 13-Inches, Oatmeal Bunny</p><p> -14% 0FF </p><p>$17.96</p><a href="https://www.amazon.com/dp/B00PKP4JUM?tag=eloabder-20&linkCode=osi&th=1&psc=1">View Product</a></div><div class="product"><a href="https://www.amazon.com/dp/B08PP8S8KZ?tag=eloabder-20&linkCode=osi&th=1&psc=1"><img src="https://m.media-amazon.com/images/I/41kmsE51naL._SL500_.jpg" alt="Product Image"></a><p>Pro Goleem Dog Security Blanket Brown Soft Puppy Lovey for Boys and Girls Unisex Lovie Baby Gifts for Toddler and Infant Snuggle Toy Stuffed Animal 16 Inch</p><p> -25% 0FF </p><p>$14.99</p><a href="https://www.amazon.com/dp/B08PP8S8KZ?tag=eloabder-20&linkCode=osi&th=1&psc=1">View Product</a></div><div class="product"><a href="https://www.amazon.com/dp/B08SZD1XXG?tag=eloabder-20&linkCode=osi&th=1&psc=1"><img src="https://m.media-amazon.com/images/I/41M7mPD9ieL._SL500_.jpg" alt="Product Image"></a><p>Itzy Ritzy - Itzy Lovey Including Teether - Baby Lovey with Teether, Textured Ribbons & Dangle Arms - Features Crinkle Sound, Sherpa Fabric and Minky Plush (Sloth)</p><p> -31% 0FF </p><p>$8.90</p><a href="https://www.amazon.com/dp/B08SZD1XXG?tag=eloabder-20&linkCode=osi&th=1&psc=1">View Product</a></div>
<div class="product"><a href="https://www.amazon.com/dp/B0B5Z89FZW?tag=eloabder-20&linkCode=osi&th=1&psc=1"><img src="https://m.media-amazon.com/images/I/31HOhMzLqbL._SL500_.jpg" alt="Product Image"></a><p>Yoofoss Waterproof Crib Mattress Protector 2 Pack, Quilted Crib Mattress Pad Cover Ultra Soft and Breathable, Machine Washable Toddler Mattress Protector for Standard Baby Crib Size 52''x28''</p><p> -17% 0FF </p><p>$19.99</p><a href="https://www.amazon.com/dp/B0B5Z89FZW?tag=eloabder-20&linkCode=osi&th=1&psc=1">View Product</a></div><div class="product"><a href="https://www.amazon.com/dp/B0CFG4G839?tag=eloabder-20&linkCode=osi&th=1&psc=1"><img src="https://m.media-amazon.com/images/I/41tYoYajqyL._SL500_.jpg" alt="Product Image"></a><p>SafeRest Sleepure 100% Waterproof Crib Size Mattress Protector - Viscose Derived from Bamboo - Fitted with Stretchable Pockets - Machine Washable Cotton Mattress Cover for Bed</p><p> -40% 0FF </p><p>$20.99</p><a href="https://www.amazon.com/dp/B0CFG4G839?tag=eloabder-20&linkCode=osi&th=1&psc=1">View Product</a></div><div class="product"><a href="https://www.amazon.com/dp/B09B1NNPP9?tag=eloabder-20&linkCode=osi&th=1&psc=1"><img src="https://m.media-amazon.com/images/I/31P+e7ESa8L._SL500_.jpg" alt="Product Image"></a><p>Bassinet Mattress Pad Cover 2 Pack Quilted Bassinet Mattress Protector Waterproof Bassinet Sheets (32"x17") for Boys & Girls, Fit for Hourglass/Oval Bassinet Mattress, White</p><p> -15% 0FF </p><p>$14.23</p><a href="https://www.amazon.com/dp/B09B1NNPP9?tag=eloabder-20&linkCode=osi&th=1&psc=1">View Product</a></div>
<div class="product"><a href="https://www.amazon.com/dp/B07WW1CT4W?tag=eloabder-20&linkCode=osi&th=1&psc=1"><img src="https://m.media-amazon.com/images/I/51jnxJGkipL._SL500_.jpg" alt="Product Image"></a><p>Luka&Lily Month Milestone Blanket- 60"x40" for Baby Boys - First Year Calendar Monthly Growth Chart, Moon - Shower Gifts</p><p> -14% 0FF </p><p>$29.99</p><a href="https://www.amazon.com/dp/B07WW1CT4W?tag=eloabder-20&linkCode=osi&th=1&psc=1">View Product</a></div><div class="product"><a href="https://www.amazon.com/dp/B07BNBTGHD?tag=eloabder-20&linkCode=osi&th=1&psc=1"><img src="https://m.media-amazon.com/images/I/4143Q79bsYL._SL500_.jpg" alt="Product Image"></a><p>Organic Baby Monthly Milestone Blanket Boy or Girl - Months Blanket with Wood Frame and Newborn Announcement Disc - Growth Chart Milestone Blanket Neutral, 1-12 Month Milestones, 47”x47”</p><p> -21% 0FF </p><p>$25.99</p><a href="https://www.amazon.com/dp/B07BNBTGHD?tag=eloabder-20&linkCode=osi&th=1&psc=1">View Product</a></div><div class="product"><a href="https://www.amazon.com/dp/B07SW75W4Q?tag=eloabder-20&linkCode=osi&th=1&psc=1"><img src="https://m.media-amazon.com/images/I/41JMlZBEbQL._SL500_.jpg" alt="Product Image"></a><p>Kate & Milo Baby Monthly Milestone Blanket, Infant Milestone Markers, Newborn Photoshoot Photo Props, Baby Girl or Baby Boy Gift, Large Blanket</p><p> -19% 0FF </p><p>$12.21</p><a href="https://www.amazon.com/dp/B07SW75W4Q?tag=eloabder-20&linkCode=osi&th=1&psc=1">View Product</a></div><div class="product"><a href="https://www.amazon.com/dp/B0986S52N1?tag=eloabder-20&linkCode=osi&th=1&psc=1"><img src="https://m.media-amazon.com/images/I/51v8Yn1ycsL._SL500_.jpg" alt="Product Image"></a><p>Popfavors, Yuzioey Safari Baby Monthly Milestone Blanket, Jungle Animals Baby Month Blanket , Baby Boy Blanket Growth Chart Nursery Decor, Includes Marker, White, 50Inx40In</p><p> -5% 0FF </p><p>$18.99</p><a href="https://www.amazon.com/dp/B0986S52N1?tag=eloabder-20&linkCode=osi&th=1&psc=1">View Product</a></div><div class="product"><a href="https://www.amazon.com/dp/B0CX9W8SND?tag=eloabder-20&linkCode=osi&th=1&psc=1"><img src="https://m.media-amazon.com/images/I/41r8vCzGa2L._SL500_.jpg" alt="Product Image"></a><p>Pearhead Hello World Milestone Blanket and Prop, Baby Monthly Milestone Updates, Growth Blanket with Photo Posing Props, Ideal Mother's Day Gift, Perfect Newborn Gift and Nursery Decor</p><p> -6% 0FF </p><p>$18.79</p><a href="https://www.amazon.com/dp/B0CX9W8SND?tag=eloabder-20&linkCode=osi&th=1&psc=1">View Product</a></div><div class="product"><a href="https://www.amazon.com/dp/B07JKN43H6?tag=eloabder-20&linkCode=osi&th=1&psc=1"><img src="https://m.media-amazon.com/images/I/511MIyg00lL._SL500_.jpg" alt="Product Image"></a><p>Bliss n' Baby Monthly Milestone Blanket for Baby Girl - 60"x40" - Wrinkle Free Baby Age Month Blanket with Growth Chart - Washable & Dryable - w/Wreath & Headband - Floral Theme</p><p> -14% 0FF </p><p>$23.99</p><a href="https://www.amazon.com/dp/B07JKN43H6?tag=eloabder-20&linkCode=osi&th=1&psc=1">View Product</a></div>
<div class="product"><a href="https://www.amazon.com/dp/B001E1JKFU?tag=eloabder-20&linkCode=osi&th=1&psc=1"><img src="https://m.media-amazon.com/images/I/41JBWVeh+QL._SL500_.jpg" alt="Product Image"></a><p>Stansport Mosquito Netting Small (705)</p><p> -39% 0FF </p><p>$16.33</p><a href="https://www.amazon.com/dp/B001E1JKFU?tag=eloabder-20&linkCode=osi&th=1&psc=1">View Product</a></div><div class="product"><a href="https://www.amazon.com/dp/B0BV2RNTR7?tag=eloabder-20&linkCode=osi&th=1&psc=1"><img src="https://m.media-amazon.com/images/I/51-iyQhcHsL._SL500_.jpg" alt="Product Image"></a><p>Mosquito Net for Bed,Large Mosquito Netting Tent Canopy for Beds,Folding Portable Design Travel POP UP Mosquito Netting for Bed,L80*W72*H60inch Queen King Size Mosquito Net</p><p> -14% 0FF </p><p>$31.99</p><a href="https://www.amazon.com/dp/B0BV2RNTR7?tag=eloabder-20&linkCode=osi&th=1&psc=1">View Product</a></div><div class="product"><a href="https://www.amazon.com/dp/B0D8HLQJ5G?tag=eloabder-20&linkCode=osi&th=1&psc=1"><img src="https://m.media-amazon.com/images/I/31hFeMp1LQL._SL500_.jpg" alt="Product Image"></a><p>77 * 30 * 23 Inch Large Pop Up Mosquito Tent, Portable Foldable Mosquito Net for Bed Camping Travel Patio</p><p> -6% 0FF </p><p>$29.99</p><a href="https://www.amazon.com/dp/B0D8HLQJ5G?tag=eloabder-20&linkCode=osi&th=1&psc=1">View Product</a></div><div class="product"><a href="https://www.amazon.com/dp/B0C2YQKF71?tag=eloabder-20&linkCode=osi&th=1&psc=1"><img src="https://m.media-amazon.com/images/I/41yDl7W2ZNL._SL500_.jpg" alt="Product Image"></a><p>Portable Mosquito Net Tent, Folding Mosquito Head Net, Pop Up Mosquito Tent Netting for Bedding Camping Traveling Patio (1 Pack, Large)</p><p> -20% 0FF </p><p>$15.99</p><a href="https://www.amazon.com/dp/B0C2YQKF71?tag=eloabder-20&linkCode=osi&th=1&psc=1">View Product</a></div>
<div class="product"><a href="https://www.amazon.com/dp/B0CL9SJ88Z?tag=eloabder-20&linkCode=osi&th=1&psc=1"><img src="https://m.media-amazon.com/images/I/41iQwRq8cBL._SL500_.jpg" alt="Product Image"></a><p>Muslin Swaddle Blankets for Newborn, 3 Pack Breathable Soft Receiving Blanket, Large 38 x 40 inches Swaddle Wrap Burping Clothes, Essentials Infant Shower Items, Toddler Gift (Bright Colors)</p><p> -5% 0FF </p><p>$18.99</p><a href="https://www.amazon.com/dp/B0CL9SJ88Z?tag=eloabder-20&linkCode=osi&th=1&psc=1">View Product</a></div><div class="product"><a href="https://www.amazon.com/dp/B0C6GP7NXF?tag=eloabder-20&linkCode=osi&th=1&psc=1"><img src="https://m.media-amazon.com/images/I/51vjlWRLQjL._SL500_.jpg" alt="Product Image"></a><p>Konssy 2 Pack Muslin Swaddle Blankets for Baby Boys Girls, Receiving Blanket Large 47 x 47 inches, Soft Breathable Muslin Baby Blanket for Unisex Newborn(Pink, Floral)</p><p> -19% 0FF </p><p>$21.99 ($11.00 / Count)</p><a href="https://www.amazon.com/dp/B0C6GP7NXF?tag=eloabder-20&linkCode=osi&th=1&psc=1">View Product</a></div>
<div class="product"><a href="https://www.amazon.com/dp/B0B8TCTXBV?tag=eloabder-20&linkCode=osi&th=1&psc=1"><img src="https://m.media-amazon.com/images/I/41j61T25VcL._SL500_.jpg" alt="Product Image"></a><p>aden + anais Essentials Swaddle Blanket, Boutique Muslin Blankets for Girls & Boys, Baby Receiving Swaddles, Ideal Newborn & Infant Swaddling Set, Perfect Shower Gifts, 4 Pack, Alphabet Animals</p><p> -29% 0FF </p><p>$28.49</p><a href="https://www.amazon.com/dp/B0B8TCTXBV?tag=eloabder-20&linkCode=osi&th=1&psc=1">View Product</a></div>
<div class="product"><a href="https://www.amazon.com/dp/B0D475YDF5?tag=eloabder-20&linkCode=osi&th=1&psc=1"><img src="https://m.media-amazon.com/images/I/31TAYPOHywL._SL500_.jpg" alt="Product Image"></a><p>Electric Nail Clipper with Nail File, 2 in 1 Rechargeable & Gentle Nail Trimmer with LED Light for Baby and Seniors</p><p> -37% 0FF </p><p>$12.00 ($1.13 / Ounce)</p><a href="https://www.amazon.com/dp/B0D475YDF5?tag=eloabder-20&linkCode=osi&th=1&psc=1">View Product</a></div><div class="product"><a href="https://www.amazon.com/dp/B0D6BCSLNQ?tag=eloabder-20&linkCode=osi&th=1&psc=1"><img src="https://m.media-amazon.com/images/I/413w5b8GCzL._SL500_.jpg" alt="Product Image"></a><p>Automatic Nail Clipper, 2 in-1 Electric Nail Clipper and Nail Polisher, Electric Baby Nail Clippers with Light,USB Rechargeable Suitable for Babies,Women Manicure,Kids, Adults and Seniors（Orange）</p><p> -23% 0FF </p><p>$16.99</p><a href="https://www.amazon.com/dp/B0D6BCSLNQ?tag=eloabder-20&linkCode=osi&th=1&psc=1">View Product</a></div>

<div class="product"><a href="https://www.amazon.com/dp/B0037SEU7Q?tag=eloabder-20&linkCode=osi&th=1&psc=1"><img src="https://m.media-amazon.com/images/I/41yN94m-XlL._SL500_.jpg" alt="Product Image"></a><p>Bepanthen Nappy Care Ointment 5 Percent, 30 g</p><p> -13% 0FF </p><p>$6.79 ($6.47 / Ounce)</p><a href="https://www.amazon.com/dp/B0037SEU7Q?tag=eloabder-20&linkCode=osi&th=1&psc=1">View Product</a></div><div class="product"><a href="https://www.amazon.com/dp/B0BTTT6VW2?tag=eloabder-20&linkCode=osi&th=1&psc=1"><img src="https://m.media-amazon.com/images/I/41cBqj0Z9tL._SL500_.jpg" alt="Product Image"></a><p>Weleda Baby Calendula Diaper Cream, 2.8 Fluid Ounce (Pack of 3), Plant Rich Protection with Calendula, Chamomile, Sweet Almond Oil, Lanolin and Zinc Oxide</p><p> -13% 0FF </p><p>$32.29 ($3.84 / Fl Oz)</p><a href="https://www.amazon.com/dp/B0BTTT6VW2?tag=eloabder-20&linkCode=osi&th=1&psc=1">View Product</a></div><div class="product"><a href="https://www.amazon.com/dp/B074YXP676?tag=eloabder-20&linkCode=osi&th=1&psc=1"><img src="https://m.media-amazon.com/images/I/41y8VvUNCLL._SL500_.jpg" alt="Product Image"></a><p>Nappy Styles Napping Creme Paste</p><p> -12% 0FF </p><p>$14.36 ($1.80 / Ounce)</p><a href="https://www.amazon.com/dp/B074YXP676?tag=eloabder-20&linkCode=osi&th=1&psc=1">View Product</a></div>
<div class="product"><a href="https://www.amazon.com/dp/B00821FLSU?tag=eloabder-20&linkCode=osi&th=1&psc=1"><img src="https://m.media-amazon.com/images/I/31MQYDa7dYL._SL500_.jpg" alt="Product Image"></a><p>Ubbi Steel Diaper Pail, Odor Locking, No Special Bag Required, Award-Winning, Registry Must-Have, Gray</p><p> -12% 0FF </p><p>$69.99</p><a href="https://www.amazon.com/dp/B00821FLSU?tag=eloabder-20&linkCode=osi&th=1&psc=1">View Product</a></div><div class="product"><a href="https://www.amazon.com/dp/B0CNS2FRMZ?tag=eloabder-20&linkCode=osi&th=1&psc=1"><img src="https://m.media-amazon.com/images/I/31O+tXnLaXL._SL500_.jpg" alt="Product Image"></a><p>Diaper Genie Select Pail is Made of Durable Stainless Steel and Includes 1 Starter Square Refill That can Hold up to 165 Newborn-Sized Diapers.</p><p> -20% 0FF </p><p>$35.99</p><a href="https://www.amazon.com/dp/B0CNS2FRMZ?tag=eloabder-20&linkCode=osi&th=1&psc=1">View Product</a></div><div class="product"><a href="https://www.amazon.com/dp/B08XNVW9TW?tag=eloabder-20&linkCode=osi&th=1&psc=1"><img src="https://m.media-amazon.com/images/I/41U7mL6nXRL._SL500_.jpg" alt="Product Image"></a><p>Sassy 250 Count Disposable Diaper Sacks, Lavender Scented, Easy-To-Tie, Diaper Disposal or Pet Waste Bags</p><p> -11% 0FF </p><p>$9.80</p><a href="https://www.amazon.com/dp/B08XNVW9TW?tag=eloabder-20&linkCode=osi&th=1&psc=1">View Product</a></div>


<div class="product"><a href="https://www.amazon.com/dp/B0CTKK5YY5?tag=eloabder-20&linkCode=osi&th=1&psc=1"><img src="https://m.media-amazon.com/images/I/31OhvT5rWmL._SL500_.jpg" alt="Product Image"></a><p>Koalababy Large Flow Electric Nasal Aspirator, Newest Baby Nose Sucker, Nose Cleaner for Toddlers with 3 Suction Levels, Soothing Music and Light, Space Gray</p><p> -33% 0FF </p><p>$29.99</p><a href="https://www.amazon.com/dp/B0CTKK5YY5?tag=eloabder-20&linkCode=osi&th=1&psc=1">View Product</a></div>
<div class="product"><a href="https://www.amazon.com/dp/B07GG1R9WC?tag=eloabder-20&linkCode=osi&th=1&psc=1"><img src="https://m.media-amazon.com/images/I/31T-p4V5gsL._SL500_.jpg" alt="Product Image"></a><p>Gerber Unisex Baby Multi-Pack Long-Sleeve Onesies Bodysuit Mitten Cuff Sizes 6-Pack Mitten Cuff Newborn</p><p> -12% 0FF </p><p>$15.81</p><a href="https://www.amazon.com/dp/B07GG1R9WC?tag=eloabder-20&linkCode=osi&th=1&psc=1">View Product</a></div><div class="product"><a href="https://www.amazon.com/dp/B0BVMXF1DJ?tag=eloabder-20&linkCode=osi&th=1&psc=1"><img src="https://m.media-amazon.com/images/I/31aJYRwZ+-L._SL500_.jpg" alt="Product Image"></a><p>HonestBaby Baby Boys 3-pack Organic Cotton Long Sleeve Side-snap Kimono Bodysuits And Toddler T-Shirt Set, Honestly Pure White, Newborn US</p><p> -63% 0FF </p><p>$11.19</p><a href="https://www.amazon.com/dp/B0BVMXF1DJ?tag=eloabder-20&linkCode=osi&th=1&psc=1">View Product</a></div>
<div class="product"><a href="https://www.amazon.com/dp/B01N47M3V0?tag=eloabder-20&linkCode=osi&th=1&psc=1"><img src="https://m.media-amazon.com/images/I/31WVThyEEcL._SL500_.jpg" alt="Product Image"></a><p>Uigos LED Night Light Lamp with Smart Sensor Dusk to Dawn Sensor, Daylight White, 0.5W Plug-in, 6-Pack</p><p> -23% 0FF </p><p>$9.99</p><a href="https://www.amazon.com/dp/B01N47M3V0?tag=eloabder-20&linkCode=osi&th=1&psc=1">View Product</a></div><div class="product"><a href="https://www.amazon.com/dp/B09B1B6J9S?tag=eloabder-20&linkCode=osi&th=1&psc=1"><img src="https://m.media-amazon.com/images/I/11rEGPdWq7L._SL500_.jpg" alt="Product Image"></a><p>Anico EASZZZ Baby Night Light, Nursery Night Lamp for Breastfeeding, Soft BPA Free Silicone Touch Night Lamp, Eye Caring, Easy Flip Design, Stepless Dimming, 1-Pack</p><p> -25% 0FF </p><p>$29.99</p><a href="https://www.amazon.com/dp/B09B1B6J9S?tag=eloabder-20&linkCode=osi&th=1&psc=1">View Product</a></div><div class="product"><a href="https://www.amazon.com/dp/B097YP171M?tag=eloabder-20&linkCode=osi&th=1&psc=1"><img src="https://m.media-amazon.com/images/I/21jYMKqhB3L._SL500_.jpg" alt="Product Image"></a><p>JolyWell Night Light for Kids, Egg Light for Nursery with 7 RGB Colors Changeable & Stepless Dimming, Rechargeable Tap Light with 1h Timer & Touch Control, Portable Night Light for Babies BPA Free</p><p> -14% 0FF </p><p>$25.99</p><a href="https://www.amazon.com/dp/B097YP171M?tag=eloabder-20&linkCode=osi&th=1&psc=1">View Product</a></div><div class="product"><a href="https://www.amazon.com/dp/B077X48B8Q?tag=eloabder-20&linkCode=osi&th=1&psc=1"><img src="https://m.media-amazon.com/images/I/31TiV9umK-L._SL500_.jpg" alt="Product Image"></a><p>REMINDA 4 Pack Night Light Lamp with Dusk to Dawn Sensor, Plug in, Blue Led Night Light</p><p> -19% 0FF </p><p>$12.99</p><a href="https://www.amazon.com/dp/B077X48B8Q?tag=eloabder-20&linkCode=osi&th=1&psc=1">View Product</a></div>
<div class="product"><a href="https://www.amazon.com/dp/B005MI648C?tag=eloabder-20&linkCode=osi&th=1&psc=1"><img src="https://m.media-amazon.com/images/I/41IsNMYojbL._SL500_.jpg" alt="Product Image"></a><p>Lansinoh Lanolin Nipple Cream Safe for Breastfeeding Baby, 100% Natural Nipple Butter for Mom, Breastfeeding Essentials, 1.41 Ounces</p><p> -17% 0FF </p><p>$8.99 ($6.38 / Ounce)</p><a href="https://www.amazon.com/dp/B005MI648C?tag=eloabder-20&linkCode=osi&th=1&psc=1">View Product</a></div><div class="product"><a href="https://www.amazon.com/dp/B000JVCBBG?tag=eloabder-20&linkCode=osi&th=1&psc=1"><img src="https://m.media-amazon.com/images/I/41TljzHSgHL._SL500_.jpg" alt="Product Image"></a><p>Earth Mama Organic Nipple Butter™ | Nipple Cream Safe for Breastfeeding | Postpartum Essentials for Nursing | Non Lanolin Nipple Cream, 2-Fluid Ounce</p><p> -7% 0FF </p><p>$13.99 ($7.00 / Fl Oz)</p><a href="https://www.amazon.com/dp/B000JVCBBG?tag=eloabder-20&linkCode=osi&th=1&psc=1">View Product</a></div><div class="product"><a href="https://www.amazon.com/dp/B08L68WR4B?tag=eloabder-20&linkCode=osi&th=1&psc=1"><img src="https://m.media-amazon.com/images/I/41qRTIl9vqL._SL500_.jpg" alt="Product Image"></a><p>Medela Purelan Lanolin Nipple Cream for Breastfeeding, 100% All Natural Single Ingredient, Hypoallergenic, Soothing Protection, Safe for Nursing Mom and Baby, 1.3 Ounce Tube</p><p> -29% 0FF </p><p>$7.37</p><a href="https://www.amazon.com/dp/B08L68WR4B?tag=eloabder-20&linkCode=osi&th=1&psc=1">View Product</a></div><div class="product"><a href="https://www.amazon.com/dp/B07X53WM1H?tag=eloabder-20&linkCode=osi&th=1&psc=1"><img src="https://m.media-amazon.com/images/I/41sh4NHSA1L._SL500_.jpg" alt="Product Image"></a><p>Lansinoh Organic Nipple Butter, Nipple Cream Safe for Breastfeeding Baby, Postpartum Essentials for Mom, 2 Ounces</p><p> -37% 0FF </p><p>$9.37</p><a href="https://www.amazon.com/dp/B07X53WM1H?tag=eloabder-20&linkCode=osi&th=1&psc=1">View Product</a></div><div class="product"><a href="https://www.amazon.com/dp/B08PXP59L6?tag=eloabder-20&linkCode=osi&th=1&psc=1"><img src="https://m.media-amazon.com/images/I/31ABi-XhpOL._SL500_.jpg" alt="Product Image"></a><p>The Honest Company Honest Mama Calm Your Nip Balm | USDA Certified Organic Nipple Cream | 1.75 fl oz</p><p> -10% 0FF </p><p>$13.49 ($7.71 / Fl Oz)</p><a href="https://www.amazon.com/dp/B08PXP59L6?tag=eloabder-20&linkCode=osi&th=1&psc=1">View Product</a></div><div class="product"><a href="https://www.amazon.com/dp/B001EPQ1US?tag=eloabder-20&linkCode=osi&th=1&psc=1"><img src="https://m.media-amazon.com/images/I/412ol1D5gFL._SL500_.jpg" alt="Product Image"></a><p>Lansinoh Breast Cream, 1.41 Ounce Tube (Pack of 3)</p><p> -20% 0FF </p><p>$23.99 ($5.67 / Ounce)</p><a href="https://www.amazon.com/dp/B001EPQ1US?tag=eloabder-20&linkCode=osi&th=1&psc=1">View Product</a></div>
<div class="product"><a href="https://www.amazon.com/dp/B0116SFIXS?tag=eloabder-20&linkCode=osi&th=1&psc=1"><img src="https://m.media-amazon.com/images/I/41IXnMjSMRL._SL500_.jpg" alt="Product Image"></a><p>Lansinoh Contact Nipple Shields for Breastfeeding, 2 Nipple Shields (24mm) and Case</p><p> -9% 0FF </p><p>$8.22</p><a href="https://www.amazon.com/dp/B0116SFIXS?tag=eloabder-20&linkCode=osi&th=1&psc=1">View Product</a></div><div class="product"><a href="https://www.amazon.com/dp/B000067PQ0?tag=eloabder-20&linkCode=osi&th=1&psc=1"><img src="https://m.media-amazon.com/images/I/31Bc7JjDLBL._SL500_.jpg" alt="Product Image"></a><p>Medela Contact Nipple Shield, 24mm Medium, Nippleshield for Breastfeeding with Latch Difficulties or Flat or Inverted Nipples, Made Without BPA</p><p> -32% 0FF </p><p>$7.35</p><a href="https://www.amazon.com/dp/B000067PQ0?tag=eloabder-20&linkCode=osi&th=1&psc=1">View Product</a></div><div class="product"><a href="https://www.amazon.com/dp/B08VKRMXGZ?tag=eloabder-20&linkCode=osi&th=1&psc=1"><img src="https://m.media-amazon.com/images/I/41jploOEeaL._SL500_.jpg" alt="Product Image"></a><p>Moogco The Original Silver Nursing Cups - Nipple Shields for Nursing Newborn - Breastfeeding Essentials - Newborn Essentials Must Haves - Nipple Covers Breastfeeding - 925 Silver</p><p> -28% 0FF </p><p>$35.90</p><a href="https://www.amazon.com/dp/B08VKRMXGZ?tag=eloabder-20&linkCode=osi&th=1&psc=1">View Product</a></div><div class="product"><a href="https://www.amazon.com/dp/B07ND58735?tag=eloabder-20&linkCode=osi&th=1&psc=1"><img src="https://m.media-amazon.com/images/I/41EpWEiqvyL._SL500_.jpg" alt="Product Image"></a><p>Koala Babycare The Original Silver Nursing Cups - Nipple Shields for Nursing Newborn -Breastfeeding Essentials - Protect and Soothe - Tri-Laminate Silver - Standard Size</p><p> -13% 0FF </p><p>$34.75</p><a href="https://www.amazon.com/dp/B07ND58735?tag=eloabder-20&linkCode=osi&th=1&psc=1">View Product</a></div>
<div class="product"><a href="https://www.amazon.com/dp/B091FL1QFK?tag=eloabder-20&linkCode=osi&th=1&psc=1"><img src="https://m.media-amazon.com/images/I/41TUb4BsK-L._SL500_.jpg" alt="Product Image"></a><p>Syringe Nasal Irrigator, Professional Baby Nasal Irrigator Portable Infant Nose Cleaner Rinsing Device Fast All Natural Relief-Nasal Irrigation/Nasal Spray/Nasal Hygiene (2 pièces)</p><p> -67% 0FF </p><p>$3.25</p><a href="https://www.amazon.com/dp/B091FL1QFK?tag=eloabder-20&linkCode=osi&th=1&psc=1">View Product</a></div><div class="product"><a href="https://www.amazon.com/dp/B09137WF8K?tag=eloabder-20&linkCode=osi&th=1&psc=1"><img src="https://m.media-amazon.com/images/I/41v2GMmUbZL._SL500_.jpg" alt="Product Image"></a><p>Two Pack 3 in 1 Baby Nose and Ear Gadget, Safe Baby Booger Remover, Nose Cleaning Tweezers, Nose Cleaner for Baby Infants and Toddlers, Dual Earwax and Snot Removal Baby Must Have Items</p><p> -50% 0FF </p><p>$9.95</p><a href="https://www.amazon.com/dp/B09137WF8K?tag=eloabder-20&linkCode=osi&th=1&psc=1">View Product</a></div><div class="product"><a href="https://www.amazon.com/dp/B09Q61B4MM?tag=eloabder-20&linkCode=osi&th=1&psc=1"><img src="https://m.media-amazon.com/images/I/310TWo+qPRL._SL500_.jpg" alt="Product Image"></a><p>Haakaa Silicone Baby Nasal Aspirator | Nose Bulb Syringe | Easy-Squeezy Baby Nose Cleaner, Newborn Infant &Toddler - BPA Free Silicone</p><p> -5% 0FF </p><p>$9.39</p><a href="https://www.amazon.com/dp/B09Q61B4MM?tag=eloabder-20&linkCode=osi&th=1&psc=1">View Product</a></div>
<div class="product"><a href="https://www.amazon.com/dp/B002K6F7AK?tag=eloabder-20&linkCode=osi&th=1&psc=1"><img src="https://m.media-amazon.com/images/I/411elwPHIqL._SL500_.jpg" alt="Product Image"></a><p>Lamaze womens Cotton Spandex Sleep for Nursing and Maternity Full Coverage Bra, Heather Grey, Large US</p><p> -32% 0FF </p><p>$12.28</p><a href="https://www.amazon.com/dp/B002K6F7AK?tag=eloabder-20&linkCode=osi&th=1&psc=1">View Product</a></div>

<div class="product"><a href="https://www.amazon.com/dp/B06XPHR7DF?tag=eloabder-20&linkCode=osi&th=1&psc=1"><img src="https://m.media-amazon.com/images/I/31sNH-POFUL._SL500_.jpg" alt="Product Image"></a><p>Lansinoh Stay Dry Disposable Nursing Pads, Soft and Super Absorbent Breast Pads, Breastfeeding Essentials for Moms, 200 Count</p><p> -21% 0FF </p><p>$18.51</p><a href="https://www.amazon.com/dp/B06XPHR7DF?tag=eloabder-20&linkCode=osi&th=1&psc=1">View Product</a></div><div class="product"><a href="https://www.amazon.com/dp/B0DB3G8G37?tag=eloabder-20&linkCode=osi&th=1&psc=1"><img src="https://m.media-amazon.com/images/I/31Z7+iKhAKL._SL500_.jpg" alt="Product Image"></a><p>Lansinoh Washable Nursing Pads, Made with Organic Bamboo Viscose, Reusable Breast Pads for Breastfeeding with Wash Bag, Breastfeeding Essentials, 10 Count</p><p> -11% 0FF </p><p>$14.28</p><a href="https://www.amazon.com/dp/B0DB3G8G37?tag=eloabder-20&linkCode=osi&th=1&psc=1">View Product</a></div>
<div class="product"><a href="https://www.amazon.com/dp/B09T6V8YH2?tag=eloabder-20&linkCode=osi&th=1&psc=1"><img src="https://m.media-amazon.com/images/I/21knizL1Y1L._SL500_.jpg" alt="Product Image"></a><p>Nursing Pillow and Positioner with Cover for Breastfeeding and Bottle Feeding, Propping Baby, Tummy Time, Baby Sitting Support, Awake-Time Support (Pillow Only, 22" x 17.7" x 5.9")</p><p> -32% 0FF </p><p>$20.49</p><a href="https://www.amazon.com/dp/B09T6V8YH2?tag=eloabder-20&linkCode=osi&th=1&psc=1">View Product</a></div>
<div class="product"><a href="https://www.amazon.com/dp/B00B7TCX0I?tag=eloabder-20&linkCode=osi&th=1&psc=1"><img src="https://m.media-amazon.com/images/I/51n0rXJe9iL._SL500_.jpg" alt="Product Image"></a><p>Leading Lady Women's Nursing Tank Stylish Cami with Inner Shelf Bra, Black Stripe, Large</p><p> -59% 0FF </p><p>$13.98</p><a href="https://www.amazon.com/dp/B00B7TCX0I?tag=eloabder-20&linkCode=osi&th=1&psc=1">View Product</a></div><div class="product"><a href="https://www.amazon.com/dp/B07K72T7Q3?tag=eloabder-20&linkCode=osi&th=1&psc=1"><img src="https://m.media-amazon.com/images/I/31J5oWrxf6L._SL500_.jpg" alt="Product Image"></a><p>Lansinoh Reusable Nursing Pads, Nursing Essentials for Breastfeeding Mothers, 4 Absorbent Nursing Pads With Mesh Wash Bag, White Pads</p><p> -25% 0FF </p><p>$11.99</p><a href="https://www.amazon.com/dp/B07K72T7Q3?tag=eloabder-20&linkCode=osi&th=1&psc=1">View Product</a></div>

<div class="product"><a href="https://www.amazon.com/dp/B086134T3T?tag=eloabder-20&linkCode=osi&th=1&psc=1"><img src="https://m.media-amazon.com/images/I/41KhXKDGe-L._SL500_.jpg" alt="Product Image"></a><p>4our Kiddies Baby-Proof Outlet Covers (60 Pack) - Child Safety Electric Plug Protectors to Prevent Power Shock</p><p> -23% 0FF </p><p>$9.99</p><a href="https://www.amazon.com/dp/B086134T3T?tag=eloabder-20&linkCode=osi&th=1&psc=1">View Product</a></div><div class="product"><a href="https://www.amazon.com/dp/B08FBNKDKB?tag=eloabder-20&linkCode=osi&th=1&psc=1"><img src="https://m.media-amazon.com/images/I/318PTNFomwL._SL500_.jpg" alt="Product Image"></a><p>Outlet Cover Box for Child Safety (2 Pack) Duplex & Decorator Electrical Outlet Plates, Concealed Access Buttons, and Spacious Compartment - Jool Baby</p><p> -35% 0FF </p><p>$14.99</p><a href="https://www.amazon.com/dp/B08FBNKDKB?tag=eloabder-20&linkCode=osi&th=1&psc=1">View Product</a></div>
<div class="product"><a href="https://www.amazon.com/dp/B07TDN9MKC?tag=eloabder-20&linkCode=osi&th=1&psc=1"><img src="https://m.media-amazon.com/images/I/41K55mCBTsL._SL500_.jpg" alt="Product Image"></a><p>Philips Avent Soothie Orthodontic Baby Pacifiers, 100% Silicone Pacifiers, One Piece, BPA-Free, for Babies 0-3 Months, Green, 4 Pack, Model SCF190/41</p><p> -25% 0FF </p><p>$8.94</p><a href="https://www.amazon.com/dp/B07TDN9MKC?tag=eloabder-20&linkCode=osi&th=1&psc=1">View Product</a></div><div class="product"><a href="https://www.amazon.com/dp/B08177ZPKM?tag=eloabder-20&linkCode=osi&th=1&psc=1"><img src="https://m.media-amazon.com/images/I/41+0ETqpizL._SL500_.jpg" alt="Product Image"></a><p>Tommee Tippee Ultra-Light Silicone Pacifier, 0-6 Months, Symmetrical One-Piece Design, BPA-Free Silicone Binkies, Clear/Blue/Green, Pack of 4</p><p> -38% 0FF </p><p>$10.39</p><a href="https://www.amazon.com/dp/B08177ZPKM?tag=eloabder-20&linkCode=osi&th=1&psc=1">View Product</a></div><div class="product"><a href="https://www.amazon.com/dp/B09XJJB478?tag=eloabder-20&linkCode=osi&th=1&psc=1"><img src="https://m.media-amazon.com/images/I/31vbtPyMOGL._SL500_.jpg" alt="Product Image"></a><p>Dr. Brown's HappyPaci 100% Silicone Baby Pacifier, Contoured One-Piece Design, White, Blue, Light Blue, 0-6m, BPA-Free, 3 Pack</p><p> -17% 0FF </p><p>$4.97</p><a href="https://www.amazon.com/dp/B09XJJB478?tag=eloabder-20&linkCode=osi&th=1&psc=1">View Product</a></div><div class="product"><a href="https://www.amazon.com/dp/B09F6YC4MS?tag=eloabder-20&linkCode=osi&th=1&psc=1"><img src="https://m.media-amazon.com/images/I/31j7FmFh-9L._SL500_.jpg" alt="Product Image"></a><p>Itzy Ritzy Natural Rubber Pacifiers, Set of 2 – Natural Rubber Newborn Pacifiers with Cherry-Shaped Nipple & Large Air Holes for Added Safety; Set of 2 in Coconut & Toast, Ages 0 – 6 Months</p><p> -10% 0FF </p><p>$8.97</p><a href="https://www.amazon.com/dp/B09F6YC4MS?tag=eloabder-20&linkCode=osi&th=1&psc=1">View Product</a></div><div class="product"><a href="https://www.amazon.com/dp/B0835TX9TH?tag=eloabder-20&linkCode=osi&th=1&psc=1"><img src="https://m.media-amazon.com/images/I/413oViQleDL._SL500_.jpg" alt="Product Image"></a><p>NUK Orthodontic Pacifier Value Pack</p><p> -48% 0FF </p><p>$6.29</p><a href="https://www.amazon.com/dp/B0835TX9TH?tag=eloabder-20&linkCode=osi&th=1&psc=1">View Product</a></div><div class="product"><a href="https://www.amazon.com/dp/B0BJ4Q64L9?tag=eloabder-20&linkCode=osi&th=1&psc=1"><img src="https://m.media-amazon.com/images/I/31T4DaO7KeL._SL500_.jpg" alt="Product Image"></a><p>Tommee Tippee Ultra-light Silicone Pacifier, Symmetrical One-Piece Design, BPA-Free Silicone Binkies, 6-18 months, Pack of 4 Pacifiers</p><p> -32% 0FF </p><p>$11.51</p><a href="https://www.amazon.com/dp/B0BJ4Q64L9?tag=eloabder-20&linkCode=osi&th=1&psc=1">View Product</a></div><div class="product"><a href="https://www.amazon.com/dp/B0C5B1SLFL?tag=eloabder-20&linkCode=osi&th=1&psc=1"><img src="https://m.media-amazon.com/images/I/41XLQFTsedL._SL500_.jpg" alt="Product Image"></a><p>Philips Avent Ultra Soft Pacifier - 4 x Soft and Flexible Baby Pacifiers for Babies Aged 0-6 Months, BPA Free with Sterilizer Carry Case, SCF091/23</p><p> -7% 0FF </p><p>$12.94</p><a href="https://www.amazon.com/dp/B0C5B1SLFL?tag=eloabder-20&linkCode=osi&th=1&psc=1">View Product</a></div><div class="product"><a href="https://www.amazon.com/dp/B09H7LR2K2?tag=eloabder-20&linkCode=osi&th=1&psc=1"><img src="https://m.media-amazon.com/images/I/31J6KoAN3IL._SL500_.jpg" alt="Product Image"></a><p>MAM Original Start Matte Newborn Baby Pacifier, Best Pacifier for Breastfed Babies, Sterilizer Case, Girl, 0-3 Months (Pack of 2)</p><p> -38% 0FF </p><p>$4.99</p><a href="https://www.amazon.com/dp/B09H7LR2K2?tag=eloabder-20&linkCode=osi&th=1&psc=1">View Product</a></div>
<div class="product"><a href="https://www.amazon.com/dp/B0C98MM24R?tag=eloabder-20&linkCode=osi&th=1&psc=1"><img src="https://m.media-amazon.com/images/I/411zeOj8dIL._SL500_.jpg" alt="Product Image"></a><p>Silicone Pacifier Clip, Seposeve Pack of 3 Baby Pacifier Teether Clip with 4 Texture, Soft Flexible Silicone Pacifier Leashes & Cases for Boy and Girl, Keeps Pacifier Clean, Purple Pink White</p><p> -29% 0FF </p><p>$4.99</p><a href="https://www.amazon.com/dp/B0C98MM24R?tag=eloabder-20&linkCode=osi&th=1&psc=1">View Product</a></div><div class="product"><a href="https://www.amazon.com/dp/B0828BFK15?tag=eloabder-20&linkCode=osi&th=1&psc=1"><img src="https://m.media-amazon.com/images/I/41OXr2mKwYL._SL500_.jpg" alt="Product Image"></a><p>PandaEar Baby Pacifier Clips Solid Color, 4 Pack Universal Holder Leash for Boys and Girls, Teething Toys Teethers (Neutral)</p><p> -17% 0FF </p><p>$4.98</p><a href="https://www.amazon.com/dp/B0828BFK15?tag=eloabder-20&linkCode=osi&th=1&psc=1">View Product</a></div>
<div class="product"><a href="https://www.amazon.com/dp/B09JCJKMF2?tag=eloabder-20&linkCode=osi&th=1&psc=1"><img src="https://m.media-amazon.com/images/I/21hMAxonL8L._SL500_.jpg" alt="Product Image"></a><p>Ubbi On-The-Go Dual Pacifier Holder, Keep's Baby's Binkies Clean and Accessible, Portable for Travel, Diaper Bag Accessory Must Have for Newborns, Sage Green</p><p> -17% 0FF </p><p>$4.99</p><a href="https://www.amazon.com/dp/B09JCJKMF2?tag=eloabder-20&linkCode=osi&th=1&psc=1">View Product</a></div><div class="product"><a href="https://www.amazon.com/dp/B0BG8J1JJR?tag=eloabder-20&linkCode=osi&th=1&psc=1"><img src="https://m.media-amazon.com/images/I/31fDalcDyyL._SL500_.jpg" alt="Product Image"></a><p>PandaEar Pacifier Nipple Holder Case Container Boxes (4 Pack)| Universal Accessories Holders| Travel Cases| BPA Free</p><p> -17% 0FF </p><p>$4.95</p><a href="https://www.amazon.com/dp/B0BG8J1JJR?tag=eloabder-20&linkCode=osi&th=1&psc=1">View Product</a></div>
<div class="product"><a href="https://www.amazon.com/dp/B08625PRQL?tag=eloabder-20&linkCode=osi&th=1&psc=1"><img src="https://m.media-amazon.com/images/I/31PUIalU9CL._SL500_.jpg" alt="Product Image"></a><p>GROWNSY Pacifier Sanitizer Portable, UV Light Sanitizer on The Go, USB Charging Sanitizer Case, Mini Pacifier Sanitizer 99.99% Cleaned in 59 Seconds (White)</p><p> -10% 0FF </p><p>$26.95</p><a href="https://www.amazon.com/dp/B08625PRQL?tag=eloabder-20&linkCode=osi&th=1&psc=1">View Product</a></div><div class="product"><a href="https://www.amazon.com/dp/B0035LQNNE?tag=eloabder-20&linkCode=osi&th=1&psc=1"><img src="https://m.media-amazon.com/images/I/41DJ3x+h47L._SL500_.jpg" alt="Product Image"></a><p>Dr. Brown's Microwave Steam Sterilizer Bags for Baby Bottles, Pacifiers, Pump Parts and Accessories, Travel Baby Bottle Sterilizer, 30 Uses per Bag, 5 Count (Pack of 1)</p><p> -40% 0FF </p><p>$5.99</p><a href="https://www.amazon.com/dp/B0035LQNNE?tag=eloabder-20&linkCode=osi&th=1&psc=1">View Product</a></div>
<div class="product"><a href="https://www.amazon.com/dp/B0CRF9L25B?tag=eloabder-20&linkCode=osi&th=1&psc=1"><img src="https://m.media-amazon.com/images/I/41WW0AQ61YL._SL500_.jpg" alt="Product Image"></a><p>Comfy Cubs Baby Play Gym Set, Wooden Baby Playgym, Interactive Activity Center Hanging Bar with Gym Toys, Foldable for Infants, Newborn Gift for Baby Girl and Boy</p><p> -33% 0FF </p><p>$39.99</p><a href="https://www.amazon.com/dp/B0CRF9L25B?tag=eloabder-20&linkCode=osi&th=1&psc=1">View Product</a></div>
<div class="product"><a href="https://www.amazon.com/dp/B0BCVRHFX8?tag=eloabder-20&linkCode=osi&th=1&psc=1"><img src="https://m.media-amazon.com/images/I/41EoxD6Jb4L._SL500_.jpg" alt="Product Image"></a><p>Baby Playpen,Playpen, Playpen for Babies and Toddlers, Play Pen for Kids, Play Pens for Babies and Toddlers for Apartment (47 * 47 inch Grey with mat)</p><p> -23% 0FF </p><p>$46.21</p><a href="https://www.amazon.com/dp/B0BCVRHFX8?tag=eloabder-20&linkCode=osi&th=1&psc=1">View Product</a></div><div class="product"><a href="https://www.amazon.com/dp/B0BR7NFYTV?tag=eloabder-20&linkCode=osi&th=1&psc=1"><img src="https://m.media-amazon.com/images/I/41fdC8D+84L._SL500_.jpg" alt="Product Image"></a><p>COMOMY Playpens for Babies and Toddlers, Small Baby Play Pens, Activity Center for Baby Safe and Non-Slip Baby Fence, Full Mesh Design, Indoor & Outdoor Kids Activity Center (Dark Grey, 36"x36")</p><p> -20% 0FF </p><p>$39.99</p><a href="https://www.amazon.com/dp/B0BR7NFYTV?tag=eloabder-20&linkCode=osi&th=1&psc=1">View Product</a></div><div class="product"><a href="https://www.amazon.com/dp/B09ZDQ3C2Y?tag=eloabder-20&linkCode=osi&th=1&psc=1"><img src="https://m.media-amazon.com/images/I/41cGSa5tbrL._SL500_.jpg" alt="Product Image"></a><p>Pamo Babe Portable Crib Baby Playpen with Mattress and Carry Bag (Grey)</p><p> -29% 0FF </p><p>$48.99</p><a href="https://www.amazon.com/dp/B09ZDQ3C2Y?tag=eloabder-20&linkCode=osi&th=1&psc=1">View Product</a></div><div class="product"><a href="https://www.amazon.com/dp/B08BT16TH5?tag=eloabder-20&linkCode=osi&th=1&psc=1"><img src="https://m.media-amazon.com/images/I/41T3gWQReTL._SL500_.jpg" alt="Product Image"></a><p>Dream On Me Nest Portable Playard in Black with Carrybag an Shoulder Strap, Lightweight, Packable and Easy Setup Baby Playard, Breathable Mesh Sides and Soft Fabric - Comes with a Removable Padded Mat</p><p> -29% 0FF </p><p>$49.99</p><a href="https://www.amazon.com/dp/B08BT16TH5?tag=eloabder-20&linkCode=osi&th=1&psc=1">View Product</a></div>
<div class="product"><a href="https://www.amazon.com/dp/B07964SFW4?tag=eloabder-20&linkCode=osi&th=1&psc=1"><img src="https://m.media-amazon.com/images/I/415S7evTplL._SL500_.jpg" alt="Product Image"></a><p>Baby Trend Lil' Snooze Deluxe II Nursery Center, Twinkle Twinkle Little Moon</p><p> -10% 0FF </p><p>$89.99</p><a href="https://www.amazon.com/dp/B07964SFW4?tag=eloabder-20&linkCode=osi&th=1&psc=1">View Product</a></div><div class="product"><a href="https://www.amazon.com/dp/B0BMFQFZSH?tag=eloabder-20&linkCode=osi&th=1&psc=1"><img src="https://m.media-amazon.com/images/I/41tYFE0RalL._SL500_.jpg" alt="Product Image"></a><p>Pamo Babe Deluxe Nursery Center, Foldable Playard for Baby & Toddler, Bassinet, Mattress, Changing Table for Newborn(Black)</p><p> -22% 0FF </p><p>$155.99</p><a href="https://www.amazon.com/dp/B0BMFQFZSH?tag=eloabder-20&linkCode=osi&th=1&psc=1">View Product</a></div><div class="product"><a href="https://www.amazon.com/dp/B07HYV86RH?tag=eloabder-20&linkCode=osi&th=1&psc=1"><img src="https://m.media-amazon.com/images/I/41GWwVT9TQL._SL500_.jpg" alt="Product Image"></a><p>Baby Trend Trend-E Nursery Center® Playard, April</p><p> -20% 0FF </p><p>$79.99</p><a href="https://www.amazon.com/dp/B07HYV86RH?tag=eloabder-20&linkCode=osi&th=1&psc=1">View Product</a></div>
<div class="product"><a href="https://www.amazon.com/dp/B0BZQGQVD1?tag=eloabder-20&linkCode=osi&th=1&psc=1"><img src="https://m.media-amazon.com/images/I/41DuYrM0FML._SL500_.jpg" alt="Product Image"></a><p>Kopi Baby Portable Diaper Changing Pad - Baby Changing Pad & Diaper Changer Travel Bag, Smart Design Baby Changing Mat, Portable Changing Pad for Baby - Baby Changing Station, Infant Gift - Grey</p><p> -31% 0FF </p><p>$26.99</p><a href="https://www.amazon.com/dp/B0BZQGQVD1?tag=eloabder-20&linkCode=osi&th=1&psc=1">View Product</a></div><div class="product"><a href="https://www.amazon.com/dp/B085PXT49C?tag=eloabder-20&linkCode=osi&th=1&psc=1"><img src="https://m.media-amazon.com/images/I/51vXCxx-lHL._SL500_.jpg" alt="Product Image"></a><p>Portable Changing Pad for Baby|Travel Baby Changing Pads for Moms, Dads|Waterproof Portable Changing Mat with Built-in Pillow|Excellent Baby Shower/Registry Gifts</p><p> -19% 0FF </p><p>$12.99</p><a href="https://www.amazon.com/dp/B085PXT49C?tag=eloabder-20&linkCode=osi&th=1&psc=1">View Product</a></div><div class="product"><a href="https://www.amazon.com/dp/B082FZ4232?tag=eloabder-20&linkCode=osi&th=1&psc=1"><img src="https://m.media-amazon.com/images/I/51beBs2MbBL._SL500_.jpg" alt="Product Image"></a><p>First Landings Portable Diaper Changing Pad - Convenient Travel Changing Pad and Wipe Holder - Portable Changing Pad - Navy</p><p> -58% 0FF </p><p>$9.99</p><a href="https://www.amazon.com/dp/B082FZ4232?tag=eloabder-20&linkCode=osi&th=1&psc=1">View Product</a></div><div class="product"><a href="https://www.amazon.com/dp/B08N4W4CFC?tag=eloabder-20&linkCode=osi&th=1&psc=1"><img src="https://m.media-amazon.com/images/I/51vHXXugc9L._SL500_.jpg" alt="Product Image"></a><p>Portable Diaper Changing Pad for Baby, Detachable Travel Changing Pad with Baby Wipes Pocket, Gifts for Baby Shower, Newborn Girls and Boys (Grey)</p><p> -29% 0FF </p><p>$19.79</p><a href="https://www.amazon.com/dp/B08N4W4CFC?tag=eloabder-20&linkCode=osi&th=1&psc=1">View Product</a></div><div class="product"><a href="https://www.amazon.com/dp/B0CM9ZDFT7?tag=eloabder-20&linkCode=osi&th=1&psc=1"><img src="https://m.media-amazon.com/images/I/511OkyACRAL._SL500_.jpg" alt="Product Image"></a><p>Portable Changing Pad for Baby, Travel Diaper Changing Pad for Newborn, Large Waterproof Baby Changing Mat, Foldable & Detachable Diaper Changing Station with Baby Wipes Pockets, Baby Stuff by Pillani</p><p> -37% 0FF </p><p>$18.99</p><a href="https://www.amazon.com/dp/B0CM9ZDFT7?tag=eloabder-20&linkCode=osi&th=1&psc=1">View Product</a></div>
<div class="product"><a href="https://www.amazon.com/dp/B00AKKDSNG?tag=eloabder-20&linkCode=osi&th=1&psc=1"><img src="https://m.media-amazon.com/images/I/51nqUmC7OaL._SL500_.jpg" alt="Product Image"></a><p>Guava Lotus Travel Crib with Lightweight Backpack Design | Certified Baby Safe Portable Crib | Folding Play Yard with Comfy Mattress for Babies & Toddlers | Compact Baby Travel Bed</p><p> -18% 0FF </p><p>$229.95</p><a href="https://www.amazon.com/dp/B00AKKDSNG?tag=eloabder-20&linkCode=osi&th=1&psc=1">View Product</a></div><div class="product"><a href="https://www.amazon.com/dp/B07RZQC1T1?tag=eloabder-20&linkCode=osi&th=1&psc=1"><img src="https://m.media-amazon.com/images/I/41EMWNVnnYL._SL500_.jpg" alt="Product Image"></a><p>Pamo Babe Portable Crib for Baby, Portable Baby Playpen with Bassinet and Changing Table</p><p> -15% 0FF </p><p>$109.99</p><a href="https://www.amazon.com/dp/B07RZQC1T1?tag=eloabder-20&linkCode=osi&th=1&psc=1">View Product</a></div><div class="product"><a href="https://www.amazon.com/dp/B01F9FLEL4?tag=eloabder-20&linkCode=osi&th=1&psc=1"><img src="https://m.media-amazon.com/images/I/51HNrjQ09pL._SL500_.jpg" alt="Product Image"></a><p>Baby Trend Nursery Center® Playard, Tanzania</p><p> -20% 0FF </p><p>$79.99</p><a href="https://www.amazon.com/dp/B01F9FLEL4?tag=eloabder-20&linkCode=osi&th=1&psc=1">View Product</a></div>
<div class="product"><a href="https://www.amazon.com/dp/B0CXY9DDW9?tag=eloabder-20&linkCode=osi&th=1&psc=1"><img src="https://m.media-amazon.com/images/I/31MFNOwDz8L._SL500_.jpg" alt="Product Image"></a><p>Bluey Playtime Floor Potty Trainer w/Sound</p><p> -20% 0FF </p><p>$31.99</p><a href="https://www.amazon.com/dp/B0CXY9DDW9?tag=eloabder-20&linkCode=osi&th=1&psc=1">View Product</a></div>


<div class="product"><a href="https://www.amazon.com/dp/B0825YNHG9?tag=eloabder-20&linkCode=osi&th=1&psc=1"><img src="https://m.media-amazon.com/images/I/515zQEdiriL._SL500_.jpg" alt="Product Image"></a><p>wegreeco Cloth Diapers 6 Pack with 6 Inserts & 1 Wet Bag, Washable Cloth Diapers for Babies, One Size Adjustable Reusable Diapers Baby (Flower)</p><p> -17% 0FF </p><p>$31.85</p><a href="https://www.amazon.com/dp/B0825YNHG9?tag=eloabder-20&linkCode=osi&th=1&psc=1">View Product</a></div><div class="product"><a href="https://www.amazon.com/dp/B0D5HMWY6V?tag=eloabder-20&linkCode=osi&th=1&psc=1"><img src="https://m.media-amazon.com/images/I/41U1XPfqxlL._SL500_.jpg" alt="Product Image"></a><p>Smarbore Baby Cloth Diapers Set-4 Pack Diapers with 4 Inserts & 1 Wet Dry Separation Bag, Reusable Infant Toddler Nappy, Adjustable Pocket Diapers for Baby Boys and Girls(6-33 pounds,0-3 Years)</p><p> -7% 0FF </p><p>$25.99 ($2.89 / Count)</p><a href="https://www.amazon.com/dp/B0D5HMWY6V?tag=eloabder-20&linkCode=osi&th=1&psc=1">View Product</a></div>
<div class="product"><a href="https://www.amazon.com/dp/B0CG1T96CP?tag=eloabder-20&linkCode=osi&th=1&psc=1"><img src="https://m.media-amazon.com/images/I/41Zc2WoVYUL._SL500_.jpg" alt="Product Image"></a><p>Yaheetech Upholstered Rocking Chair, Boucle Glider Chair Nursery Chair with High Back and Side Pocket, Rocking Accent Armchair with Rubber Wood Legs for Living Room/Bedroom/Nursery, Ivory</p><p> -41% 0FF </p><p>$99.99</p><a href="https://www.amazon.com/dp/B0CG1T96CP?tag=eloabder-20&linkCode=osi&th=1&psc=1">View Product</a></div><div class="product"><a href="https://www.amazon.com/dp/B0815ZR4LN?tag=eloabder-20&linkCode=osi&th=1&psc=1"><img src="https://m.media-amazon.com/images/I/31z4fzPBkHL._SL500_.jpg" alt="Product Image"></a><p>Evolur Raleigh Upholstered Nursery Glider, Swivel, Rock, Recliner, Tool Free Assembly, Greenguard Gold Certified Misty Grey</p><p> -43% 0FF </p><p>$199.99</p><a href="https://www.amazon.com/dp/B0815ZR4LN?tag=eloabder-20&linkCode=osi&th=1&psc=1">View Product</a></div><div class="product"><a href="https://www.amazon.com/dp/B01N4KL7QS?tag=eloabder-20&linkCode=osi&th=1&psc=1"><img src="https://m.media-amazon.com/images/I/51EIu4gTPDL._SL500_.jpg" alt="Product Image"></a><p>Angel Line Windsor Glider and Ottoman, Natural and Gray</p><p> -21% 0FF </p><p>$139.00</p><a href="https://www.amazon.com/dp/B01N4KL7QS?tag=eloabder-20&linkCode=osi&th=1&psc=1">View Product</a></div><div class="product"><a href="https://www.amazon.com/dp/B0DF2PJ5KH?tag=eloabder-20&linkCode=osi&th=1&psc=1"><img src="https://m.media-amazon.com/images/I/51wf3SLefBL._SL500_.jpg" alt="Product Image"></a><p>VECELO High Back Nursery Rocking Chair with Foot Rest, Teddy Upholstered Reclining Glider Rocker, Comfy Armchair Padded Seat Removable Side Pockets for Living Room, Bedroom, Balcony, White</p><p> -7% 0FF </p><p>$129.99</p><a href="https://www.amazon.com/dp/B0DF2PJ5KH?tag=eloabder-20&linkCode=osi&th=1&psc=1">View Product</a></div>
<div class="product"><a href="https://www.amazon.com/dp/B0D4YY8V2Z?tag=eloabder-20&linkCode=osi&th=1&psc=1"><img src="https://m.media-amazon.com/images/I/41ckUZsbOhL._SL500_.jpg" alt="Product Image"></a><p>JXM Safety Harness for Active Childs with Quick Grab Handle, Teens Youth Secure Walking Harness with Autism Awareness and Pouch, Adjustable Tether Leash for Autism ADHD Special Needs Child Kids</p><p> -11% 0FF </p><p>$24.99</p><a href="https://www.amazon.com/dp/B0D4YY8V2Z?tag=eloabder-20&linkCode=osi&th=1&psc=1">View Product</a></div><div class="product"><a href="https://www.amazon.com/dp/B0CMTXJ956?tag=eloabder-20&linkCode=osi&th=1&psc=1"><img src="https://m.media-amazon.com/images/I/41isiqOFw+L._SL500_.jpg" alt="Product Image"></a><p>Kanayu 2 Pcs Walking Harness for Older Children with Handle and Pouch Safety Harness for Autism ADHD Special Needs Child Kids(8-12 Years)</p><p> -12% 0FF </p><p>$22.99</p><a href="https://www.amazon.com/dp/B0CMTXJ956?tag=eloabder-20&linkCode=osi&th=1&psc=1">View Product</a></div><div class="product"><a href="https://www.amazon.com/dp/B0CFY3B37N?tag=eloabder-20&linkCode=osi&th=1&psc=1"><img src="https://m.media-amazon.com/images/I/41i7J-tFLEL._SL500_.jpg" alt="Product Image"></a><p>ROSROSE Child Airplane Safety Travel Harness, Airplane Travel Accessories for Kid Toddler, Child Aviation Flight Seat Device/Seat Belt, Safety Restraint System Helps Keep Your Child Safe</p><p> -10% 0FF </p><p>$22.55</p><a href="https://www.amazon.com/dp/B0CFY3B37N?tag=eloabder-20&linkCode=osi&th=1&psc=1">View Product</a></div>

<div class="product"><a href="https://www.amazon.com/dp/B0CD42KQ3K?tag=eloabder-20&linkCode=osi&th=1&psc=1"><img src="https://m.media-amazon.com/images/I/41c9zvmFrLL._SL500_.jpg" alt="Product Image"></a><p>TOHIBEE Baby Montessori Sensory Toys for 0-6 6-12 Months, Food Grade Teething Toys for Babies 0 3 6 9 12 18 Months, Newborn Infant Learning Developmental Toys Gifts for 1 2 Year Old Boys Girls</p><p> -50% 0FF </p><p>$9.99</p><a href="https://www.amazon.com/dp/B0CD42KQ3K?tag=eloabder-20&linkCode=osi&th=1&psc=1">View Product</a></div><div class="product"><a href="https://www.amazon.com/dp/B0CNNZKL6Z?tag=eloabder-20&linkCode=osi&th=1&psc=1"><img src="https://m.media-amazon.com/images/I/419qSwSFEIL._SL500_.jpg" alt="Product Image"></a><p>MIUXUESO 3 Pcs Baby Flower Headbands Baby Girls Nylon Headbands Soft Hairbands Hair Accessories for Newborn Infant Toddler Kids (Beige Pink Khaki)</p><p> -11% 0FF </p><p>$8.89 ($2.96 / Count)</p><a href="https://www.amazon.com/dp/B0CNNZKL6Z?tag=eloabder-20&linkCode=osi&th=1&psc=1">View Product</a></div><div class="product"><a href="https://www.amazon.com/dp/B0CRLDXBYN?tag=eloabder-20&linkCode=osi&th=1&psc=1"><img src="https://m.media-amazon.com/images/I/51U5mzLT4CL._SL500_.jpg" alt="Product Image"></a><p>Cute Castle Baby Sleep Sack 0-6 Months - Lightweight 100% Cotton 2-Way Zipper TOG 0.5 Infant Wearable Blanket, Newborn Essentials Toddler Sleep Clothes (3 Pack Green)</p><p> -41% 0FF </p><p>$26.98</p><a href="https://www.amazon.com/dp/B0CRLDXBYN?tag=eloabder-20&linkCode=osi&th=1&psc=1">View Product</a></div><div class="product"><a href="https://www.amazon.com/dp/B0CNSPHBBG?tag=eloabder-20&linkCode=osi&th=1&psc=1"><img src="https://m.media-amazon.com/images/I/41KtLZ6dp3L._SL500_.jpg" alt="Product Image"></a><p>Arnzion Baby Hooded Towels for Babies and Toddlers, Muslin Baby Bath Towel Soft and Absorbent for Boys and Girls (Dark Grey 1 Pack)</p><p> -10% 0FF </p><p>$8.99</p><a href="https://www.amazon.com/dp/B0CNSPHBBG?tag=eloabder-20&linkCode=osi&th=1&psc=1">View Product</a></div><div class="product"><a href="https://www.amazon.com/dp/B0C6Y89H47?tag=eloabder-20&linkCode=osi&th=1&psc=1"><img src="https://m.media-amazon.com/images/I/41SIANIdhkL._SL500_.jpg" alt="Product Image"></a><p>HelloBaby Upgrade 5’’ Baby Monitor with 26-Hour Battery, 2 Cameras Pan-Tilt-Zoom, 1000ft Range Video Audio Baby Monitor No WiFi, VOX, Night Vision, 2-Way Talk, 8 Lullabies and Temperature</p><p> -22% 0FF </p><p>$139.99</p><a href="https://www.amazon.com/dp/B0C6Y89H47?tag=eloabder-20&linkCode=osi&th=1&psc=1">View Product</a></div><div class="product"><a href="https://www.amazon.com/dp/B0CLGCN5ZS?tag=eloabder-20&linkCode=osi&th=1&psc=1"><img src="https://m.media-amazon.com/images/I/41PuaWmW8rL._SL500_.jpg" alt="Product Image"></a><p>Momcozy Baby Carrier Newborn to Toddler - Ergonomic, Cozy and Lightweight Infant Carrier for 7-44lbs, Effortless to Put On, Ideal for Hands-Free Parenting, Enhanced Lumbar Support, Khaki</p><p> -7% 0FF </p><p>$64.99</p><a href="https://www.amazon.com/dp/B0CLGCN5ZS?tag=eloabder-20&linkCode=osi&th=1&psc=1">View Product</a></div>
<div class="product"><a href="https://www.amazon.com/dp/B09B94C44F?tag=eloabder-20&linkCode=osi&th=1&psc=1"><img src="https://m.media-amazon.com/images/I/41mrmM0elVL._SL500_.jpg" alt="Product Image"></a><p>Fisher-Price Baby to Toddler Learning Toy 2-in-1 Like a Boss Activity Center and Play Table with Lights Music and Sounds</p><p> -33% 0FF </p><p>$73.99</p><a href="https://www.amazon.com/dp/B09B94C44F?tag=eloabder-20&linkCode=osi&th=1&psc=1">View Product</a></div><div class="product"><a href="https://www.amazon.com/dp/B08D8RSLXW?tag=eloabder-20&linkCode=osi&th=1&psc=1"><img src="https://m.media-amazon.com/images/I/41CTM7vmqIL._SL500_.jpg" alt="Product Image"></a><p>Smart Steps® Bounce N’ Play 3-in-1 Activity Center, Woodland Walk</p><p> -14% 0FF </p><p>$59.99</p><a href="https://www.amazon.com/dp/B08D8RSLXW?tag=eloabder-20&linkCode=osi&th=1&psc=1">View Product</a></div><div class="product"><a href="https://www.amazon.com/dp/B08WQB3JQW?tag=eloabder-20&linkCode=osi&th=1&psc=1"><img src="https://m.media-amazon.com/images/I/413UkTCXRJL._SL500_.jpg" alt="Product Image"></a><p>Smart Steps® 3-in-1 Bounce N' Play Activity Center Plus with STEM Learning Toys, Tike Hike</p><p> -33% 0FF </p><p>$59.99</p><a href="https://www.amazon.com/dp/B08WQB3JQW?tag=eloabder-20&linkCode=osi&th=1&psc=1">View Product</a></div><div class="product"><a href="https://www.amazon.com/dp/B0B5JJGGTC?tag=eloabder-20&linkCode=osi&th=1&psc=1"><img src="https://m.media-amazon.com/images/I/41hewN3eW6L._SL500_.jpg" alt="Product Image"></a><p>Fisher-Price Baby to Toddler Toy 3-in-1 SnugaPuppy Activity Center and Play Table with Lights Sounds and Developmental Activities</p><p> -23% 0FF </p><p>$99.99</p><a href="https://www.amazon.com/dp/B0B5JJGGTC?tag=eloabder-20&linkCode=osi&th=1&psc=1">View Product</a></div><div class="product"><a href="https://www.amazon.com/dp/B07BF1V8K8?tag=eloabder-20&linkCode=osi&th=1&psc=1"><img src="https://m.media-amazon.com/images/I/51kWbX5t3FL._SL500_.jpg" alt="Product Image"></a><p>Battat - Activity Cube With Farm Theme - Educational Wooden Toys For Toddlers And Kids - 1 Year +</p><p> -42% 0FF </p><p>$59.95</p><a href="https://www.amazon.com/dp/B07BF1V8K8?tag=eloabder-20&linkCode=osi&th=1&psc=1">View Product</a></div>
<div class="product"><a href="https://www.amazon.com/dp/B07MPCCDM7?tag=eloabder-20&linkCode=osi&th=1&psc=1"><img src="https://m.media-amazon.com/images/I/414WzjZL6XL._SL500_.jpg" alt="Product Image"></a><p>Baby Einstein 4-in-1 Kickin' Tunes Music and Language Play Gym and Piano Tummy Time Activity Mat</p><p> -20% 0FF </p><p>$39.98</p><a href="https://www.amazon.com/dp/B07MPCCDM7?tag=eloabder-20&linkCode=osi&th=1&psc=1">View Product</a></div><div class="product"><a href="https://www.amazon.com/dp/B0793D9WBY?tag=eloabder-20&linkCode=osi&th=1&psc=1"><img src="https://m.media-amazon.com/images/I/51SJobuKTzL._SL500_.jpg" alt="Product Image"></a><p>Fisher-Price Baby Playmat Deluxe Kick & Play Piano Gym, Green Musical Learning Toy with 2 Rattle Maracas for Developmental Play Newborns 0+ Months</p><p> -18% 0FF </p><p>$49.49</p><a href="https://www.amazon.com/dp/B0793D9WBY?tag=eloabder-20&linkCode=osi&th=1&psc=1">View Product</a></div><div class="product"><a href="https://www.amazon.com/dp/B0B5JXBMZJ?tag=eloabder-20&linkCode=osi&th=1&psc=1"><img src="https://m.media-amazon.com/images/I/51zfjAIFbcL._SL500_.jpg" alt="Product Image"></a><p>Fisher-Price Baby Playmat Kick & Play Piano Gym with Musical and Sensory Toys for Newborn to Toddler, Navy Fawn</p><p> -27% 0FF </p><p>$39.88</p><a href="https://www.amazon.com/dp/B0B5JXBMZJ?tag=eloabder-20&linkCode=osi&th=1&psc=1">View Product</a></div><div class="product"><a href="https://www.amazon.com/dp/B0036RKGHQ?tag=eloabder-20&linkCode=osi&th=1&psc=1"><img src="https://m.media-amazon.com/images/I/51ciJPgVi-L._SL500_.jpg" alt="Product Image"></a><p>Bright Starts Disney Baby Finding Nemo Mr. Ray Ocean Lights & Music Gym, Ages Newborn +</p><p> -18% 0FF </p><p>$69.98</p><a href="https://www.amazon.com/dp/B0036RKGHQ?tag=eloabder-20&linkCode=osi&th=1&psc=1">View Product</a></div>
<div class="product"><a href="https://www.amazon.com/dp/B0C8HGTL8Y?tag=eloabder-20&linkCode=osi&th=1&psc=1"><img src="https://m.media-amazon.com/images/I/41JRClg8WzL._SL500_.jpg" alt="Product Image"></a><p>Baby Trend Everlast 7-in-1 High Chair, Charcoal Stone</p><p> -50% 0FF </p><p>$49.99</p><a href="https://www.amazon.com/dp/B0C8HGTL8Y?tag=eloabder-20&linkCode=osi&th=1&psc=1">View Product</a></div><div class="product"><a href="https://www.amazon.com/dp/B08DY55SQZ?tag=eloabder-20&linkCode=osi&th=1&psc=1"><img src="https://m.media-amazon.com/images/I/31Gi5M2n0TL._SL500_.jpg" alt="Product Image"></a><p>Evenflo 4-in-1 Eat & Grow Convertible High Chair,Polyester</p><p> -9% 0FF </p><p>$62.99</p><a href="https://www.amazon.com/dp/B08DY55SQZ?tag=eloabder-20&linkCode=osi&th=1&psc=1">View Product</a></div><div class="product"><a href="https://www.amazon.com/dp/B0BDSWVGJN?tag=eloabder-20&linkCode=osi&th=1&psc=1"><img src="https://m.media-amazon.com/images/I/31RKzujFVpL._SL500_.jpg" alt="Product Image"></a><p>Graco EveryStep 6 in 1 High Chair, Babies and Toddlers Portable Slim High Chair with 6 Growing Stages from Infant to Toddler Seating, Convenient for Dining Time, Featured Design in Misty</p><p> -12% 0FF </p><p>$176.99</p><a href="https://www.amazon.com/dp/B0BDSWVGJN?tag=eloabder-20&linkCode=osi&th=1&psc=1">View Product</a></div><div class="product"><a href="https://www.amazon.com/dp/B0DFGSY7D2?tag=eloabder-20&linkCode=osi&th=1&psc=1"><img src="https://m.media-amazon.com/images/I/41LuMCYsLxL._SL500_.jpg" alt="Product Image"></a><p>High Chair,IJHIJH Baby High Chair,Foldable High Chair,High Chair for Babies and Toddlers,Double-Layer Large Tray,Backrest and Height Adjustable,5-Point Safety Belt,Non-Slip Mat,Space Saving</p><p> -23% 0FF </p><p>$99.99</p><a href="https://www.amazon.com/dp/B0DFGSY7D2?tag=eloabder-20&linkCode=osi&th=1&psc=1">View Product</a></div><div class="product"><a href="https://www.amazon.com/dp/B01MRVWGJH?tag=eloabder-20&linkCode=osi&th=1&psc=1"><img src="https://m.media-amazon.com/images/I/41HxUVOWn-L._SL500_.jpg" alt="Product Image"></a><p>Cosco Simple Fold Full Size High Chair With Adjustable Tray, 28.5x23.5x38.7 Inch (Pack of 1)</p><p> -23% 0FF </p><p>$49.99</p><a href="https://www.amazon.com/dp/B01MRVWGJH?tag=eloabder-20&linkCode=osi&th=1&psc=1">View Product</a></div><div class="product"><a href="https://www.amazon.com/dp/B0B1QRSXW9?tag=eloabder-20&linkCode=osi&th=1&psc=1"><img src="https://m.media-amazon.com/images/I/41k+dOKhnqL._SL500_.jpg" alt="Product Image"></a><p>Baby Trend Sit Right 2.0 3-in-1 High Chair - Cozy Grey</p><p> -25% 0FF </p><p>$59.99</p><a href="https://www.amazon.com/dp/B0B1QRSXW9?tag=eloabder-20&linkCode=osi&th=1&psc=1">View Product</a></div><div class="product"><a href="https://www.amazon.com/dp/B08HKPPJPV?tag=eloabder-20&linkCode=osi&th=1&psc=1"><img src="https://m.media-amazon.com/images/I/31cMtIzV9lL._SL500_.jpg" alt="Product Image"></a><p>Graco® Table2Table LX 6-in-1 Highchair, Arrows with Infant Head Support & One-Hand Removable Tray</p><p> -16% 0FF </p><p>$100.99</p><a href="https://www.amazon.com/dp/B08HKPPJPV?tag=eloabder-20&linkCode=osi&th=1&psc=1">View Product</a></div><div class="product"><a href="https://www.amazon.com/dp/B07Y5RY7QT?tag=eloabder-20&linkCode=osi&th=1&psc=1"><img src="https://m.media-amazon.com/images/I/31IiUCIU1JL._SL500_.jpg" alt="Product Image"></a><p>Graco DuoDiner DLX 6-in-1 Highchair, Mathis</p><p> -7% 0FF </p><p>$139.99</p><a href="https://www.amazon.com/dp/B07Y5RY7QT?tag=eloabder-20&linkCode=osi&th=1&psc=1">View Product</a></div><div class="product"><a href="https://www.amazon.com/dp/B091M5MT2L?tag=eloabder-20&linkCode=osi&th=1&psc=1"><img src="https://m.media-amazon.com/images/I/31ukjyiALGL._SL500_.jpg" alt="Product Image"></a><p>Century Dine On 4-in-1 High Chair, Grows with Child with 4 Modes, Metro</p><p> -11% 0FF </p><p>$79.99</p><a href="https://www.amazon.com/dp/B091M5MT2L?tag=eloabder-20&linkCode=osi&th=1&psc=1">View Product</a></div>
<div class="product"><a href="https://www.amazon.com/dp/B000MR4IX6?tag=eloabder-20&linkCode=osi&th=1&psc=1"><img src="https://m.media-amazon.com/images/I/31QxBnnFyKL._SL500_.jpg" alt="Product Image"></a><p>Crane Adorables Ultrasonic Humidifiers for Bedroom and Baby Nursery, 1 Gallon Cool Mist Air Humidifier for Large Room or Kid's Room, Humidifier Filters Optional, Hello Kitty</p><p> -10% 0FF </p><p>$53.99</p><a href="https://www.amazon.com/dp/B000MR4IX6?tag=eloabder-20&linkCode=osi&th=1&psc=1">View Product</a></div><div class="product"><a href="https://www.amazon.com/dp/B001ADL1SG?tag=eloabder-20&linkCode=osi&th=1&psc=1"><img src="https://m.media-amazon.com/images/I/31jxnLUt3iL._SL500_.jpg" alt="Product Image"></a><p>Crane Ultrasonic Cool Mist Humidifier for Bedroom, Baby Nursery, Kids Room, Plants, or Office, Large 1 Gallon Tank, Filter Optional, Blue and White</p><p> -25% 0FF </p><p>$44.99</p><a href="https://www.amazon.com/dp/B001ADL1SG?tag=eloabder-20&linkCode=osi&th=1&psc=1">View Product</a></div><div class="product"><a href="https://www.amazon.com/dp/B089QWNQXC?tag=eloabder-20&linkCode=osi&th=1&psc=1"><img src="https://m.media-amazon.com/images/I/31SHRor76xL._SL500_.jpg" alt="Product Image"></a><p>Dr. Brown's All-in-One Sterilizer and Dryer for Baby Bottles, Parts & Other Newborn Essentials</p><p> -28% 0FF </p><p>$57.99</p><a href="https://www.amazon.com/dp/B089QWNQXC?tag=eloabder-20&linkCode=osi&th=1&psc=1">View Product</a></div><div class="product"><a href="https://www.amazon.com/dp/B008KJEYLO?tag=eloabder-20&linkCode=osi&th=1&psc=1"><img src="https://m.media-amazon.com/images/I/516vqHBFtxL._SL500_.jpg" alt="Product Image"></a><p>WaterWipes Plastic-Free Original Baby Wipes, 99.9% Water Based Wipes, Unscented & Hypoallergenic for Sensitive Skin, 60 Count (Pack of 12), Packaging May Vary</p><p> -13% 0FF </p><p>$39.97 ($5.55 / 100 Count)</p><a href="https://www.amazon.com/dp/B008KJEYLO?tag=eloabder-20&linkCode=osi&th=1&psc=1">View Product</a></div><div class="product"><a href="https://www.amazon.com/dp/B094YK9MB1?tag=eloabder-20&linkCode=osi&th=1&psc=1"><img src="https://m.media-amazon.com/images/I/31h+m99qpwL._SL500_.jpg" alt="Product Image"></a><p>Westinghouse 28-inch Cool Mist Ultrasonic Tower Humidifier, 6L Top Fill Air Humidifier with Essential Oil Diffuser, Adjustable Mist Volume for Large Bedrooms</p><p> -50% 0FF </p><p>$59.99</p><a href="https://www.amazon.com/dp/B094YK9MB1?tag=eloabder-20&linkCode=osi&th=1&psc=1">View Product</a></div>
<div class="product"><a href="https://www.amazon.com/dp/B0961KZ9X2?tag=eloabder-20&linkCode=osi&th=1&psc=1"><img src="https://m.media-amazon.com/images/I/41AUjJ8u93S._SL500_.jpg" alt="Product Image"></a><p>Philips Avent Anti-Colic Baby Bottle with AirFree Vent, 9oz, 4pk, Clear, SCY703/04</p><p> -20% 0FF </p><p>$23.99</p><a href="https://www.amazon.com/dp/B0961KZ9X2?tag=eloabder-20&linkCode=osi&th=1&psc=1">View Product</a></div><div class="product"><a href="https://www.amazon.com/dp/B00K5KVC52?tag=eloabder-20&linkCode=osi&th=1&psc=1"><img src="https://m.media-amazon.com/images/I/411dDDTfnQL._SL500_.jpg" alt="Product Image"></a><p>Tommee Tippee Natural Start Anti-Colic BPA Free Baby Bottles, 9oz, Slow-Flow Breast-Like Nipple for a Natural Latch, Designed for Seamless Transitions Between Bottle and Breast, Fiesta, Pack of 6</p><p> -44% 0FF </p><p>$23.97</p><a href="https://www.amazon.com/dp/B00K5KVC52?tag=eloabder-20&linkCode=osi&th=1&psc=1">View Product</a></div><div class="product"><a href="https://www.amazon.com/dp/B00H0DH2NS?tag=eloabder-20&linkCode=osi&th=1&psc=1"><img src="https://m.media-amazon.com/images/I/41-a1Bfp4SL._SL500_.jpg" alt="Product Image"></a><p>Lansinoh Anti-Colic Baby Bottles for Breastfeeding Babies, 5 Ounces, 3 Count, Includes 3 Slow Flow Nipples, Size S</p><p> -25% 0FF </p><p>$14.99</p><a href="https://www.amazon.com/dp/B00H0DH2NS?tag=eloabder-20&linkCode=osi&th=1&psc=1">View Product</a></div><div class="product"><a href="https://www.amazon.com/dp/B07M6QQP9Z?tag=eloabder-20&linkCode=osi&th=1&psc=1"><img src="https://m.media-amazon.com/images/I/41DGyuAuyJL._SL500_.jpg" alt="Product Image"></a><p>Dr. Brown's Natural Flow Anti-Colic Options+ Wide-Neck Glass Baby Bottles 5 oz/150 mL, with Level 1 Slow Flow Nipple, 3 Pack, 0m+</p><p> -17% 0FF </p><p>$23.99</p><a href="https://www.amazon.com/dp/B07M6QQP9Z?tag=eloabder-20&linkCode=osi&th=1&psc=1">View Product</a></div>
<div class="product"><a href="https://www.amazon.com/dp/B00MN6IGPK?tag=eloabder-20&linkCode=osi&th=1&psc=1"><img src="https://m.media-amazon.com/images/I/41QKUlWUujL._SL500_.jpg" alt="Product Image"></a><p>Pioneer Photo Albums DA-200COLB/B 200-Pocket Embossed Baby Leatherette Frame Cover Album for 4 by 6-Inch Prints, Blue</p><p> -20% 0FF </p><p>$13.58</p><a href="https://www.amazon.com/dp/B00MN6IGPK?tag=eloabder-20&linkCode=osi&th=1&psc=1">View Product</a></div><div class="product"><a href="https://www.amazon.com/dp/B09G9LD7MR?tag=eloabder-20&linkCode=osi&th=1&psc=1"><img src="https://m.media-amazon.com/images/I/41G9dvP0dRL._SL500_.jpg" alt="Product Image"></a><p>Holoary Baby Photo Album 4” x 6” 160 Photos, Newborn Baby Keepsake Gifts for Baby Boy/Girl and New Parents, Woodland Animals Design</p><p> -15% 0FF </p><p>$16.99</p><a href="https://www.amazon.com/dp/B09G9LD7MR?tag=eloabder-20&linkCode=osi&th=1&psc=1">View Product</a></div>
<div class="product"><a href="https://www.amazon.com/dp/B099FM4W4H?tag=eloabder-20&linkCode=osi&th=1&psc=1"><img src="https://m.media-amazon.com/images/I/41oW5RAdkOL._SL500_.jpg" alt="Product Image"></a><p>Frida Baby 4-in-1 Grow-with-Me Baby Bathtub, Baby Tub for Newborns to Toddler with Removable Bath Seat & Backrest for Bath Support in Tub</p><p> -9% 0FF </p><p>$49.97</p><a href="https://www.amazon.com/dp/B099FM4W4H?tag=eloabder-20&linkCode=osi&th=1&psc=1">View Product</a></div><div class="product"><a href="https://www.amazon.com/dp/B008VWVS14?tag=eloabder-20&linkCode=osi&th=1&psc=1"><img src="https://m.media-amazon.com/images/I/41SmMRWIinL._SL500_.jpg" alt="Product Image"></a><p>Angelcare Baby Bath Support (Aqua) | Ideal for Babies Less than 6 Months Old</p><p> -33% 0FF </p><p>$19.99</p><a href="https://www.amazon.com/dp/B008VWVS14?tag=eloabder-20&linkCode=osi&th=1&psc=1">View Product</a></div><div class="product"><a href="https://www.amazon.com/dp/B0856SSQ1X?tag=eloabder-20&linkCode=osi&th=1&psc=1"><img src="https://m.media-amazon.com/images/I/31uBL4LsJbL._SL500_.jpg" alt="Product Image"></a><p>Fisher-Price Baby to Toddler Bath 4-in-1 Sling ‘n Seat Tub with Removable Infant Support and 2 Toys, Pacific Pebble</p><p> -11% 0FF </p><p>$39.99</p><a href="https://www.amazon.com/dp/B0856SSQ1X?tag=eloabder-20&linkCode=osi&th=1&psc=1">View Product</a></div><div class="product"><a href="https://www.amazon.com/dp/B0BFVBMM2Y?tag=eloabder-20&linkCode=osi&th=1&psc=1"><img src="https://m.media-amazon.com/images/I/31HpHQ7IjxL._SL500_.jpg" alt="Product Image"></a><p>The First Years Renewed Baby Bath Tub - Newborn to Toddler 3-in-1 Baby Tub with Removable Sling - Made with 50% Recycled Material - 0 to 25 LBs</p><p> -10% 0FF </p><p>$26.99</p><a href="https://www.amazon.com/dp/B0BFVBMM2Y?tag=eloabder-20&linkCode=osi&th=1&psc=1">View Product</a></div><div class="product"><a href="https://www.amazon.com/dp/B08XYFMK8K?tag=eloabder-20&linkCode=osi&th=1&psc=1"><img src="https://m.media-amazon.com/images/I/41pzMRjTbyS._SL500_.jpg" alt="Product Image"></a><p>The First Years Rain Shower Baby Bathtub — Baby Spa for Newborn to Toddler — includes Convertible Bathtub and Sling with Soothing Spray — Baby Bath Essentials</p><p> -20% 0FF </p><p>$69.99</p><a href="https://www.amazon.com/dp/B08XYFMK8K?tag=eloabder-20&linkCode=osi&th=1&psc=1">View Product</a></div>
<div class="product"><a href="https://www.amazon.com/dp/B08GFCX964?tag=eloabder-20&linkCode=osi&th=1&psc=1"><img src="https://m.media-amazon.com/images/I/41WRO-OeUjL._SL500_.jpg" alt="Product Image"></a><p>PandaEar Set of 3 Silicone Baby Bibs Waterproof, Soft, Unisex, 10-72 Months (Brown/Blue/Green)</p><p> -27% 0FF </p><p>$8.45</p><a href="https://www.amazon.com/dp/B08GFCX964?tag=eloabder-20&linkCode=osi&th=1&psc=1">View Product</a></div><div class="product"><a href="https://www.amazon.com/dp/B0B152XRC4?tag=eloabder-20&linkCode=osi&th=1&psc=1"><img src="https://m.media-amazon.com/images/I/51OYlHgekxL._SL500_.jpg" alt="Product Image"></a><p>8-Pack Organic Baby Bibs for Boys, Girls - Soft Cotton Drooling and Teething Baby Bibs, Baby Girl Bibs, Baby Boy Bibs, Baby Drool Bibs for Baby Girl, Boy, Newborn Infant Bibs (Sweet Charm)</p><p> -39% 0FF </p><p>$16.96</p><a href="https://www.amazon.com/dp/B0B152XRC4?tag=eloabder-20&linkCode=osi&th=1&psc=1">View Product</a></div>
<div class="product"><a href="https://www.amazon.com/dp/B01CJABFKM?tag=eloabder-20&linkCode=osi&th=1&psc=1"><img src="https://m.media-amazon.com/images/I/41Cy6DIfuuL._SL500_.jpg" alt="Product Image"></a><p>Custom Catch Personalized Baby Blanket for Boys - Blue</p><p> -27% 0FF </p><p>$21.94</p><a href="https://www.amazon.com/dp/B01CJABFKM?tag=eloabder-20&linkCode=osi&th=1&psc=1">View Product</a></div><div class="product"><a href="https://www.amazon.com/dp/B098NY9KW8?tag=eloabder-20&linkCode=osi&th=1&psc=1"><img src="https://m.media-amazon.com/images/I/41k5gWkxQgL._SL500_.jpg" alt="Product Image"></a><p>Momcozy Muslin Swaddle Blankets, Swaddle Blanket for Baby Boys and Girls, 4-Pack Breathable and Skin-Friendly Baby Receiving Blankets Swaddle Wrap, Baby Essentials, Registry & Gift, 47 x 47 inches</p><p> -40% 0FF </p><p>$29.99</p><a href="https://www.amazon.com/dp/B098NY9KW8?tag=eloabder-20&linkCode=osi&th=1&psc=1">View Product</a></div><div class="product"><a href="https://www.amazon.com/dp/B0CNPDMD1R?tag=eloabder-20&linkCode=osi&th=1&psc=1"><img src="https://m.media-amazon.com/images/I/41P19H8j35L._SL500_.jpg" alt="Product Image"></a><p>Yurhap Fleece Baby Blanket Heart Checkered Blanket, Ultra Soft Cozy Baby Blankets for Girls Boys, Fluffy Infant Toddler Newborn Receiving Blankets for Crib Stroller 30”×40” (Light Pink)</p><p> -33% 0FF </p><p>$9.99</p><a href="https://www.amazon.com/dp/B0CNPDMD1R?tag=eloabder-20&linkCode=osi&th=1&psc=1">View Product</a></div><div class="product"><a href="https://www.amazon.com/dp/B0B3J7RYTF?tag=eloabder-20&linkCode=osi&th=1&psc=1"><img src="https://m.media-amazon.com/images/I/41xEsOQY4yL._SL500_.jpg" alt="Product Image"></a><p>Konssy Waffle Baby Blankets, Nursery Blankets for Boys Girls, Swaddle Blankets Neutral Soft Lightweight Toddler and Kids Throw Blankets(Oat)</p><p> -23% 0FF </p><p>$22.99</p><a href="https://www.amazon.com/dp/B0B3J7RYTF?tag=eloabder-20&linkCode=osi&th=1&psc=1">View Product</a></div><div class="product"><a href="https://www.amazon.com/dp/B0BD6TPYXR?tag=eloabder-20&linkCode=osi&th=1&psc=1"><img src="https://m.media-amazon.com/images/I/51SPJrzTpKL._SL500_.jpg" alt="Product Image"></a><p>Konssy Baby Blankets for Unisex Boys Girls, Super Soft Nursery Minky Blankets with Muslin Cotton Front and Dotted Fleece Backing, Printed Bed Throws Newborn</p><p> -10% 0FF </p><p>$18.99</p><a href="https://www.amazon.com/dp/B0BD6TPYXR?tag=eloabder-20&linkCode=osi&th=1&psc=1">View Product</a></div>
<div class="product"><a href="https://www.amazon.com/dp/B081FTXL88?tag=eloabder-20&linkCode=osi&th=1&psc=1"><img src="https://m.media-amazon.com/images/I/31S6fvevhIL._SL500_.jpg" alt="Product Image"></a><p>Munchkin® Bristle™ Bottle Brush, Grey</p><p> -23% 0FF </p><p>$4.47</p><a href="https://www.amazon.com/dp/B081FTXL88?tag=eloabder-20&linkCode=osi&th=1&psc=1">View Product</a></div><div class="product"><a href="https://www.amazon.com/dp/B082PZ44M9?tag=eloabder-20&linkCode=osi&th=1&psc=1"><img src="https://m.media-amazon.com/images/I/21NI5khXnaL._SL500_.jpg" alt="Product Image"></a><p>Boon Cacti Bottle Cleaning Brush Set - Includes Bottle Brush, Nipple Brush, Detail Brush, and Straw Brush - Baby Bottle Brush Set for Bottle Drying Rack - Baby Essentials - 4 Count</p><p> -12% 0FF </p><p>$13.49</p><a href="https://www.amazon.com/dp/B082PZ44M9?tag=eloabder-20&linkCode=osi&th=1&psc=1">View Product</a></div><div class="product"><a href="https://www.amazon.com/dp/B0CQKF5CWS?tag=eloabder-20&linkCode=osi&th=1&psc=1"><img src="https://m.media-amazon.com/images/I/31RoBDDbg3L._SL500_.jpg" alt="Product Image"></a><p>Munchkin® Bristle™ Bottle Brush, Modern Design, Grey</p><p> -23% 0FF </p><p>$4.47</p><a href="https://www.amazon.com/dp/B0CQKF5CWS?tag=eloabder-20&linkCode=osi&th=1&psc=1">View Product</a></div><div class="product"><a href="https://www.amazon.com/dp/B01968GERY?tag=eloabder-20&linkCode=osi&th=1&psc=1"><img src="https://m.media-amazon.com/images/I/21rubIV8FNL._SL500_.jpg" alt="Product Image"></a><p>NUK Triple Action Baby Bottle & Nipple Brush, 3 Powerful Cleaning Materials - Bristles, Sponge, & Scruber, Non-Slip Handle, Odor Resistant, Top Rack Dishwasher Safe</p><p> -54% 0FF </p><p>$4.49</p><a href="https://www.amazon.com/dp/B01968GERY?tag=eloabder-20&linkCode=osi&th=1&psc=1">View Product</a></div>
<div class="product"><a href="https://www.amazon.com/dp/B09CGTPJSL?tag=eloabder-20&linkCode=osi&th=1&psc=1"><img src="https://m.media-amazon.com/images/I/31O1L+MYMxL._SL500_.jpg" alt="Product Image"></a><p>Baby Bottle Sterilizer | Esterilizador de Biberones, 6-in-1 HAUTURE Bottle Sterilizer and Dryer, Electric Steam Bottle Sanitizer for Baby Stuffs, Baby Bottles & Breast Pump Accessories</p><p> -10% 0FF </p><p>$69.98</p><a href="https://www.amazon.com/dp/B09CGTPJSL?tag=eloabder-20&linkCode=osi&th=1&psc=1">View Product</a></div><div class="product"><a href="https://www.amazon.com/dp/B007VBXKG2?tag=eloabder-20&linkCode=osi&th=1&psc=1"><img src="https://m.media-amazon.com/images/I/315F64OEQHL._SL500_.jpg" alt="Product Image"></a><p>Philips AVENT Microwave Steam Sterilizer for Baby Bottles, Pacifiers, Cups and More, SCF281/05</p><p> -29% 0FF </p><p>$22.79</p><a href="https://www.amazon.com/dp/B007VBXKG2?tag=eloabder-20&linkCode=osi&th=1&psc=1">View Product</a></div><div class="product"><a href="https://www.amazon.com/dp/B09HJDX5S6?tag=eloabder-20&linkCode=osi&th=1&psc=1"><img src="https://m.media-amazon.com/images/I/41rjM6KCAmL._SL500_.jpg" alt="Product Image"></a><p>Baby Brezza Bottle Sterilizer and Dryer Advanced – Electric Steam Sterilization Machine Universal Sterilizing for All Bottles: Plastic + Glass Pacifiers Breast Pump Parts - HEPA Filtration</p><p> -15% 0FF </p><p>$118.99</p><a href="https://www.amazon.com/dp/B09HJDX5S6?tag=eloabder-20&linkCode=osi&th=1&psc=1">View Product</a></div><div class="product"><a href="https://www.amazon.com/dp/B0D474DSB6?tag=eloabder-20&linkCode=osi&th=1&psc=1"><img src="https://m.media-amazon.com/images/I/41p78Of58KL._SL500_.jpg" alt="Product Image"></a><p>Bottle Sterilizer and Dryer, HIYAKOI Electric Steam Baby Bottle Sterilizer and Dryer, All-in-One Sterilizer 2 Layers Large for Baby Bottles, Parts & Other Newborn Essentials - HEPA Filtration</p><p> -38% 0FF </p><p>$49.99</p><a href="https://www.amazon.com/dp/B0D474DSB6?tag=eloabder-20&linkCode=osi&th=1&psc=1">View Product</a></div><div class="product"><a href="https://www.amazon.com/dp/B0CQQFFQKJ?tag=eloabder-20&linkCode=osi&th=1&psc=1"><img src="https://m.media-amazon.com/images/I/41tQNekOelL._SL500_.jpg" alt="Product Image"></a><p>Momcozy Bottle Sterilizer and Dryer, 8-in-1 Electric Steam Baby Bottle Sterilizer for Baby Bottles, Baby stuffs & Breast Pump Accessories</p><p> -36% 0FF </p><p>$63.99</p><a href="https://www.amazon.com/dp/B0CQQFFQKJ?tag=eloabder-20&linkCode=osi&th=1&psc=1">View Product</a></div><div class="product"><a href="https://www.amazon.com/dp/B09HH7HSGV?tag=eloabder-20&linkCode=osi&th=1&psc=1"><img src="https://m.media-amazon.com/images/I/31tOSRxwFYL._SL500_.jpg" alt="Product Image"></a><p>GROWNSY Bottle Sterilizer and Dryer, 2024 Compact Electric Steam Baby Bottle Sterilizer (Esterilizador de Biberones), Bottle Sanitizer for Baby Bottles, Pacifiers, Pump Parts</p><p> -33% 0FF </p><p>$59.99</p><a href="https://www.amazon.com/dp/B09HH7HSGV?tag=eloabder-20&linkCode=osi&th=1&psc=1">View Product</a></div>
<div class="product"><a href="https://www.amazon.com/dp/B07G4KBQJ7?tag=eloabder-20&linkCode=osi&th=1&psc=1"><img src="https://m.media-amazon.com/images/I/41WM4mOjQiL._SL500_.jpg" alt="Product Image"></a><p>Evenflo Feeding Classic Tinted Plastic Standard Neck Bottles for Baby, Infant and Newborn, Pink/Lavender/Teal, 8 Ounce (Pack of 12)</p><p> -27% 0FF </p><p>$10.19</p><a href="https://www.amazon.com/dp/B07G4KBQJ7?tag=eloabder-20&linkCode=osi&th=1&psc=1">View Product</a></div><div class="product"><a href="https://www.amazon.com/dp/B00N9X4YZW?tag=eloabder-20&linkCode=osi&th=1&psc=1"><img src="https://m.media-amazon.com/images/I/51kDCJ8oQmL._SL500_.jpg" alt="Product Image"></a><p>Evenflo Feeding Classic Tinted Plastic Standard Neck Bottles for Baby, Infant and Newborn - Teal/Green/Blue, 8 Ounce (Pack of 12)</p><p> -31% 0FF </p><p>$9.68</p><a href="https://www.amazon.com/dp/B00N9X4YZW?tag=eloabder-20&linkCode=osi&th=1&psc=1">View Product</a></div><div class="product"><a href="https://www.amazon.com/dp/B07DCQKC33?tag=eloabder-20&linkCode=osi&th=1&psc=1"><img src="https://m.media-amazon.com/images/I/41jfe6zVMgL._SL500_.jpg" alt="Product Image"></a><p>Dr. Brown's Anti-Colic Baby Feeding Set with Slow Flow Nipples, Travel Caps, Silicone Pacifier - Pink</p><p> -20% 0FF </p><p>$18.41</p><a href="https://www.amazon.com/dp/B07DCQKC33?tag=eloabder-20&linkCode=osi&th=1&psc=1">View Product</a></div>
<div class="product"><a href="https://www.amazon.com/dp/B095F28Q6J?tag=eloabder-20&linkCode=osi&th=1&psc=1"><img src="https://m.media-amazon.com/images/I/311FVQReZOL._SL500_.jpg" alt="Product Image"></a><p>Baby Delight Alpine Deluxe Portable Bouncer, Infant, 0-6 Months, 100% GOTS Certified Cotton Fabrics, Organic Oat</p><p> -22% 0FF </p><p>$69.99</p><a href="https://www.amazon.com/dp/B095F28Q6J?tag=eloabder-20&linkCode=osi&th=1&psc=1">View Product</a></div><div class="product"><a href="https://www.amazon.com/dp/B0BLP5G5FJ?tag=eloabder-20&linkCode=osi&th=1&psc=1"><img src="https://m.media-amazon.com/images/I/41F7YHDOEGL._SL500_.jpg" alt="Product Image"></a><p>Bright Starts Playful Paradise Comfy Baby Bouncer Seat with Soothing Vibration and Toys, Unisex, 0-6 Months</p><p> -26% 0FF </p><p>$22.11</p><a href="https://www.amazon.com/dp/B0BLP5G5FJ?tag=eloabder-20&linkCode=osi&th=1&psc=1">View Product</a></div><div class="product"><a href="https://www.amazon.com/dp/B016DAWD3W?tag=eloabder-20&linkCode=osi&th=1&psc=1"><img src="https://m.media-amazon.com/images/I/31SssXA+BHL._SL500_.jpg" alt="Product Image"></a><p>BabyBjörn Bouncer Balance Soft, Cotton/Jersey, Dark Gray/Gray (005084US)</p><p> -14% 0FF </p><p>$179.99</p><a href="https://www.amazon.com/dp/B016DAWD3W?tag=eloabder-20&linkCode=osi&th=1&psc=1">View Product</a></div><div class="product"><a href="https://www.amazon.com/dp/B07C9ZR2VC?tag=eloabder-20&linkCode=osi&th=1&psc=1"><img src="https://m.media-amazon.com/images/I/41wSBC1+j4L._SL500_.jpg" alt="Product Image"></a><p>Smart Steps Trend EZ Bouncer, Bluebell</p><p> -45% 0FF </p><p>$29.99</p><a href="https://www.amazon.com/dp/B07C9ZR2VC?tag=eloabder-20&linkCode=osi&th=1&psc=1">View Product</a></div>
<div class="product"><a href="https://www.amazon.com/dp/B07XMN3SK6?tag=eloabder-20&linkCode=osi&th=1&psc=1"><img src="https://m.media-amazon.com/images/I/41bHS4nTJ2L._SL500_.jpg" alt="Product Image"></a><p>Infantino Flip 4-in-1 Carrier - Ergonomic for Newborns and Older Babies 8-32 lbs</p><p> -21% 0FF </p><p>$29.99</p><a href="https://www.amazon.com/dp/B07XMN3SK6?tag=eloabder-20&linkCode=osi&th=1&psc=1">View Product</a></div><div class="product"><a href="https://www.amazon.com/dp/B0743L6R1T?tag=eloabder-20&linkCode=osi&th=1&psc=1"><img src="https://m.media-amazon.com/images/I/31ZGsR+w+1L._SL500_.jpg" alt="Product Image"></a><p>Ergobaby Omni 360 All-Position Baby Carrier for Newborn to Toddler with Lumbar Support (7-45 Pounds), Pearl Grey, One Size (Pack of 1)</p><p> -39% 0FF </p><p>$110.00</p><a href="https://www.amazon.com/dp/B0743L6R1T?tag=eloabder-20&linkCode=osi&th=1&psc=1">View Product</a></div><div class="product"><a href="https://www.amazon.com/dp/B0CDQ1XH6W?tag=eloabder-20&linkCode=osi&th=1&psc=1"><img src="https://m.media-amazon.com/images/I/41kAV5NXZBL._SL500_.jpg" alt="Product Image"></a><p>Momcozy Baby Carrier Newborn to Toddler - Ergonomic, Cozy and Lightweight Infant Carrier for 7-44lbs, Effortless to Put On, Ideal for Hands-Free Parenting, Enhanced Lumbar Support, Leopard</p><p> -8% 0FF </p><p>$59.99</p><a href="https://www.amazon.com/dp/B0CDQ1XH6W?tag=eloabder-20&linkCode=osi&th=1&psc=1">View Product</a></div><div class="product"><a href="https://www.amazon.com/dp/B005SP2LWW?tag=eloabder-20&linkCode=osi&th=1&psc=1"><img src="https://m.media-amazon.com/images/I/31fYPOjdFrL._SL500_.jpg" alt="Product Image"></a><p>Boba Baby Wrap Carrier - Original Baby Carrier Wrap Sling for Newborns - Baby Wearing Essentials - Newborn Wrap Swaddle Holder, Newborn to Toddler Infant Sling (Grey)</p><p> -19% 0FF </p><p>$32.49</p><a href="https://www.amazon.com/dp/B005SP2LWW?tag=eloabder-20&linkCode=osi&th=1&psc=1">View Product</a></div><div class="product"><a href="https://www.amazon.com/dp/B098X8WS7Y?tag=eloabder-20&linkCode=osi&th=1&psc=1"><img src="https://m.media-amazon.com/images/I/41az3xS82UL._SL500_.jpg" alt="Product Image"></a><p>Momcozy Baby Wrap Carrier, Easy to Wear Infant Carrier Slings, Lightweight Hands Free Baby Sling, Adjustable Baby Carriers for Newborn to Toddler 8-35 lbs, Black</p><p> -28% 0FF </p><p>$32.99</p><a href="https://www.amazon.com/dp/B098X8WS7Y?tag=eloabder-20&linkCode=osi&th=1&psc=1">View Product</a></div>
<div class="product"><a href="https://www.amazon.com/dp/B01N3MYVZM?tag=eloabder-20&linkCode=osi&th=1&psc=1"><img src="https://m.media-amazon.com/images/I/41CLrlYJDnL._SL500_.jpg" alt="Product Image"></a><p>Graco SlimFit 3-in-1 Convertible Car Seat, Ultra-Space-Saving Design, Darcie, Suitable for Rear and Forward-Facing, Highback Booster Seat with 10-Position Headrest</p><p> -21% 0FF </p><p>$157.99</p><a href="https://www.amazon.com/dp/B01N3MYVZM?tag=eloabder-20&linkCode=osi&th=1&psc=1">View Product</a></div><div class="product"><a href="https://www.amazon.com/dp/B07J37RTPG?tag=eloabder-20&linkCode=osi&th=1&psc=1"><img src="https://m.media-amazon.com/images/I/41fGAx7LcGL._SL500_.jpg" alt="Product Image"></a><p>Graco 4Ever DLX 4-in-1 Car Seat, Grey, Infant to Toddler Car Seat, with 10 Years of Use, Rear-facing, Forward-facing and Booster Modes, Safe, Comfortable and Convenient</p><p> -7% 0FF </p><p>$279.00</p><a href="https://www.amazon.com/dp/B07J37RTPG?tag=eloabder-20&linkCode=osi&th=1&psc=1">View Product</a></div><div class="product"><a href="https://www.amazon.com/dp/B07R9H1JC9?tag=eloabder-20&linkCode=osi&th=1&psc=1"><img src="https://m.media-amazon.com/images/I/41NwO9xrBGL._SL500_.jpg" alt="Product Image"></a><p>Graco Grows4Me 4-in-1 Car Seat, Convertible Infant to Toddler Car Seat and Booster, West Point Design, for 10 Years of Safe, Comfortable Journeys</p><p> -29% 0FF </p><p>$199.99</p><a href="https://www.amazon.com/dp/B07R9H1JC9?tag=eloabder-20&linkCode=osi&th=1&psc=1">View Product</a></div>
<div class="product"><a href="https://www.amazon.com/dp/B08RN8G58P?tag=eloabder-20&linkCode=osi&th=1&psc=1"><img src="https://m.media-amazon.com/images/I/41Qid-FWhYL._SL500_.jpg" alt="Product Image"></a><p>Baby Portable Changing Pad Travel - Waterproof Compact Diaper Changing Mat with Built-in Pillow - Lightweight & Foldable Changing Station, Newborn Shower Gifts</p><p> -29% 0FF </p><p>$9.99</p><a href="https://www.amazon.com/dp/B08RN8G58P?tag=eloabder-20&linkCode=osi&th=1&psc=1">View Product</a></div><div class="product"><a href="https://www.amazon.com/dp/B089XVKJSL?tag=eloabder-20&linkCode=osi&th=1&psc=1"><img src="https://m.media-amazon.com/images/I/51qlzLJHUWL._SL500_.jpg" alt="Product Image"></a><p>Portable Diaper Changing Pad - Waterproof Foldable Baby Changing Mat - Travel Diaper Change Mat - Lightweight Changing Pads for Baby - Baby Changer - Machine Washable (Black Geo)</p><p> -7% 0FF </p><p>$12.96</p><a href="https://www.amazon.com/dp/B089XVKJSL?tag=eloabder-20&linkCode=osi&th=1&psc=1">View Product</a></div><div class="product"><a href="https://www.amazon.com/dp/B08PH9Y6QS?tag=eloabder-20&linkCode=osi&th=1&psc=1"><img src="https://m.media-amazon.com/images/I/21cBsus1AHL._SL500_.jpg" alt="Product Image"></a><p>Regalo Baby Basics Infant Changing Pad, White , 31x16x4 Inch (Pack of 1)</p><p> -33% 0FF </p><p>$19.99</p><a href="https://www.amazon.com/dp/B08PH9Y6QS?tag=eloabder-20&linkCode=osi&th=1&psc=1">View Product</a></div>
<div class="product"><a href="https://www.amazon.com/dp/B07GFNVLS2?tag=eloabder-20&linkCode=osi&th=1&psc=1"><img src="https://m.media-amazon.com/images/I/31T-p4V5gsL._SL500_.jpg" alt="Product Image"></a><p>Gerber Unisex Baby Multi-Pack Long-Sleeve Onesies Bodysuit Mitten Cuff Sizes 6-Pack Mitten Cuff 0-3 Months</p><p> -12% 0FF </p><p>$15.81</p><a href="https://www.amazon.com/dp/B07GFNVLS2?tag=eloabder-20&linkCode=osi&th=1&psc=1">View Product</a></div><div class="product"><a href="https://www.amazon.com/dp/B0CP3NQCN3?tag=eloabder-20&linkCode=osi&th=1&psc=1"><img src="https://m.media-amazon.com/images/I/41MpsB3rYcL._SL500_.jpg" alt="Product Image"></a><p>Kaipiclos Newborn Infant Girl Clothes Rib Knit Romper Daisy Print Pants Headband Baby Clothes for Girls 0 3 6 12 18 24 Months</p><p> -10% 0FF </p><p>$14.99</p><a href="https://www.amazon.com/dp/B0CP3NQCN3?tag=eloabder-20&linkCode=osi&th=1&psc=1">View Product</a></div><div class="product"><a href="https://www.amazon.com/dp/B0D88Z7VLZ?tag=eloabder-20&linkCode=osi&th=1&psc=1"><img src="https://m.media-amazon.com/images/I/41Au0yzblbL._SL500_.jpg" alt="Product Image"></a><p>Burt's Bees Baby Baby Boys Pajamas, Sleep and Play Loose Fit, 100% Organic Cotton, Soft One-piece PJs, Diagonal Zip Up Jumpsuit Newborn Essentials with Interior Zipper Guard in sizes NB to 6-9 Months</p><p> -49% 0FF </p><p>$7.60</p><a href="https://www.amazon.com/dp/B0D88Z7VLZ?tag=eloabder-20&linkCode=osi&th=1&psc=1">View Product</a></div>
<div class="product"><a href="https://www.amazon.com/dp/B002FQK8IQ?tag=eloabder-20&linkCode=osi&th=1&psc=1"><img src="https://m.media-amazon.com/images/I/41WTSrhkJ4L._SL500_.jpg" alt="Product Image"></a><p>Safety 1st Easy Grip Brush and Comb, Colors May Vary</p><p> -23% 0FF </p><p>$4.59</p><a href="https://www.amazon.com/dp/B002FQK8IQ?tag=eloabder-20&linkCode=osi&th=1&psc=1">View Product</a></div><div class="product"><a href="https://www.amazon.com/dp/B07T16DQ31?tag=eloabder-20&linkCode=osi&th=1&psc=1"><img src="https://m.media-amazon.com/images/I/41Grt+V3Q7L._SL500_.jpg" alt="Product Image"></a><p>Frida Baby The 3-Step Cradle Cap System, DermaFrida The FlakeFixer, Sponge, Brush, Comb and Storage Stand for Babies with Cradle Cap, White-Blue</p><p> -15% 0FF </p><p>$14.44</p><a href="https://www.amazon.com/dp/B07T16DQ31?tag=eloabder-20&linkCode=osi&th=1&psc=1">View Product</a></div>
<div class="product"><a href="https://www.amazon.com/dp/B071K5T5Q2?tag=eloabder-20&linkCode=osi&th=1&psc=1"><img src="https://m.media-amazon.com/images/I/21rvQFmQBLL._SL500_.jpg" alt="Product Image"></a><p>The Honest Company Silicone-Free Conditioner | Gentle for Baby | Naturally Derived, Tear-free, Hypoallergenic | Fragrance Free Sensitive, 10 fl oz</p><p> -16% 0FF </p><p>$10.10 ($1.01 / Fl Oz)</p><a href="https://www.amazon.com/dp/B071K5T5Q2?tag=eloabder-20&linkCode=osi&th=1&psc=1">View Product</a></div><div class="product"><a href="https://www.amazon.com/dp/B07DGJ57P7?tag=eloabder-20&linkCode=osi&th=1&psc=1"><img src="https://m.media-amazon.com/images/I/31AEfjD6FyL._SL500_.jpg" alt="Product Image"></a><p>Johnson's Baby No More Tangles 2-in-1 Detangling Hair Shampoo & Conditioner for Kids & Toddlers, Gentle & Tear-Free, Hypoallergenic & Free of Parabens, Phthalates, Sulfates & Dyes, 20.3 fl. oz</p><p> -7% 0FF </p><p>$6.29 ($0.31 / Fl Oz)</p><a href="https://www.amazon.com/dp/B07DGJ57P7?tag=eloabder-20&linkCode=osi&th=1&psc=1">View Product</a></div><div class="product"><a href="https://www.amazon.com/dp/B07S89SL7D?tag=eloabder-20&linkCode=osi&th=1&psc=1"><img src="https://m.media-amazon.com/images/I/313C69-mF6L._SL500_.jpg" alt="Product Image"></a><p>Johnson's Baby Curl Defining Tear-Free Kids' Leave-in Conditioner with Shea Butter, Paraben-, Sulfate- & Dye-Free Formula, Hypoallergenic & Gentle for Toddlers' Hair, 6.8 fl. Oz</p><p> -28% 0FF </p><p>$6.11 ($0.90 / Fl Oz)</p><a href="https://www.amazon.com/dp/B07S89SL7D?tag=eloabder-20&linkCode=osi&th=1&psc=1">View Product</a></div><div class="product"><a href="https://www.amazon.com/dp/B07S7BPB2Q?tag=eloabder-20&linkCode=osi&th=1&psc=1"><img src="https://m.media-amazon.com/images/I/31DemfdZoNL._SL500_.jpg" alt="Product Image"></a><p>Johnson's Baby Shiny & Soft Tear-Free Kids' Hair Conditioning Spray with Argan Oil & Silk Proteins, Paraben, Sulfate & Dye-Free Formula, Hypoallergenic & Gentle for Toddlers, 10 Fl Oz</p><p> -33% 0FF </p><p>$5.66 ($0.57 / Fl Oz)</p><a href="https://www.amazon.com/dp/B07S7BPB2Q?tag=eloabder-20&linkCode=osi&th=1&psc=1">View Product</a></div><div class="product"><a href="https://www.amazon.com/dp/B0CJP91HN7?tag=eloabder-20&linkCode=osi&th=1&psc=1"><img src="https://m.media-amazon.com/images/I/41Z4G7wsFWL._SL500_.jpg" alt="Product Image"></a><p>ECOLATIÈR Kids Hair Balm Easy Detangling 3+ - Toddler Hair Conditioner, Tear-Free, 96.8% Natural, Vegan, Strengthens & Softens Kids' Hair, No Irritation - 8.5 Fl Oz</p><p> -14% 0FF </p><p>$9.49 ($1.12 / Ounce)</p><a href="https://www.amazon.com/dp/B0CJP91HN7?tag=eloabder-20&linkCode=osi&th=1&psc=1">View Product</a></div>
<div class="product"><a href="https://www.amazon.com/dp/B07Y3WQHZ6?tag=eloabder-20&linkCode=osi&th=1&psc=1"><img src="https://m.media-amazon.com/images/I/41Ai-kbx6LL._SL500_.jpg" alt="Product Image"></a><p>Delta Children Essex 4-in-1 Convertible Baby Crib, Bianca White with Natural Legs</p><p> -34% 0FF </p><p>$145.96</p><a href="https://www.amazon.com/dp/B07Y3WQHZ6?tag=eloabder-20&linkCode=osi&th=1&psc=1">View Product</a></div><div class="product"><a href="https://www.amazon.com/dp/B00LFP61PW?tag=eloabder-20&linkCode=osi&th=1&psc=1"><img src="https://m.media-amazon.com/images/I/41jj-ehw-vL._SL500_.jpg" alt="Product Image"></a><p>Graco Benton 5-in-1 Convertible Crib (White) – GREENGUARD Gold Certified, Converts from Baby Crib to Toddler Bed, Daybed and Full-Size Bed, Fits Standard Full-Size Crib Mattress</p><p> -20% 0FF </p><p>$159.99</p><a href="https://www.amazon.com/dp/B00LFP61PW?tag=eloabder-20&linkCode=osi&th=1&psc=1">View Product</a></div><div class="product"><a href="https://www.amazon.com/dp/B00EANJX5Q?tag=eloabder-20&linkCode=osi&th=1&psc=1"><img src="https://m.media-amazon.com/images/I/41+kxqP4icL._SL500_.jpg" alt="Product Image"></a><p>Dream On Me Synergy 5-In-1 Convertible Crib In White, Greenguard Gold Certified</p><p> -31% 0FF </p><p>$137.20</p><a href="https://www.amazon.com/dp/B00EANJX5Q?tag=eloabder-20&linkCode=osi&th=1&psc=1">View Product</a></div><div class="product"><a href="https://www.amazon.com/dp/B08D4N5RKW?tag=eloabder-20&linkCode=osi&th=1&psc=1"><img src="https://m.media-amazon.com/images/I/41sUNWg3sBL._SL500_.jpg" alt="Product Image"></a><p>Graco Hadley 5-in-1 Convertible Crib and Changer with Drawer (White) – GREENGUARD Gold Certified, Crib and Changing -Table Combo with Drawer, Includes Baby Changing Pad, Converts to Full-Size Bed</p><p> -18% 0FF </p><p>$359.99</p><a href="https://www.amazon.com/dp/B08D4N5RKW?tag=eloabder-20&linkCode=osi&th=1&psc=1">View Product</a></div><div class="product"><a href="https://www.amazon.com/dp/B08PMJBN33?tag=eloabder-20&linkCode=osi&th=1&psc=1"><img src="https://m.media-amazon.com/images/I/416ZYsREZOL._SL500_.jpg" alt="Product Image"></a><p>Oxford Baby North Bay 4-in-1 Convertible Baby Crib, Dove Gray, GreenGuard Gold Certified</p><p> -18% 0FF </p><p>$188.09</p><a href="https://www.amazon.com/dp/B08PMJBN33?tag=eloabder-20&linkCode=osi&th=1&psc=1">View Product</a></div><div class="product"><a href="https://www.amazon.com/dp/B078WTVBVW?tag=eloabder-20&linkCode=osi&th=1&psc=1"><img src="https://m.media-amazon.com/images/I/41NpHX4YnfL._SL500_.jpg" alt="Product Image"></a><p>Dream On Me Jayden 4-in-1 Mini Convertible Crib And Changer in Storm Grey, Greenguard Gold Certified, Non-Toxic Finish, New Zealand Pinewood, 1" Mattress Pad</p><p> -35% 0FF </p><p>$259.99</p><a href="https://www.amazon.com/dp/B078WTVBVW?tag=eloabder-20&linkCode=osi&th=1&psc=1">View Product</a></div>
<div class="product"><a href="https://www.amazon.com/dp/B01M4QMQ4B?tag=eloabder-20&linkCode=osi&th=1&psc=1"><img src="https://m.media-amazon.com/images/I/317ardc5Y-L._SL500_.jpg" alt="Product Image"></a><p>The Honest Company 2-in-1 Cleansing Shampoo + Body Wash | Gentle for Baby | Naturally Derived, Tear-free, Hypoallergenic | Lavender Calm, 10 fl oz</p><p> -8% 0FF </p><p>$10.99 ($1.10 / Fl Oz)</p><a href="https://www.amazon.com/dp/B01M4QMQ4B?tag=eloabder-20&linkCode=osi&th=1&psc=1">View Product</a></div><div class="product"><a href="https://www.amazon.com/dp/B09MVMNW5M?tag=eloabder-20&linkCode=osi&th=1&psc=1"><img src="https://m.media-amazon.com/images/I/41GDxpQsmOL._SL500_.jpg" alt="Product Image"></a><p>Cetaphil Baby Wash & Shampoo, 13.5oz Pack of 2, Hypoallergenic, Gentle Enough for Everyday Use, Soap Free</p><p> -10% 0FF </p><p>$16.99</p><a href="https://www.amazon.com/dp/B09MVMNW5M?tag=eloabder-20&linkCode=osi&th=1&psc=1">View Product</a></div><div class="product"><a href="https://www.amazon.com/dp/B0CZY44GD2?tag=eloabder-20&linkCode=osi&th=1&psc=1"><img src="https://m.media-amazon.com/images/I/31Gh3bZjFXL._SL500_.jpg" alt="Product Image"></a><p>Aveeno Baby Healthy Start Nourishing Newborn Wash, Hypoallergenic Baby Body Wash with Prebiotic Oat Gently Cleanses Delicate Newborn Skin, Fragrance-Free, Tear-Free, Paraben-Free, 8 fl. oz</p><p> -21% 0FF </p><p>$7.01 ($0.88 / Fl Oz)</p><a href="https://www.amazon.com/dp/B0CZY44GD2?tag=eloabder-20&linkCode=osi&th=1&psc=1">View Product</a></div>
<div class="product"><a href="https://www.amazon.com/dp/B07M6FL57T?tag=eloabder-20&linkCode=osi&th=1&psc=1"><img src="https://m.media-amazon.com/images/I/51iE4BjVpYL._SL500_.jpg" alt="Product Image"></a><p>Huggies Newborn Diapers, Little Snugglers Baby Diapers, Size Newborn (up to 10 lbs), 31 Count</p><p> -19% 0FF </p><p>$9.94 ($0.32 / Count)</p><a href="https://www.amazon.com/dp/B07M6FL57T?tag=eloabder-20&linkCode=osi&th=1&psc=1">View Product</a></div><div class="product"><a href="https://www.amazon.com/dp/B0CHGCDYJJ?tag=eloabder-20&linkCode=osi&th=1&psc=1"><img src="https://m.media-amazon.com/images/I/41csgXalIEL._SL500_.jpg" alt="Product Image"></a><p>Huggies Size Newborn Diapers, Skin Essentials Baby Diapers, Size Newborn (6-9 lbs), 31 Count</p><p> -19% 0FF </p><p>$9.94 ($0.32 / Count)</p><a href="https://www.amazon.com/dp/B0CHGCDYJJ?tag=eloabder-20&linkCode=osi&th=1&psc=1">View Product</a></div><div class="product"><a href="https://www.amazon.com/dp/B082QBHW74?tag=eloabder-20&linkCode=osi&th=1&psc=1"><img src="https://m.media-amazon.com/images/I/41z+Jw1td2L._SL500_.jpg" alt="Product Image"></a><p>Pampers Pure Protection Diapers Newborn - Size 0, 76 Count, Hypoallergenic Premium Disposable Baby Diapers</p><p> -19% 0FF </p><p>$22.79 ($0.30 / Count)</p><a href="https://www.amazon.com/dp/B082QBHW74?tag=eloabder-20&linkCode=osi&th=1&psc=1">View Product</a></div><div class="product"><a href="https://www.amazon.com/dp/B07M6FL9V2?tag=eloabder-20&linkCode=osi&th=1&psc=1"><img src="https://m.media-amazon.com/images/I/51JPrk+N-RL._SL500_.jpg" alt="Product Image"></a><p>Huggies Size 4 Diapers, Little Movers Baby Diapers, Size 4 (22-37 lbs), 22 Count (Packaging May Vary)</p><p> -19% 0FF </p><p>$9.94 ($0.45 / Count)</p><a href="https://www.amazon.com/dp/B07M6FL9V2?tag=eloabder-20&linkCode=osi&th=1&psc=1">View Product</a></div><div class="product"><a href="https://www.amazon.com/dp/B07T2QM32L?tag=eloabder-20&linkCode=osi&th=1&psc=1"><img src="https://m.media-amazon.com/images/I/41w5IxTMsnL._SL500_.jpg" alt="Product Image"></a><p>Amazon Brand - Mama Bear Gentle Touch Diapers, Hypoallergenic, Size 6, 27 Count, White</p><p> -10% 0FF </p><p>$11.32</p><a href="https://www.amazon.com/dp/B07T2QM32L?tag=eloabder-20&linkCode=osi&th=1&psc=1">View Product</a></div>
<div class="product"><a href="https://www.amazon.com/dp/B001OC5UMQ?tag=eloabder-20&linkCode=osi&th=1&psc=1"><img src="https://m.media-amazon.com/images/I/413nT5TZ9sL._SL500_.jpg" alt="Product Image"></a><p>Regalo Easy Step 38.5-Inch Wide Walk Thru Baby Gate, Includes 6-Inch Extension Kit, Pressure Mount Kit, Wall Cups</p><p> -22% 0FF </p><p>$34.99</p><a href="https://www.amazon.com/dp/B001OC5UMQ?tag=eloabder-20&linkCode=osi&th=1&psc=1">View Product</a></div><div class="product"><a href="https://www.amazon.com/dp/B075XQ2XYV?tag=eloabder-20&linkCode=osi&th=1&psc=1"><img src="https://m.media-amazon.com/images/I/51+9Fa+FH3L._SL500_.jpg" alt="Product Image"></a><p>Evenflo Position & Lock Baby Gate, Pressure-Mounted, Farmhouse Collection</p><p> -9% 0FF </p><p>$19.98</p><a href="https://www.amazon.com/dp/B075XQ2XYV?tag=eloabder-20&linkCode=osi&th=1&psc=1">View Product</a></div><div class="product"><a href="https://www.amazon.com/dp/B01BTUNHSQ?tag=eloabder-20&linkCode=osi&th=1&psc=1"><img src="https://m.media-amazon.com/images/I/31nuC-O3n9L._SL500_.jpg" alt="Product Image"></a><p>Safety 1st Easy Install 28" High Walk Thru Gate, Fits Between 29" and 38"</p><p> -10% 0FF </p><p>$44.99</p><a href="https://www.amazon.com/dp/B01BTUNHSQ?tag=eloabder-20&linkCode=osi&th=1&psc=1">View Product</a></div><div class="product"><a href="https://www.amazon.com/dp/B07WFZSW72?tag=eloabder-20&linkCode=osi&th=1&psc=1"><img src="https://m.media-amazon.com/images/I/41nc627IqxL._SL500_.jpg" alt="Product Image"></a><p>Cumbor 29.7-46" Baby Gate for Stairs, Mom's Choice Awards Winner-Auto Close Dog Gate for the House, Easy Install Pressure Mounted Pet Gates for Doorways, Easy Walk Thru Wide Safety Gate for Dog, Black</p><p> -10% 0FF </p><p>$89.99</p><a href="https://www.amazon.com/dp/B07WFZSW72?tag=eloabder-20&linkCode=osi&th=1&psc=1">View Product</a></div><div class="product"><a href="https://www.amazon.com/dp/B09F36M2T5?tag=eloabder-20&linkCode=osi&th=1&psc=1"><img src="https://m.media-amazon.com/images/I/416tulkEC2L._SL500_.jpg" alt="Product Image"></a><p>COMOMY 36" Extra Tall Baby Gate for Stairs Doorways, Fits Openings 29.5" to 48.8" Wide, Auto Close Extra Wide Dog Gate for House, Pressure Mounted Easy Walk Through Pet Gate with Door, Black</p><p> -13% 0FF </p><p>$69.99</p><a href="https://www.amazon.com/dp/B09F36M2T5?tag=eloabder-20&linkCode=osi&th=1&psc=1">View Product</a></div><div class="product"><a href="https://www.amazon.com/dp/B01EMK5JQI?tag=eloabder-20&linkCode=osi&th=1&psc=1"><img src="https://m.media-amazon.com/images/I/417uxACGTTL._SL500_.jpg" alt="Product Image"></a><p>Regalo Easy Step 49-Inch Extra Wide Baby Gate, Includes 4-Inch and 12-Inch Extension Kit, 4 Pack of Pressure Mount Kit and 4 Pack of Wall Mount Kit, Black</p><p> -20% 0FF </p><p>$39.99</p><a href="https://www.amazon.com/dp/B01EMK5JQI?tag=eloabder-20&linkCode=osi&th=1&psc=1">View Product</a></div><div class="product"><a href="https://www.amazon.com/dp/B07JGDGG23?tag=eloabder-20&linkCode=osi&th=1&psc=1"><img src="https://m.media-amazon.com/images/I/51eFFFBIYUL._SL500_.jpg" alt="Product Image"></a><p>Toddleroo by North States Superyard 6 Panel Baby Play Yard. Playpen or Extra Wide Baby Gate, Wall Mount Kit Included. Made in USA. 38.5" - 201" wide, 5.5 ft corner to corner play yard (26" tall, Gray)</p><p> -29% 0FF </p><p>$61.46</p><a href="https://www.amazon.com/dp/B07JGDGG23?tag=eloabder-20&linkCode=osi&th=1&psc=1">View Product</a></div>
<div class="product"><a href="https://www.amazon.com/dp/B0D8J8RGMN?tag=eloabder-20&linkCode=osi&th=1&psc=1"><img src="https://m.media-amazon.com/images/I/51IQYrOgXVL._SL500_.jpg" alt="Product Image"></a><p>3 Pack Baby Beanie Hats with Earflaps, 2 Size Baby Winter Hat for Newborn Infant Toddler Kids Children with Cute Smiley Face, Soft Warm Fleece Lined Knit Hat for Girls Boys-01</p><p> -47% 0FF </p><p>$15.99</p><a href="https://www.amazon.com/dp/B0D8J8RGMN?tag=eloabder-20&linkCode=osi&th=1&psc=1">View Product</a></div><div class="product"><a href="https://www.amazon.com/dp/B08V4HJF5T?tag=eloabder-20&linkCode=osi&th=1&psc=1"><img src="https://m.media-amazon.com/images/I/41JnGlILpnL._SL500_.jpg" alt="Product Image"></a><p>6 Pieces Newborn Baby Hat Bear Ears Infant Caps Baby Boy Girl Toddler Hats Infant Beanie Caps for 0-3 Months (Black White, Black, Navy Blue, Black Gray, Gray, White,Classic)</p><p> -8% 0FF </p><p>$11.99</p><a href="https://www.amazon.com/dp/B08V4HJF5T?tag=eloabder-20&linkCode=osi&th=1&psc=1">View Product</a></div><div class="product"><a href="https://www.amazon.com/dp/B091D4KRJS?tag=eloabder-20&linkCode=osi&th=1&psc=1"><img src="https://m.media-amazon.com/images/I/41IspZQwuhL._SL500_.jpg" alt="Product Image"></a><p>Baby Boy Sun Hat Bucket Hats for Toddler 6-12,12-24 months</p><p> -20% 0FF </p><p>$14.39</p><a href="https://www.amazon.com/dp/B091D4KRJS?tag=eloabder-20&linkCode=osi&th=1&psc=1">View Product</a></div>
<div class="product"><a href="https://www.amazon.com/dp/B07BVN1YMN?tag=eloabder-20&linkCode=osi&th=1&psc=1"><img src="https://m.media-amazon.com/images/I/41+i0x5p4TL._SL500_.jpg" alt="Product Image"></a><p>Baby Trend Tot Spot 3-in-1 High Chair, Bluebell</p><p> -40% 0FF </p><p>$59.99</p><a href="https://www.amazon.com/dp/B07BVN1YMN?tag=eloabder-20&linkCode=osi&th=1&psc=1">View Product</a></div><div class="product"><a href="https://www.amazon.com/dp/B01JRY07BQ?tag=eloabder-20&linkCode=osi&th=1&psc=1"><img src="https://m.media-amazon.com/images/I/41zyGMxJY0L._SL500_.jpg" alt="Product Image"></a><p>Cosco Simple Fold High Chair, Comet</p><p> -23% 0FF </p><p>$49.99</p><a href="https://www.amazon.com/dp/B01JRY07BQ?tag=eloabder-20&linkCode=osi&th=1&psc=1">View Product</a></div><div class="product"><a href="https://www.amazon.com/dp/B017VNNWXA?tag=eloabder-20&linkCode=osi&th=1&psc=1"><img src="https://m.media-amazon.com/images/I/41VGIO1sPhL._SL500_.jpg" alt="Product Image"></a><p>Cosco Simple Fold Deluxe High Chair with 3-Position Tray, Monster Syd</p><p> -17% 0FF </p><p>$49.99</p><a href="https://www.amazon.com/dp/B017VNNWXA?tag=eloabder-20&linkCode=osi&th=1&psc=1">View Product</a></div><div class="product"><a href="https://www.amazon.com/dp/B089PKYWJ8?tag=eloabder-20&linkCode=osi&th=1&psc=1"><img src="https://m.media-amazon.com/images/I/31MgSLR6W8L._SL500_.jpg" alt="Product Image"></a><p>Dream On Me Portable 2-in-1 Tabletalk High Chair, Convertible Compact High Chair, Light Weight Portable Highchair, Aqua</p><p> -45% 0FF </p><p>$55.13</p><a href="https://www.amazon.com/dp/B089PKYWJ8?tag=eloabder-20&linkCode=osi&th=1&psc=1">View Product</a></div><div class="product"><a href="https://www.amazon.com/dp/B0CPXDDPDY?tag=eloabder-20&linkCode=osi&th=1&psc=1"><img src="https://m.media-amazon.com/images/I/41qNrW3wklL._SL500_.jpg" alt="Product Image"></a><p>Fodoss 3-in-1 Wooden High Chair for Babies and Toddlers,Convertible Easy Clean Infant Highchair,Silla Modern Design para Comer De Bebe</p><p> -10% 0FF </p><p>$80.98</p><a href="https://www.amazon.com/dp/B0CPXDDPDY?tag=eloabder-20&linkCode=osi&th=1&psc=1">View Product</a></div>
<div class="product"><a href="https://www.amazon.com/dp/B0BG7B1GHP?tag=eloabder-20&linkCode=osi&th=1&psc=1"><img src="https://m.media-amazon.com/images/I/51MRfMlZsSL._SL500_.jpg" alt="Product Image"></a><p>Yoofoss Hooded Baby Towels for Newborn 2 Pack 100% Muslin Cotton Baby Bath Towel with Hood for Babies, Infant, Toddler and Kids, Large 32x32Inch, Soft and Absorbent Newborn Essential</p><p> -20% 0FF </p><p>$15.99</p><a href="https://www.amazon.com/dp/B0BG7B1GHP?tag=eloabder-20&linkCode=osi&th=1&psc=1">View Product</a></div><div class="product"><a href="https://www.amazon.com/dp/B0C6RKZLXW?tag=eloabder-20&linkCode=osi&th=1&psc=1"><img src="https://m.media-amazon.com/images/I/51HX88nmMOL._SL500_.jpg" alt="Product Image"></a><p>Gerber Baby 4 Piece Animal Character Hooded Towel and Washcloth Set, Brown Lion, One Size</p><p> -49% 0FF </p><p>$9.24</p><a href="https://www.amazon.com/dp/B0C6RKZLXW?tag=eloabder-20&linkCode=osi&th=1&psc=1">View Product</a></div><div class="product"><a href="https://www.amazon.com/dp/B0CKXKR1RV?tag=eloabder-20&linkCode=osi&th=1&psc=1"><img src="https://m.media-amazon.com/images/I/41PjOK7YCBL._SL500_.jpg" alt="Product Image"></a><p>Momcozy Baby Hooded Towel, 2 Pack Baby Towel Set, Super Soft Bath Towel with Original Design, Shower Gifts for Infant, Toddler (28 X 28 Inch, Lemon Leaves)</p><p> -19% 0FF </p><p>$21.99</p><a href="https://www.amazon.com/dp/B0CKXKR1RV?tag=eloabder-20&linkCode=osi&th=1&psc=1">View Product</a></div><div class="product"><a href="https://www.amazon.com/dp/B00X21O4L0?tag=eloabder-20&linkCode=osi&th=1&psc=1"><img src="https://m.media-amazon.com/images/I/51fEvVAVyfL._SL500_.jpg" alt="Product Image"></a><p>Luvable Friends Unisex Baby Hooded Towel with Five Washcloths, Boy Fox, One Size</p><p> -17% 0FF </p><p>$9.99</p><a href="https://www.amazon.com/dp/B00X21O4L0?tag=eloabder-20&linkCode=osi&th=1&psc=1">View Product</a></div>
<div class="product"><a href="https://www.amazon.com/dp/B07DGKXBD7?tag=eloabder-20&linkCode=osi&th=1&psc=1"><img src="https://m.media-amazon.com/images/I/31FyDL3570L._SL500_.jpg" alt="Product Image"></a><p>Johnson's Moisturizing Mild Pink Baby Lotion with Coconut Oil for Delicate Baby Skin, Paraben-, Phthalate- & Dye-Free, Hypoallergenic & Dermatologist-Tested, Baby Skin Care, 27.1 Fl. Oz</p><p> -33% 0FF </p><p>$7.19 ($0.27 / Fl Oz)</p><a href="https://www.amazon.com/dp/B07DGKXBD7?tag=eloabder-20&linkCode=osi&th=1&psc=1">View Product</a></div><div class="product"><a href="https://www.amazon.com/dp/B00JF3RYPM?tag=eloabder-20&linkCode=osi&th=1&psc=1"><img src="https://m.media-amazon.com/images/I/31n9VJQSijL._SL500_.jpg" alt="Product Image"></a><p>CeraVe Baby Lotion | Gentle Baby Skin Care with Ceramides, Niacinamide & Vitamin E | Fragrance, Paraben, Dye & Phthalates Free | Lightweight Baby Moisturizer | 8 Ounce | Packaging May Vary</p><p> -10% 0FF </p><p>$8.97 ($1.12 / Fl Oz)</p><a href="https://www.amazon.com/dp/B00JF3RYPM?tag=eloabder-20&linkCode=osi&th=1&psc=1">View Product</a></div><div class="product"><a href="https://www.amazon.com/dp/B094RH4GHC?tag=eloabder-20&linkCode=osi&th=1&psc=1"><img src="https://m.media-amazon.com/images/I/31xi7tuBJAL._SL500_.jpg" alt="Product Image"></a><p>Johnson's Baby Moisturizing Mild Pink Baby Lotion with Coconut Oil for Delicate Baby Skin, Paraben-, Phthalate- & Dye-Free, Hypoallergenic & Dermatologist-Tested, Baby Skin Care, 13.6 Fl. Oz</p><p> -34% 0FF </p><p>$4.49 ($0.33 / Fl Oz)</p><a href="https://www.amazon.com/dp/B094RH4GHC?tag=eloabder-20&linkCode=osi&th=1&psc=1">View Product</a></div><div class="product"><a href="https://www.amazon.com/dp/B0030UF6EW?tag=eloabder-20&linkCode=osi&th=1&psc=1"><img src="https://m.media-amazon.com/images/I/31RKFp5lxLL._SL500_.jpg" alt="Product Image"></a><p>Aveeno Baby Daily Moisture Body Lotion for Sensitive Skin, Hypoallergenic Moisturizing Baby Lotion with Nourishing Oatmeal to Deeply Moisturize Baby's Skin, Fragrance-Free, 18 fl. oz</p><p> -32% 0FF </p><p>$11.06</p><a href="https://www.amazon.com/dp/B0030UF6EW?tag=eloabder-20&linkCode=osi&th=1&psc=1">View Product</a></div><div class="product"><a href="https://www.amazon.com/dp/B00U2VQW72?tag=eloabder-20&linkCode=osi&th=1&psc=1"><img src="https://m.media-amazon.com/images/I/31nMuDcXtPL._SL500_.jpg" alt="Product Image"></a><p>Aveeno Baby Calming Comfort Moisturizing Body Lotion with Relaxing Lavender & Vanilla Scents, Non-Greasy Baby Lotion, Nourishing Prebiotic Oatmeal, Paraben- & Phthalate-Free, 18 fl. oz</p><p> -29% 0FF </p><p>$11.69 ($0.65 / Fl Oz)</p><a href="https://www.amazon.com/dp/B00U2VQW72?tag=eloabder-20&linkCode=osi&th=1&psc=1">View Product</a></div><div class="product"><a href="https://www.amazon.com/dp/B07DGL23H4?tag=eloabder-20&linkCode=osi&th=1&psc=1"><img src="https://m.media-amazon.com/images/I/31YO49z1TsL._SL500_.jpg" alt="Product Image"></a><p>Johnson's Moisturizing Bedtime Baby Lotion with Coconut Oil & NaturalCalm Aromas to Help Relax Baby, Hypoallergenic & Free of Parabens, Phthalates & Dyes, Mild Baby Skin Care, 27.1 fl. oz</p><p> -36% 0FF </p><p>$9.50 ($0.35 / Fl Oz)</p><a href="https://www.amazon.com/dp/B07DGL23H4?tag=eloabder-20&linkCode=osi&th=1&psc=1">View Product</a></div><div class="product"><a href="https://www.amazon.com/dp/B01A59VMSO?tag=eloabder-20&linkCode=osi&th=1&psc=1"><img src="https://m.media-amazon.com/images/I/31P-2Bf0eYL._SL500_.jpg" alt="Product Image"></a><p>Eucerin Baby Body Lotion, Hypoallergenic and Fragrance Free Baby Lotion, Baby Moisturizer with Pro-Vitamin B5 and Shea Butter, 13.5 Fl Oz Bottle</p><p> -17% 0FF </p><p>$9.78 ($0.72 / Fl Oz)</p><a href="https://www.amazon.com/dp/B01A59VMSO?tag=eloabder-20&linkCode=osi&th=1&psc=1">View Product</a></div><div class="product"><a href="https://www.amazon.com/dp/B07DGKXBDD?tag=eloabder-20&linkCode=osi&th=1&psc=1"><img src="https://m.media-amazon.com/images/I/31IvagYz0ML._SL500_.jpg" alt="Product Image"></a><p>Johnson's Baby CottonTouch Newborn Baby Face and Body Lotion, Hypoallergenic and Paraben-Free Moisturization for Baby's Sensitive Skin, Made with Real Cotton, 27.1 fl. oz</p><p> -37% 0FF </p><p>$9.35 ($0.35 / Fl Oz)</p><a href="https://www.amazon.com/dp/B07DGKXBDD?tag=eloabder-20&linkCode=osi&th=1&psc=1">View Product</a></div>
<div class="product"><a href="https://www.amazon.com/dp/B08HSNXSM6?tag=eloabder-20&linkCode=osi&th=1&psc=1"><img src="https://m.media-amazon.com/images/I/4193Km1SQcL._SL500_.jpg" alt="Product Image"></a><p>The Peanutshell Crib Mobile for Boys or Girls - White Musical Baby Crib Mobile with 12 Lullabies, Jungle Animal, Baby Mobile Crib Safari Animals Nursery Decor</p><p> -11% 0FF </p><p>$39.99</p><a href="https://www.amazon.com/dp/B08HSNXSM6?tag=eloabder-20&linkCode=osi&th=1&psc=1">View Product</a></div><div class="product"><a href="https://www.amazon.com/dp/B088TCNZ52?tag=eloabder-20&linkCode=osi&th=1&psc=1"><img src="https://m.media-amazon.com/images/I/41Nuh1UJwkL._SL500_.jpg" alt="Product Image"></a><p>EVERLOVE Montessori Mobile Baby for Crib (TINITIGIES) - Black and White Mobile Give Visual Stimulation to Engage Your Newborn - Baby Crib Mobile for Boys & Girls - Baby Mobile for Crib</p><p> -12% 0FF </p><p>$37.99</p><a href="https://www.amazon.com/dp/B088TCNZ52?tag=eloabder-20&linkCode=osi&th=1&psc=1">View Product</a></div><div class="product"><a href="https://www.amazon.com/dp/B07DM86Z43?tag=eloabder-20&linkCode=osi&th=1&psc=1"><img src="https://m.media-amazon.com/images/I/41wBVQgCTUL._SL500_.jpg" alt="Product Image"></a><p>Baby Einstein Sea Dreams Soother Musical Crib Toy and Sound Machine, Newborn and up</p><p> -15% 0FF </p><p>$33.90</p><a href="https://www.amazon.com/dp/B07DM86Z43?tag=eloabder-20&linkCode=osi&th=1&psc=1">View Product</a></div><div class="product"><a href="https://www.amazon.com/dp/B0B38G1MBD?tag=eloabder-20&linkCode=osi&th=1&psc=1"><img src="https://m.media-amazon.com/images/I/51ES4bHBHqL._SL500_.jpg" alt="Product Image"></a><p>Eners Baby Crib Mobile with Music and Lights, Mobile for Crib with Remote Control, Rotation, Moon and Star Projection, Baby Crib Toys for Boys Girls (Blue)</p><p> -6% 0FF </p><p>$33.99</p><a href="https://www.amazon.com/dp/B0B38G1MBD?tag=eloabder-20&linkCode=osi&th=1&psc=1">View Product</a></div>
<div class="product"><a href="https://www.amazon.com/dp/B09GM8JZM9?tag=eloabder-20&linkCode=osi&th=1&psc=1"><img src="https://m.media-amazon.com/images/I/41XmH3g0-aL._SL500_.jpg" alt="Product Image"></a><p>HelloBaby Upgrade Baby Monitor, 5'' Screen with 30-Hour Battery, Pan-Tilt-Zoom Video Baby Monitor with Camera and Audio, Night Vision, VOX, 2-Way Talk, 8 Lullabies and 1000ft Range No WiFi</p><p> -20% 0FF </p><p>$79.99</p><a href="https://www.amazon.com/dp/B09GM8JZM9?tag=eloabder-20&linkCode=osi&th=1&psc=1">View Product</a></div><div class="product"><a href="https://www.amazon.com/dp/B00JEV5UI8?tag=eloabder-20&linkCode=osi&th=1&psc=1"><img src="https://m.media-amazon.com/images/I/41va56lWJ6L._SL500_.jpg" alt="Product Image"></a><p>VTech Upgraded Audio Baby Monitor with Rechargeable Battery, Long Range, and Crystal-Clear Sound</p><p> -9% 0FF </p><p>$19.99</p><a href="https://www.amazon.com/dp/B00JEV5UI8?tag=eloabder-20&linkCode=osi&th=1&psc=1">View Product</a></div><div class="product"><a href="https://www.amazon.com/dp/B0BZ8BN87L?tag=eloabder-20&linkCode=osi&th=1&psc=1"><img src="https://m.media-amazon.com/images/I/41Bi8mMjlBL._SL500_.jpg" alt="Product Image"></a><p>OKAIDI Video Baby Monitor with Camera and Audio, 5" Display Baby Monitor No WiFi, 30H Battery and 1000ft Range Baby Monitor, Remote Pan-Tilt-Zoom Baby Camera, Night Vision, 2-Way Talk, VOX,Temperature</p><p> -25% 0FF </p><p>$44.99</p><a href="https://www.amazon.com/dp/B0BZ8BN87L?tag=eloabder-20&linkCode=osi&th=1&psc=1">View Product</a></div><div class="product"><a href="https://www.amazon.com/dp/B0B316NPZ6?tag=eloabder-20&linkCode=osi&th=1&psc=1"><img src="https://m.media-amazon.com/images/I/41IWDeVuDfL._SL500_.jpg" alt="Product Image"></a><p>HelloBaby Monitor with Camera and Audio, 1000ft Long Range Video Baby Monitor-No WiFi, Night Vision, VOX Mode-Power Saving, 2.4'' Portable Travel Screen, Baby Safety Camera, for Baby/Pet, Plug & Play</p><p> -10% 0FF </p><p>$29.98</p><a href="https://www.amazon.com/dp/B0B316NPZ6?tag=eloabder-20&linkCode=osi&th=1&psc=1">View Product</a></div><div class="product"><a href="https://www.amazon.com/dp/B0CYCDTZ6G?tag=eloabder-20&linkCode=osi&th=1&psc=1"><img src="https://m.media-amazon.com/images/I/41PTcAHdqoL._SL500_.jpg" alt="Product Image"></a><p>HelloBaby Baby Monitor with Camera and Audio, 6'' World First IPS Screen Baby Camera Monitor No WiFi, 30-Hrs Battery, ECO, VOX, 2-Way Talk, Night Vision, 1000ft, Video Baby Monitor Portable</p><p> -25% 0FF </p><p>$89.99</p><a href="https://www.amazon.com/dp/B0CYCDTZ6G?tag=eloabder-20&linkCode=osi&th=1&psc=1">View Product</a></div><div class="product"><a href="https://www.amazon.com/dp/B007NG5UF4?tag=eloabder-20&linkCode=osi&th=1&psc=1"><img src="https://m.media-amazon.com/images/I/41SdqvzVNuL._SL500_.jpg" alt="Product Image"></a><p>VTech DM221 Audio Baby Monitor with up to 1,000 ft of Range, Vibrating Sound-Alert, Talk Back Intercom & Night Light Loop, White/Silver</p><p> -13% 0FF </p><p>$33.95</p><a href="https://www.amazon.com/dp/B007NG5UF4?tag=eloabder-20&linkCode=osi&th=1&psc=1">View Product</a></div><div class="product"><a href="https://www.amazon.com/dp/B0CZDYF95R?tag=eloabder-20&linkCode=osi&th=1&psc=1"><img src="https://m.media-amazon.com/images/I/41hYOyPQ9dL._SL500_.jpg" alt="Product Image"></a><p>VTimes Baby Monitor with Camera and Audio, Video Baby Monitor No WiFi Night Vision, 2.4" LCD Screen Portable Baby Camera VOX Mode Pan-Tilt-Zoom Alarm and 1000ft Range, Ideal for Baby/Elderly/Pet</p><p> -40% 0FF </p><p>$29.99</p><a href="https://www.amazon.com/dp/B0CZDYF95R?tag=eloabder-20&linkCode=osi&th=1&psc=1">View Product</a></div>
<div class="product"><a href="https://www.amazon.com/dp/B0119493OY?tag=eloabder-20&linkCode=osi&th=1&psc=1"><img src="https://m.media-amazon.com/images/I/31o0TllpwAL._SL500_.jpg" alt="Product Image"></a><p>Safety 1st Fold-Up Nail Clippers - 2pk</p><p> -25% 0FF </p><p>$2.99</p><a href="https://www.amazon.com/dp/B0119493OY?tag=eloabder-20&linkCode=osi&th=1&psc=1">View Product</a></div><div class="product"><a href="https://www.amazon.com/dp/B01644OCVS?tag=eloabder-20&linkCode=osi&th=1&psc=1"><img src="https://m.media-amazon.com/images/I/41oX5dLMB1L._SL500_.jpg" alt="Product Image"></a><p>Frida Baby NailFrida The SnipperClipper Set, Baby Nail Clippers & Nail Filer, Baby Essential Nail Kit for Newborns and Up</p><p> -36% 0FF </p><p>$8.31</p><a href="https://www.amazon.com/dp/B01644OCVS?tag=eloabder-20&linkCode=osi&th=1&psc=1">View Product</a></div><div class="product"><a href="https://www.amazon.com/dp/B084JZ27SM?tag=eloabder-20&linkCode=osi&th=1&psc=1"><img src="https://m.media-amazon.com/images/I/31JsNl8WpML._SL500_.jpg" alt="Product Image"></a><p>Safety 1st Light Zoom Nail Clippers, One Size</p><p> -27% 0FF </p><p>$7.29</p><a href="https://www.amazon.com/dp/B084JZ27SM?tag=eloabder-20&linkCode=osi&th=1&psc=1">View Product</a></div><div class="product"><a href="https://www.amazon.com/dp/B0D9BCJWC7?tag=eloabder-20&linkCode=osi&th=1&psc=1"><img src="https://m.media-amazon.com/images/I/41vknqnodfL._SL500_.jpg" alt="Product Image"></a><p>Yeeeasy Baby Nail Clippers Kit Baby Grooming Set with Nail Clippers, Scissors, Nail File & Tweezers Baby Care Kit Fingernail Cutter for Baby,Newborn,Infant,Toddler,Kid(Purple)</p><p> -55% 0FF </p><p>$4.49</p><a href="https://www.amazon.com/dp/B0D9BCJWC7?tag=eloabder-20&linkCode=osi&th=1&psc=1">View Product</a></div>
<div class="product"><a href="https://www.amazon.com/dp/B08CMWHD3B?tag=eloabder-20&linkCode=osi&th=1&psc=1"><img src="https://m.media-amazon.com/images/I/41+F2Dv0iiL._SL500_.jpg" alt="Product Image"></a><p>GROWNSY Nasal Aspirator for Baby, Baby Nose Sucker Pro with 3 Soft Silicone Tips, Adjustable Suction, Electric Nose Suction for Baby, Built-in Music & Light Soothing</p><p> -20% 0FF </p><p>$39.99 ($39.99 / Count)</p><a href="https://www.amazon.com/dp/B08CMWHD3B?tag=eloabder-20&linkCode=osi&th=1&psc=1">View Product</a></div><div class="product"><a href="https://www.amazon.com/dp/B00RP0GHBO?tag=eloabder-20&linkCode=osi&th=1&psc=1"><img src="https://m.media-amazon.com/images/I/41pIJoWu-UL._SL500_.jpg" alt="Product Image"></a><p>Frida Baby NoseFrida SnotSucker Nasal Aspirator for Baby, Baby Nose Sucker with 24 Extra Hygiene Filters, Baby Congestion Relief, FSA/HSA Eligible</p><p> -25% 0FF </p><p>$14.99</p><a href="https://www.amazon.com/dp/B00RP0GHBO?tag=eloabder-20&linkCode=osi&th=1&psc=1">View Product</a></div><div class="product"><a href="https://www.amazon.com/dp/B0C3CHQHJP?tag=eloabder-20&linkCode=osi&th=1&psc=1"><img src="https://m.media-amazon.com/images/I/51IO9JHchbL._SL500_.jpg" alt="Product Image"></a><p>X-Bosak Baby Nasal Aspirator, Electric Nose Sucker with 5 Levels Suction, Soothing Light & Nursery Rhymes</p><p> -18% 0FF </p><p>$30.99</p><a href="https://www.amazon.com/dp/B0C3CHQHJP?tag=eloabder-20&linkCode=osi&th=1&psc=1">View Product</a></div><div class="product"><a href="https://www.amazon.com/dp/B094Z43BQF?tag=eloabder-20&linkCode=osi&th=1&psc=1"><img src="https://m.media-amazon.com/images/I/41elOKysySL._SL500_.jpg" alt="Product Image"></a><p>Frida Baby Electric NoseFrida Nasal Aspirator for Baby, Nose Sucker for Baby & Toddler, Nasal Aspirator for Congestion Relief with 3 Suction Levels, 2 Silicone Tips, USB Rechargeable</p><p> -13% 0FF </p><p>$34.99</p><a href="https://www.amazon.com/dp/B094Z43BQF?tag=eloabder-20&linkCode=osi&th=1&psc=1">View Product</a></div><div class="product"><a href="https://www.amazon.com/dp/B01N093BYV?tag=eloabder-20&linkCode=osi&th=1&psc=1"><img src="https://m.media-amazon.com/images/I/316hpVBAmNL._SL500_.jpg" alt="Product Image"></a><p>Frida Baby Nasal Aspirator for Baby, NoseFrida Baby Nose Sucker with 10 Extra Filters + All-Natural Saline Nasal Spray for Babies, Nasal Spray Decongestant, 0.68 fl oz</p><p> -15% 0FF </p><p>$16.97</p><a href="https://www.amazon.com/dp/B01N093BYV?tag=eloabder-20&linkCode=osi&th=1&psc=1">View Product</a></div><div class="product"><a href="https://www.amazon.com/dp/B0BSVG8S59?tag=eloabder-20&linkCode=osi&th=1&psc=1"><img src="https://m.media-amazon.com/images/I/31Rju6jEphL._SL500_.jpg" alt="Product Image"></a><p>Dr. Talbot's Nasal Aspirator for Babies - Silicone - Includes Storage Case - Clear</p><p> -20% 0FF </p><p>$6.39</p><a href="https://www.amazon.com/dp/B0BSVG8S59?tag=eloabder-20&linkCode=osi&th=1&psc=1">View Product</a></div>
<div class="product"><a href="https://www.amazon.com/dp/B00WEBVM5U?tag=eloabder-20&linkCode=osi&th=1&psc=1"><img src="https://m.media-amazon.com/images/I/31oMSFi3dGL._SL500_.jpg" alt="Product Image"></a><p>Johnson's Baby Oil, Mineral Oil Enriched with Shea & Cocoa Butter to Prevent Moisture Loss, Hypoallergenic, 20 fl. oz</p><p> -35% 0FF </p><p>$5.90 ($0.30 / Fl Oz)</p><a href="https://www.amazon.com/dp/B00WEBVM5U?tag=eloabder-20&linkCode=osi&th=1&psc=1">View Product</a></div><div class="product"><a href="https://www.amazon.com/dp/B00J51Q1IA?tag=eloabder-20&linkCode=osi&th=1&psc=1"><img src="https://m.media-amazon.com/images/I/31WSLNGqaEL._SL500_.jpg" alt="Product Image"></a><p>Johnson & Johnson SLC (Cosmetics) Baby Oil, 20 Fl Oz</p><p> -33% 0FF </p><p>$6.02 ($0.30 / Fl Oz)</p><a href="https://www.amazon.com/dp/B00J51Q1IA?tag=eloabder-20&linkCode=osi&th=1&psc=1">View Product</a></div><div class="product"><a href="https://www.amazon.com/dp/B00LPC15FQ?tag=eloabder-20&linkCode=osi&th=1&psc=1"><img src="https://m.media-amazon.com/images/I/315PcqnZ4qL._SL500_.jpg" alt="Product Image"></a><p>Johnson's Baby Johnson & Johnson Baby Oil, Aloe Vera & Vitamin E, Multicolor, 14 Fl Oz</p><p> -23% 0FF </p><p>$5.49 ($0.39 / Fl Oz)</p><a href="https://www.amazon.com/dp/B00LPC15FQ?tag=eloabder-20&linkCode=osi&th=1&psc=1">View Product</a></div><div class="product"><a href="https://www.amazon.com/dp/B001UAA2UC?tag=eloabder-20&linkCode=osi&th=1&psc=1"><img src="https://m.media-amazon.com/images/I/31-74Q7XbxL._SL500_.jpg" alt="Product Image"></a><p>Johnson's Baby Oil Gel, Moisturizing Baby Massage Mineral Oil Enriched with Shea & Cocoa Butter, Dry Skin Relief for Babies, Kids & Adults, Nourishing & Gentle on Delicate Skin, 6.5 fl. oz</p><p> -16% 0FF </p><p>$5.98 ($0.92 / Fl Oz)</p><a href="https://www.amazon.com/dp/B001UAA2UC?tag=eloabder-20&linkCode=osi&th=1&psc=1">View Product</a></div>
<div class="product"><a href="https://www.amazon.com/dp/B0D88Y4955?tag=eloabder-20&linkCode=osi&th=1&psc=1"><img src="https://m.media-amazon.com/images/I/41Au0yzblbL._SL500_.jpg" alt="Product Image"></a><p>Burt's Bees Baby Baby Boys Pajamas, Sleep and Play Loose Fit, 100% Organic Cotton, Soft One-piece PJs, Diagonal Zip Up Jumpsuit Newborn Essentials with Interior Zipper Guard in sizes NB to 6-9 Months</p><p> -49% 0FF </p><p>$7.60</p><a href="https://www.amazon.com/dp/B0D88Y4955?tag=eloabder-20&linkCode=osi&th=1&psc=1">View Product</a></div><div class="product"><a href="https://www.amazon.com/dp/B08GHLBW8P?tag=eloabder-20&linkCode=osi&th=1&psc=1"><img src="https://m.media-amazon.com/images/I/512q+TZZ2UL._SL500_.jpg" alt="Product Image"></a><p>Gerber Baby Boys' 4-Pack Footed Pajamas, Dinosaurs Space Grey, 18 Months</p><p> -9% 0FF </p><p>$29.98</p><a href="https://www.amazon.com/dp/B08GHLBW8P?tag=eloabder-20&linkCode=osi&th=1&psc=1">View Product</a></div>
<div class="product"><a href="https://www.amazon.com/dp/B09XHGG4B8?tag=eloabder-20&linkCode=osi&th=1&psc=1"><img src="https://m.media-amazon.com/images/I/51drx-WonLL._SL500_.jpg" alt="Product Image"></a><p>Yeeeasy Tummy Time Water Mat丨Inflatable Tummy Time Water Play Mat for Babies, Infants and Toddlers 3 to 12 Months Promote Development Toys Baby Gifts</p><p> -33% 0FF </p><p>$9.99</p><a href="https://www.amazon.com/dp/B09XHGG4B8?tag=eloabder-20&linkCode=osi&th=1&psc=1">View Product</a></div>
<div class="product"><a href="https://www.amazon.com/dp/B0009STDJW?tag=eloabder-20&linkCode=osi&th=1&psc=1"><img src="https://m.media-amazon.com/images/I/31XlMHyMw4L._SL500_.jpg" alt="Product Image"></a><p>Johnson's Baby Powder, Naturally Derived Cornstarch with Aloe & Vitamin E for Delicate Skin, Hypoallergenic and Free of Parabens, Phthalates, and Dyes for Gentle Baby Skin Care, 15 oz</p><p> -31% 0FF </p><p>$4.98 ($0.33 / Ounce)</p><a href="https://www.amazon.com/dp/B0009STDJW?tag=eloabder-20&linkCode=osi&th=1&psc=1">View Product</a></div><div class="product"><a href="https://www.amazon.com/dp/B005IHT880?tag=eloabder-20&linkCode=osi&th=1&psc=1"><img src="https://m.media-amazon.com/images/I/31Yy8plMS3L._SL500_.jpg" alt="Product Image"></a><p>Johnson's Baby Naturally Derived Cornstarch Baby Powder with Aloe and Vitamin E for Delicate Skin, Hypoallergenic and Free of Parabens, Phthalates, and Dyes for Gentle Baby Skin Care, 1.5 oz</p><p> -31% 0FF </p><p>$1.97 ($1.31 / Ounce)</p><a href="https://www.amazon.com/dp/B005IHT880?tag=eloabder-20&linkCode=osi&th=1&psc=1">View Product</a></div><div class="product"><a href="https://www.amazon.com/dp/B00I5MVFB8?tag=eloabder-20&linkCode=osi&th=1&psc=1"><img src="https://m.media-amazon.com/images/I/41kU-erHU1L._SL500_.jpg" alt="Product Image"></a><p>Johnson's Baby Powder, Pure Cornstarch, Aloe & Vitamin E, 22 Ounce (Pack of 3) - Packaging May Vary</p><p> -31% 0FF </p><p>$18.87 ($0.29 / Ounce)</p><a href="https://www.amazon.com/dp/B00I5MVFB8?tag=eloabder-20&linkCode=osi&th=1&psc=1">View Product</a></div><div class="product"><a href="https://www.amazon.com/dp/B004Z4MNGQ?tag=eloabder-20&linkCode=osi&th=1&psc=1"><img src="https://m.media-amazon.com/images/I/31szXN97ucL._SL500_.jpg" alt="Product Image"></a><p>Johnson's Baby Powder with Naturally Derived Cornstarch Aloe & Vitamin E, Hypoallergenic, 9 oz</p><p> -26% 0FF </p><p>$3.95 ($0.44 / Ounce)</p><a href="https://www.amazon.com/dp/B004Z4MNGQ?tag=eloabder-20&linkCode=osi&th=1&psc=1">View Product</a></div><div class="product"><a href="https://www.amazon.com/dp/B0CCPK861Q?tag=eloabder-20&linkCode=osi&th=1&psc=1"><img src="https://m.media-amazon.com/images/I/51jIdMql0FL._SL500_.jpg" alt="Product Image"></a><p>Burt's Bees Christmas Gifts, Baby Dusting Powder, 100% Natural Origin, Talc-Free, Pediatrician Tested Stocking Stuffers, 7.5 Ounces, Pack of 3, Pack May Vary</p><p> -29% 0FF </p><p>$19.17 ($0.85 / Ounce)</p><a href="https://www.amazon.com/dp/B0CCPK861Q?tag=eloabder-20&linkCode=osi&th=1&psc=1">View Product</a></div><div class="product"><a href="https://www.amazon.com/dp/B012FUZ8NG?tag=eloabder-20&linkCode=osi&th=1&psc=1"><img src="https://m.media-amazon.com/images/I/41t4DM92+aL._SL500_.jpg" alt="Product Image"></a><p>Gold Bond Comfort Body Powder, 10 oz., Talc-Free, Fresh Clean Scent With Aloe & Chamomile</p><p> -7% 0FF </p><p>$6.79 ($0.68 / Ounce)</p><a href="https://www.amazon.com/dp/B012FUZ8NG?tag=eloabder-20&linkCode=osi&th=1&psc=1">View Product</a></div>
<div class="product"><a href="https://www.amazon.com/dp/B00JHKTDQG?tag=eloabder-20&linkCode=osi&th=1&psc=1"><img src="https://m.media-amazon.com/images/I/41u2OOs0uOL._SL500_.jpg" alt="Product Image"></a><p>Safety 1st Plug Protectors, 36 Count</p><p> -22% 0FF </p><p>$3.49</p><a href="https://www.amazon.com/dp/B00JHKTDQG?tag=eloabder-20&linkCode=osi&th=1&psc=1">View Product</a></div><div class="product"><a href="https://www.amazon.com/dp/B0CZRKFS5Z?tag=eloabder-20&linkCode=osi&th=1&psc=1"><img src="https://m.media-amazon.com/images/I/413bGIIY4WL._SL500_.jpg" alt="Product Image"></a><p>Baby Proofing Kit, Oven Door Lock Child proof Safety Product for Kitchen, Double Button, Heat-Resistant, Easy to Install (1 Pack,Grey)</p><p> -20% 0FF </p><p>$7.99</p><a href="https://www.amazon.com/dp/B0CZRKFS5Z?tag=eloabder-20&linkCode=osi&th=1&psc=1">View Product</a></div><div class="product"><a href="https://www.amazon.com/dp/B00YKG2YS6?tag=eloabder-20&linkCode=osi&th=1&psc=1"><img src="https://m.media-amazon.com/images/I/41+wB4D0smL._SL500_.jpg" alt="Product Image"></a><p>Safety 1st Safety Essentials Kit , White , 1 Count</p><p> -38% 0FF </p><p>$7.48</p><a href="https://www.amazon.com/dp/B00YKG2YS6?tag=eloabder-20&linkCode=osi&th=1&psc=1">View Product</a></div>
<div class="product"><a href="https://www.amazon.com/dp/B000BNCA4K?tag=eloabder-20&linkCode=osi&th=1&psc=1"><img src="https://m.media-amazon.com/images/I/51+hwco0h6L._SL500_.jpg" alt="Product Image"></a><p>Manhattan Toy Winkel Rattle & Sensory Teether Toy, Blue/Green/Orange, 5 Inch x 4 Inch x 3.5 Inch</p><p> -29% 0FF </p><p>$9.99</p><a href="https://www.amazon.com/dp/B000BNCA4K?tag=eloabder-20&linkCode=osi&th=1&psc=1">View Product</a></div><div class="product"><a href="https://www.amazon.com/dp/B000FMQWS2?tag=eloabder-20&linkCode=osi&th=1&psc=1"><img src="https://m.media-amazon.com/images/I/4108+CwoQfL._SL500_.jpg" alt="Product Image"></a><p>Bright Starts Grab & Spin Baby Rattle & BPA-Free Teether Toy, Ages 3 Months+</p><p> -15% 0FF </p><p>$2.97</p><a href="https://www.amazon.com/dp/B000FMQWS2?tag=eloabder-20&linkCode=osi&th=1&psc=1">View Product</a></div><div class="product"><a href="https://www.amazon.com/dp/B071YCHDX1?tag=eloabder-20&linkCode=osi&th=1&psc=1"><img src="https://m.media-amazon.com/images/I/512uBUjyccL._SL500_.jpg" alt="Product Image"></a><p>iPlay, iLearn 10pcs Baby Rattles Toys Set, Infant Grab Shake Rattle, Sensory Teether, Babies Development Learning Music Toy, Newborn First Christmas Gifts 0 1 2 3 4 5 6 7 8 9 10 12 Month Boy Girl</p><p> -15% 0FF </p><p>$22.99</p><a href="https://www.amazon.com/dp/B071YCHDX1?tag=eloabder-20&linkCode=osi&th=1&psc=1">View Product</a></div><div class="product"><a href="https://www.amazon.com/dp/B019ICFYNI?tag=eloabder-20&linkCode=osi&th=1&psc=1"><img src="https://m.media-amazon.com/images/I/51oYX33BlzL._SL500_.jpg" alt="Product Image"></a><p>VTech Baby Rattle and Sing Puppy</p><p> -18% 0FF </p><p>$8.99</p><a href="https://www.amazon.com/dp/B019ICFYNI?tag=eloabder-20&linkCode=osi&th=1&psc=1">View Product</a></div><div class="product"><a href="https://www.amazon.com/dp/B000V2Y5BW?tag=eloabder-20&linkCode=osi&th=1&psc=1"><img src="https://m.media-amazon.com/images/I/41Bz5Kz2OzL._SL500_.jpg" alt="Product Image"></a><p>The First Years First Keys Infant and Baby Toy</p><p> -67% 0FF </p><p>$2.44</p><a href="https://www.amazon.com/dp/B000V2Y5BW?tag=eloabder-20&linkCode=osi&th=1&psc=1">View Product</a></div>
<div class="product"><a href="https://www.amazon.com/dp/B005SPESKK?tag=eloabder-20&linkCode=osi&th=1&psc=1"><img src="https://m.media-amazon.com/images/I/410ZKnRS3aL._SL500_.jpg" alt="Product Image"></a><p>Aveeno Baby Bathtime Solutions Baby & Me Gift Set with Baby Wash & Shampoo, Calming Baby Bath, Baby Daily Moisturizing Lotion & Stress Relief Body Wash for Mom, Oatmeal, 4 Items</p><p> -35% 0FF </p><p>$20.69</p><a href="https://www.amazon.com/dp/B005SPESKK?tag=eloabder-20&linkCode=osi&th=1&psc=1">View Product</a></div><div class="product"><a href="https://www.amazon.com/dp/B005UEB96K?tag=eloabder-20&linkCode=osi&th=1&psc=1"><img src="https://m.media-amazon.com/images/I/41irWX472ZL._SL500_.jpg" alt="Product Image"></a><p>Aquaphor Baby Healing Ointment Advanced Therapy Skin Protectant, Dry Skin and Diaper Rash Ointment, 14 Oz Jar</p><p> -8% 0FF </p><p>$18.37</p><a href="https://www.amazon.com/dp/B005UEB96K?tag=eloabder-20&linkCode=osi&th=1&psc=1">View Product</a></div><div class="product"><a href="https://www.amazon.com/dp/B0CNXKT6S7?tag=eloabder-20&linkCode=osi&th=1&psc=1"><img src="https://m.media-amazon.com/images/I/41UPubKIJYL._SL500_.jpg" alt="Product Image"></a><p>Blissful Diary Baby Diaper Caddy Organizer, Stylish Nursery Storage Basket - Gift for Baby Shower, Baby Registry Must Have, Newborn Essentials - Baby Caddy Organizer for Diaper Station - Sage Green</p><p> -7% 0FF </p><p>$22.99</p><a href="https://www.amazon.com/dp/B0CNXKT6S7?tag=eloabder-20&linkCode=osi&th=1&psc=1">View Product</a></div><div class="product"><a href="https://www.amazon.com/dp/B07RX5BD32?tag=eloabder-20&linkCode=osi&th=1&psc=1"><img src="https://m.media-amazon.com/images/I/41p16YTuexL._SL500_.jpg" alt="Product Image"></a><p>Portable Diaper Changing Pad, Portable Changing pad for Newborn Girl & Boy - Baby Changing Pad with Smart Wipes Pocket – Waterproof Travel Changing Kit - Baby Gift by Kopi Baby</p><p> -42% 0FF </p><p>$21.89</p><a href="https://www.amazon.com/dp/B07RX5BD32?tag=eloabder-20&linkCode=osi&th=1&psc=1">View Product</a></div>
<div class="product"><a href="https://www.amazon.com/dp/B07DGKWFJM?tag=eloabder-20&linkCode=osi&th=1&psc=1"><img src="https://m.media-amazon.com/images/I/313M7YzzHPL._SL500_.jpg" alt="Product Image"></a><p>Johnson's Baby Shampoo with Tear-Free Formula, Shampoo for Baby's Delicate Scalp & Skin, Gently Washes Away Dirt & Germs, Paraben-, Phthalate-, Sulfate- & Dye-Free, 20.3 fl. oz</p><p> -35% 0FF </p><p>$5.90 ($0.29 / Fl Oz)</p><a href="https://www.amazon.com/dp/B07DGKWFJM?tag=eloabder-20&linkCode=osi&th=1&psc=1">View Product</a></div><div class="product"><a href="https://www.amazon.com/dp/B07DGK9FQG?tag=eloabder-20&linkCode=osi&th=1&psc=1"><img src="https://m.media-amazon.com/images/I/31ZmgkaoecL._SL500_.jpg" alt="Product Image"></a><p>Johnson's Baby Tear Free Shampoo, No Parabens/Phthalates/Sulfates/Dyes, Fresh, 13.6 Fl Oz</p><p> -30% 0FF </p><p>$4.78 ($0.35 / Fl Oz)</p><a href="https://www.amazon.com/dp/B07DGK9FQG?tag=eloabder-20&linkCode=osi&th=1&psc=1">View Product</a></div><div class="product"><a href="https://www.amazon.com/dp/B07D2JMJPS?tag=eloabder-20&linkCode=osi&th=1&psc=1"><img src="https://m.media-amazon.com/images/I/31GFcXvNoSL._SL500_.jpg" alt="Product Image"></a><p>Johnson's Head-to-Toe Gentle Tear-Free Baby & Newborn Wash & Shampoo, Sulfate-, Paraben- Phthalate- & Dye-Free, Hypoallergenic Wash for Sensitive Skin & Hair, 27.1 fl. Oz</p><p> -33% 0FF </p><p>$7.19 ($0.27 / Fl Oz)</p><a href="https://www.amazon.com/dp/B07D2JMJPS?tag=eloabder-20&linkCode=osi&th=1&psc=1">View Product</a></div><div class="product"><a href="https://www.amazon.com/dp/B07NSBTZ22?tag=eloabder-20&linkCode=osi&th=1&psc=1"><img src="https://m.media-amazon.com/images/I/316UK0+xv+L._SL500_.jpg" alt="Product Image"></a><p>Aveeno Baby Daily Moisture Gentle Bath Wash & Shampoo with Natural Oat Extract, Hypoallergenic, Tear-Free & Paraben-Free Formula For Sensitive Hair & Skin, Lightly Scented, 33 fl. oz</p><p> -43% 0FF </p><p>$13.98 ($0.42 / Fl Oz)</p><a href="https://www.amazon.com/dp/B07NSBTZ22?tag=eloabder-20&linkCode=osi&th=1&psc=1">View Product</a></div><div class="product"><a href="https://www.amazon.com/dp/B07DGPL4Y7?tag=eloabder-20&linkCode=osi&th=1&psc=1"><img src="https://m.media-amazon.com/images/I/310oJnMMURS._SL500_.jpg" alt="Product Image"></a><p>Johnson's Baby Calming Baby Shampoo with Soothing NaturalCalm Scent, Hypoallergenic & Tear-Free Baby Hair Shampoo, Free of Parabens, Phthalates, Sulfates & Dyes, 20.3 fl. oz</p><p> -9% 0FF </p><p>$5.39 ($0.27 / Fl Oz)</p><a href="https://www.amazon.com/dp/B07DGPL4Y7?tag=eloabder-20&linkCode=osi&th=1&psc=1">View Product</a></div><div class="product"><a href="https://www.amazon.com/dp/B072QXWXS6?tag=eloabder-20&linkCode=osi&th=1&psc=1"><img src="https://m.media-amazon.com/images/I/31nATTwRNrL._SL500_.jpg" alt="Product Image"></a><p>The Honest Company 2-in-1 Cleansing Shampoo + Body Wash | Gentle for Baby | Naturally Derived, Tear-free, Hypoallergenic | Fragrance Free Sensitive, 10 fl oz</p><p> -8% 0FF </p><p>$10.99 ($1.10 / Fl Oz)</p><a href="https://www.amazon.com/dp/B072QXWXS6?tag=eloabder-20&linkCode=osi&th=1&psc=1">View Product</a></div><div class="product"><a href="https://www.amazon.com/dp/B0BXB874ZB?tag=eloabder-20&linkCode=osi&th=1&psc=1"><img src="https://m.media-amazon.com/images/I/61I9qaFfznL._SL500_.jpg" alt="Product Image"></a><p>SheaMoisture Baby Shampoo & Bath Milk Manuka Honey & Lavender for Delicate Hair and Skin Nighttime Skin and Hair Care Regimen 13 oz</p><p> -10% 0FF </p><p>$8.97 ($0.69 / Fl Oz)</p><a href="https://www.amazon.com/dp/B0BXB874ZB?tag=eloabder-20&linkCode=osi&th=1&psc=1">View Product</a></div>
<div class="product"><a href="https://www.amazon.com/dp/B07JP112TD?tag=eloabder-20&linkCode=osi&th=1&psc=1"><img src="https://m.media-amazon.com/images/I/31-1TtUqz2L._SL500_.jpg" alt="Product Image"></a><p>Stride Rite Baby Girls Sr Taye 2.0 First Walker Shoe, Pink, 3 Infant US</p><p> -30% 0FF </p><p>$25.72</p><a href="https://www.amazon.com/dp/B07JP112TD?tag=eloabder-20&linkCode=osi&th=1&psc=1">View Product</a></div><div class="product"><a href="https://www.amazon.com/dp/B08M5M2ZNJ?tag=eloabder-20&linkCode=osi&th=1&psc=1"><img src="https://m.media-amazon.com/images/I/31qHgEG+WSL._SL500_.jpg" alt="Product Image"></a><p>Baby Booties 6-12 Months Unisex Cozy Fleece Newborn Booties Non-Slip Newborn First Walkers Shoes Toddler Slippers for Baby Boys & Baby Girls Gifts, Black</p><p> -33% 0FF </p><p>$9.99</p><a href="https://www.amazon.com/dp/B08M5M2ZNJ?tag=eloabder-20&linkCode=osi&th=1&psc=1">View Product</a></div><div class="product"><a href="https://www.amazon.com/dp/B0BV2J28DN?tag=eloabder-20&linkCode=osi&th=1&psc=1"><img src="https://m.media-amazon.com/images/I/41n15Z33RlL._SL500_.jpg" alt="Product Image"></a><p>Baby Walking Shoes First Boy Girl Walker Infant Sock Tennis Mesh Sneakers Breathable 6 9 12 18 24 Months Camel Size 6-12 Months Infant</p><p> -18% 0FF </p><p>$26.99</p><a href="https://www.amazon.com/dp/B0BV2J28DN?tag=eloabder-20&linkCode=osi&th=1&psc=1">View Product</a></div><div class="product"><a href="https://www.amazon.com/dp/B0C9ZTGHWF?tag=eloabder-20&linkCode=osi&th=1&psc=1"><img src="https://m.media-amazon.com/images/I/41jzu4SNmLL._SL500_.jpg" alt="Product Image"></a><p>BMCiTYBM Baby Boy Girl Shoes Infant First Walker Shoes Breathable Walking Shoes Lightweight Non-Slip Sneakers 6 9 12 18 24 Months Gray Size 12-18 Months Infant</p><p> -12% 0FF </p><p>$29.99</p><a href="https://www.amazon.com/dp/B0C9ZTGHWF?tag=eloabder-20&linkCode=osi&th=1&psc=1">View Product</a></div>
<div class="product"><a href="https://www.amazon.com/dp/B0B6Z9SVXG?tag=eloabder-20&linkCode=osi&th=1&psc=1"><img src="https://m.media-amazon.com/images/I/41yQhQfpuJL._SL500_.jpg" alt="Product Image"></a><p>Shiaon Baby Sling Carrier Newborn to Toddler, Lightweight Baby Carrier Sling, Baby Wrap Sling, Baby Hip Seat Carrier for Toddler Sling, Baby Holder Carrier, Nursing Sling, Carrying 7-45 lbs, Grey</p><p> -20% 0FF </p><p>$32.99</p><a href="https://www.amazon.com/dp/B0B6Z9SVXG?tag=eloabder-20&linkCode=osi&th=1&psc=1">View Product</a></div><div class="product"><a href="https://www.amazon.com/dp/B07SK6GVCJ?tag=eloabder-20&linkCode=osi&th=1&psc=1"><img src="https://m.media-amazon.com/images/I/41o7bWiYEUL._SL500_.jpg" alt="Product Image"></a><p>CUBY Water Baby Sling Carrier Breathable Mesh Baby Wraps Carrier Adjustable Ring Sling Baby Carrier Infant Carrier for Summer Swimming Pool Beach (Light Grey)</p><p> -27% 0FF </p><p>$18.99</p><a href="https://www.amazon.com/dp/B07SK6GVCJ?tag=eloabder-20&linkCode=osi&th=1&psc=1">View Product</a></div><div class="product"><a href="https://www.amazon.com/dp/B07YQYRVDX?tag=eloabder-20&linkCode=osi&th=1&psc=1"><img src="https://m.media-amazon.com/images/I/41nKHqgPniL._SL500_.jpg" alt="Product Image"></a><p>Baby Sling and Ring Sling 100% Cotton Muslin Infant Carrier, Front and Chest Newborn Carrier Wrap, Toddler Carrier – Grey</p><p> -31% 0FF </p><p>$44.95</p><a href="https://www.amazon.com/dp/B07YQYRVDX?tag=eloabder-20&linkCode=osi&th=1&psc=1">View Product</a></div>
<div class="product"><a href="https://www.amazon.com/dp/B07N13W76L?tag=eloabder-20&linkCode=osi&th=1&psc=1"><img src="https://m.media-amazon.com/images/I/41d8emuEA8L._SL500_.jpg" alt="Product Image"></a><p>Baby Dove Sensitive Skin Care Baby Wash Calming Moisture For a Calming Bath Wash Hypoallergenic and Tear-Free, Washes Away Bacteria 13 oz</p><p> -6% 0FF </p><p>$7.99 ($0.61 / Ounce)</p><a href="https://www.amazon.com/dp/B07N13W76L?tag=eloabder-20&linkCode=osi&th=1&psc=1">View Product</a></div><div class="product"><a href="https://www.amazon.com/dp/B097NRRRNT?tag=eloabder-20&linkCode=osi&th=1&psc=1"><img src="https://m.media-amazon.com/images/I/31qcQUGmwRS._SL500_.jpg" alt="Product Image"></a><p>Johnson's Skin Nourishing Moisture Baby Body Wash With Vanilla & Oat Scents, Hypoallergenic & Tear Free Baby Bath Wash, Paraben-, Dye-, Sulfate & Phthalate-Free, 20.3 fl. oz</p><p> -26% 0FF </p><p>$6.78 ($0.33 / Fl Oz)</p><a href="https://www.amazon.com/dp/B097NRRRNT?tag=eloabder-20&linkCode=osi&th=1&psc=1">View Product</a></div><div class="product"><a href="https://www.amazon.com/dp/B07D2G6CLG?tag=eloabder-20&linkCode=osi&th=1&psc=1"><img src="https://m.media-amazon.com/images/I/31EQ6Pb153L._SL500_.jpg" alt="Product Image"></a><p>Johnson's Bedtime Baby Bath with Soothing NaturalCalm Aromas, Hypoallergenic & Tear Free Formula, 27.1 fl. oz</p><p> -33% 0FF </p><p>$9.98 ($0.37 / Fl Oz)</p><a href="https://www.amazon.com/dp/B07D2G6CLG?tag=eloabder-20&linkCode=osi&th=1&psc=1">View Product</a></div>
<div class="product"><a href="https://www.amazon.com/dp/B006VB29D8?tag=eloabder-20&linkCode=osi&th=1&psc=1"><img src="https://m.media-amazon.com/images/I/41avOtC2ssL._SL500_.jpg" alt="Product Image"></a><p>Munchkin® Soft Tip™ Baby Spoons, BPA Free, 12 Pack</p><p> -17% 0FF </p><p>$6.98</p><a href="https://www.amazon.com/dp/B006VB29D8?tag=eloabder-20&linkCode=osi&th=1&psc=1">View Product</a></div><div class="product"><a href="https://www.amazon.com/dp/B0CKJXWM44?tag=eloabder-20&linkCode=osi&th=1&psc=1"><img src="https://m.media-amazon.com/images/I/41n4jr8b6VL._SL500_.jpg" alt="Product Image"></a><p>Nuby Baby's First Spoons Set - (3-Pack) Feeding Utensils for Babies - 6+ Months</p><p> -40% 0FF </p><p>$5.97</p><a href="https://www.amazon.com/dp/B0CKJXWM44?tag=eloabder-20&linkCode=osi&th=1&psc=1">View Product</a></div><div class="product"><a href="https://www.amazon.com/dp/B0CKWJNQP4?tag=eloabder-20&linkCode=osi&th=1&psc=1"><img src="https://m.media-amazon.com/images/I/413epEJW7PL._SL500_.jpg" alt="Product Image"></a><p>Munchkin® Gentle Dip™ Multistage First Spoon Set for Baby Led Weaning, Self Feeding, Solids & Purees, 3 Pack, Coral/Purple</p><p> -35% 0FF </p><p>$6.49</p><a href="https://www.amazon.com/dp/B0CKWJNQP4?tag=eloabder-20&linkCode=osi&th=1&psc=1">View Product</a></div><div class="product"><a href="https://www.amazon.com/dp/B08MVST7H1?tag=eloabder-20&linkCode=osi&th=1&psc=1"><img src="https://m.media-amazon.com/images/I/319zTmlUj8L._SL500_.jpg" alt="Product Image"></a><p>PrimaStella Silicone Chew Spoon Set for Babies and Toddlers | Safety Tested | BPA Free | Microwave, Dishwasher and Freezer Safe</p><p> -33% 0FF </p><p>$7.99</p><a href="https://www.amazon.com/dp/B08MVST7H1?tag=eloabder-20&linkCode=osi&th=1&psc=1">View Product</a></div>
<div class="product"><a href="https://www.amazon.com/dp/B0D5Q2GKMX?tag=eloabder-20&linkCode=osi&th=1&psc=1"><img src="https://m.media-amazon.com/images/I/51PSbL1vo1L._SL500_.jpg" alt="Product Image"></a><p>Accombe 2 in 1 Baby Stroller, Convertible Bassinet Pushchair for Infants and Newborns 0-36 Months</p><p> -23% 0FF </p><p>$154.99</p><a href="https://www.amazon.com/dp/B0D5Q2GKMX?tag=eloabder-20&linkCode=osi&th=1&psc=1">View Product</a></div><div class="product"><a href="https://www.amazon.com/dp/B01FCDWZFC?tag=eloabder-20&linkCode=osi&th=1&psc=1"><img src="https://m.media-amazon.com/images/I/41jrn+R3+0L._SL500_.jpg" alt="Product Image"></a><p>Baby Trend Range Jogger Stroller, Millennium</p><p> -36% 0FF </p><p>$90.08</p><a href="https://www.amazon.com/dp/B01FCDWZFC?tag=eloabder-20&linkCode=osi&th=1&psc=1">View Product</a></div><div class="product"><a href="https://www.amazon.com/dp/B0BSP4K34F?tag=eloabder-20&linkCode=osi&th=1&psc=1"><img src="https://m.media-amazon.com/images/I/41zs0EAVv0L._SL500_.jpg" alt="Product Image"></a><p>Summer by Ingenuity 3Dquickclose CS+ Compact Fold Stroller, Car-Seat Compatible, Lightweight Stroller with Oversized Canopy, Extra-Large Storage</p><p> -19% 0FF </p><p>$80.74</p><a href="https://www.amazon.com/dp/B0BSP4K34F?tag=eloabder-20&linkCode=osi&th=1&psc=1">View Product</a></div><div class="product"><a href="https://www.amazon.com/dp/B08K2YFNDW?tag=eloabder-20&linkCode=osi&th=1&psc=1"><img src="https://m.media-amazon.com/images/I/41USzhsByBL._SL500_.jpg" alt="Product Image"></a><p>Graco Ready2Grow LX 2.0 Double Stroller Features Bench Seat and Standing Platform Options, Clark</p><p> -20% 0FF </p><p>$215.99</p><a href="https://www.amazon.com/dp/B08K2YFNDW?tag=eloabder-20&linkCode=osi&th=1&psc=1">View Product</a></div><div class="product"><a href="https://www.amazon.com/dp/B09FL82SRC?tag=eloabder-20&linkCode=osi&th=1&psc=1"><img src="https://m.media-amazon.com/images/I/41oWEq1J+SL._SL500_.jpg" alt="Product Image"></a><p>Mompush Wiz 2-in-1 Convertible Baby Stroller with Bassinet Mode - Foldable Infant Stroller to Explore More as a Family - Toddler Stroller with Reversible Stroller Seat</p><p> -30% 0FF </p><p>$159.99</p><a href="https://www.amazon.com/dp/B09FL82SRC?tag=eloabder-20&linkCode=osi&th=1&psc=1">View Product</a></div><div class="product"><a href="https://www.amazon.com/dp/B01JRY00C2?tag=eloabder-20&linkCode=osi&th=1&psc=1"><img src="https://m.media-amazon.com/images/I/41oyBwt71IL._SL500_.jpg" alt="Product Image"></a><p>Safety 1st Smooth Ride Travel System Stroller and Car Seat OnBoard™ FLX - Efficient Infant Car Seat Stroller and Infant Car Seat and Stroller Combo, Monument</p><p> -9% 0FF </p><p>$199.99</p><a href="https://www.amazon.com/dp/B01JRY00C2?tag=eloabder-20&linkCode=osi&th=1&psc=1">View Product</a></div>
<div class="product"><a href="https://www.amazon.com/dp/B08K2CN246?tag=eloabder-20&linkCode=osi&th=1&psc=1"><img src="https://m.media-amazon.com/images/I/41kw6Z5JVpL._SL500_.jpg" alt="Product Image"></a><p>Graco Soothe My Way with Removable Rocker, Madden - Versatile Baby Swing & Portable Rocker</p><p> -5% 0FF </p><p>$199.99</p><a href="https://www.amazon.com/dp/B08K2CN246?tag=eloabder-20&linkCode=osi&th=1&psc=1">View Product</a></div><div class="product"><a href="https://www.amazon.com/dp/B0CPTD1PS8?tag=eloabder-20&linkCode=osi&th=1&psc=1"><img src="https://m.media-amazon.com/images/I/31mjNCs4A0L._SL500_.jpg" alt="Product Image"></a><p>Maxi-Cosi Cassia Baby Swings for Infants: Smart Portable Baby Swing with Music, Lightweight & Foldable Baby Swing, 360 Rotation Infant Swing, Classic Oat</p><p> -14% 0FF </p><p>$172.65</p><a href="https://www.amazon.com/dp/B0CPTD1PS8?tag=eloabder-20&linkCode=osi&th=1&psc=1">View Product</a></div>
<div class="product"><a href="https://www.amazon.com/dp/B0795ZW85G?tag=eloabder-20&linkCode=osi&th=1&psc=1"><img src="https://m.media-amazon.com/images/I/41MJ3gfs90L._SL500_.jpg" alt="Product Image"></a><p>Kinsa Smart,Fever, Digital Medical Baby, Kid and Adult Termometro - Accurate, Fast, FDA Cleared Thermometer for Oral, Armpit or Rectal Temperature Reading - QuickCare</p><p> -27% 0FF </p><p>$21.97</p><a href="https://www.amazon.com/dp/B0795ZW85G?tag=eloabder-20&linkCode=osi&th=1&psc=1">View Product</a></div>
<div class="product"><a href="https://www.amazon.com/dp/B0866RV9SM?tag=eloabder-20&linkCode=osi&th=1&psc=1"><img src="https://m.media-amazon.com/images/I/41n5jaf1l8L._SL500_.jpg" alt="Product Image"></a><p>Dr. Brown's Infant-to-Toddler Training Toothbrush Set with Fluoride-Free Baby Toothpaste, Strawberry - Giraffe - 1.4oz - 0-3 years</p><p> -9% 0FF </p><p>$8.19</p><a href="https://www.amazon.com/dp/B0866RV9SM?tag=eloabder-20&linkCode=osi&th=1&psc=1">View Product</a></div>
<div class="product"><a href="https://www.amazon.com/dp/B079KV58DJ?tag=eloabder-20&linkCode=osi&th=1&psc=1"><img src="https://m.media-amazon.com/images/I/31a0bFQr94L._SL500_.jpg" alt="Product Image"></a><p>Dr. Talbot's Baby Toothpaste Naturally Inspired with Citroganix and Silicone Finger Gum Massager, Vanilla Milk Flavor</p><p> -35% 0FF </p><p>$3.87</p><a href="https://www.amazon.com/dp/B079KV58DJ?tag=eloabder-20&linkCode=osi&th=1&psc=1">View Product</a></div><div class="product"><a href="https://www.amazon.com/dp/B07GT9YRXD?tag=eloabder-20&linkCode=osi&th=1&psc=1"><img src="https://m.media-amazon.com/images/I/416EJX6PtPL._SL500_.jpg" alt="Product Image"></a><p>Baby Toothpaste 6 to 12 Months - Rain Fluoride Free Tooth Paste Gel for Infant Toddler Kids 0-6 Years and Up, Safe to Swallow, 2.8 Oz, Babies Training, Xylitol, Vitamin C, Vegan, SLS Free, Gluten Free</p><p> -25% 0FF </p><p>$13.94</p><a href="https://www.amazon.com/dp/B07GT9YRXD?tag=eloabder-20&linkCode=osi&th=1&psc=1">View Product</a></div>
<div class="product"><a href="https://www.amazon.com/dp/B0B9BMFS4X?tag=eloabder-20&linkCode=osi&th=1&psc=1"><img src="https://m.media-amazon.com/images/I/51QOy--SVyL._SL500_.jpg" alt="Product Image"></a><p>HOMEXCEL Baby Washcloths 24 Pack-Microfiber Coral Fleece Baby Bath Face Towel 7 x 9 Inch Extra Absorbent and Soft Burp Cloth and Wash Cloths for Newborn-Infants and Toddlers-Gentle On Sensitive Skin</p><p> -10% 0FF </p><p>$8.99</p><a href="https://www.amazon.com/dp/B0B9BMFS4X?tag=eloabder-20&linkCode=osi&th=1&psc=1">View Product</a></div>
<div class="product"><a href="https://www.amazon.com/dp/B00M2AAYG6?tag=eloabder-20&linkCode=osi&th=1&psc=1"><img src="https://m.media-amazon.com/images/I/41fixA-oZyL._SL500_.jpg" alt="Product Image"></a><p>Smart Steps 3.0 Activity Walker, Emily</p><p> -20% 0FF </p><p>$39.98</p><a href="https://www.amazon.com/dp/B00M2AAYG6?tag=eloabder-20&linkCode=osi&th=1&psc=1">View Product</a></div><div class="product"><a href="https://www.amazon.com/dp/B0C4PB4QN3?tag=eloabder-20&linkCode=osi&th=1&psc=1"><img src="https://m.media-amazon.com/images/I/41a0CSHVcBL._SL500_.jpg" alt="Product Image"></a><p>Wismind Baby Walker Foldable with 9 Adjustable Heights, Baby Walkers and Activity Center for Boys Girls Babies 7-18 Months, Baby Walker with Wheels Portable</p><p> -30% 0FF </p><p>$69.99</p><a href="https://www.amazon.com/dp/B0C4PB4QN3?tag=eloabder-20&linkCode=osi&th=1&psc=1">View Product</a></div><div class="product"><a href="https://www.amazon.com/dp/B074ZDNJBD?tag=eloabder-20&linkCode=osi&th=1&psc=1"><img src="https://m.media-amazon.com/images/I/41WJhym-67L._SL500_.jpg" alt="Product Image"></a><p>Fisher-Price Baby Toy Laugh & Learn Smart Stages Learn with Puppy Walker with Music Lights & Activities for Infants Ages 6+ Months</p><p> -20% 0FF </p><p>$19.97</p><a href="https://www.amazon.com/dp/B074ZDNJBD?tag=eloabder-20&linkCode=osi&th=1&psc=1">View Product</a></div><div class="product"><a href="https://www.amazon.com/dp/B0CPP7HFVY?tag=eloabder-20&linkCode=osi&th=1&psc=1"><img src="https://m.media-amazon.com/images/I/51L9TuZYYDL._SL500_.jpg" alt="Product Image"></a><p>Tiny Land Wooden Baby Walker, Baby Push Walker, Montessori Walker Toy, Adjustable Speed Baby Walker for Boys and Girls, Baby Activity Center, Push Toys for Kids Development</p><p> -6% 0FF </p><p>$79.99</p><a href="https://www.amazon.com/dp/B0CPP7HFVY?tag=eloabder-20&linkCode=osi&th=1&psc=1">View Product</a></div><div class="product"><a href="https://www.amazon.com/dp/B09QNK7BD9?tag=eloabder-20&linkCode=osi&th=1&psc=1"><img src="https://m.media-amazon.com/images/I/417kGxszQCL._SL500_.jpg" alt="Product Image"></a><p>Bright Starts Disney Baby Minnie Mouse Forever Besties 2-in-1 Baby Activity Walker - Easy Fold Frame and Removable -Toy Station, 6 Months and up</p><p> -17% 0FF </p><p>$49.98</p><a href="https://www.amazon.com/dp/B09QNK7BD9?tag=eloabder-20&linkCode=osi&th=1&psc=1">View Product</a></div>
<div class="product"><a href="https://www.amazon.com/dp/B078XYF78X?tag=eloabder-20&linkCode=osi&th=1&psc=1"><img src="https://m.media-amazon.com/images/I/41cDmYF13wL._SL500_.jpg" alt="Product Image"></a><p>Huggies Simply Clean Fragrance-Free Baby Wipes, Unscented Diaper Wipes, 1 Flip-Top Pack (64 Wipes Total)</p><p> -21% 0FF </p><p>$2.17 ($3.39 / 100 Count)</p><a href="https://www.amazon.com/dp/B078XYF78X?tag=eloabder-20&linkCode=osi&th=1&psc=1">View Product</a></div><div class="product"><a href="https://www.amazon.com/dp/B08QRT84WJ?tag=eloabder-20&linkCode=osi&th=1&psc=1"><img src="https://m.media-amazon.com/images/I/51vfRHDV3QL._SL500_.jpg" alt="Product Image"></a><p>Huggies Natural Care Sensitive Baby Wipes, Unscented, Hypoallergenic, 6 Flip-Top Packs (288 Wipes Total)</p><p> -15% 0FF </p><p>$11.33 ($3.93 / 100 Count)</p><a href="https://www.amazon.com/dp/B08QRT84WJ?tag=eloabder-20&linkCode=osi&th=1&psc=1">View Product</a></div><div class="product"><a href="https://www.amazon.com/dp/B0CNSCVGPH?tag=eloabder-20&linkCode=osi&th=1&psc=1"><img src="https://m.media-amazon.com/images/I/51oFmARUYLL._SL500_.jpg" alt="Product Image"></a><p>Huggies Simply Clean Fresh Scent Baby Wipes, 3 Flip-Top Packs of 64 (192 Wipes Total)</p><p> -13% 0FF </p><p>$6.77 ($3.53 / 100 Count)</p><a href="https://www.amazon.com/dp/B0CNSCVGPH?tag=eloabder-20&linkCode=osi&th=1&psc=1">View Product</a></div><div class="product"><a href="https://www.amazon.com/dp/B07KGL6L56?tag=eloabder-20&linkCode=osi&th=1&psc=1"><img src="https://m.media-amazon.com/images/I/41mNPe9fqbL._SL500_.jpg" alt="Product Image"></a><p>Pampers Baby Clean Wipes, Baby Fresh Scented Baby Wipes, 72 Baby Wipes Total (1 Flip-Top Pack)</p><p> -27% 0FF </p><p>$2.49 ($3.46 / 100 Count)</p><a href="https://www.amazon.com/dp/B07KGL6L56?tag=eloabder-20&linkCode=osi&th=1&psc=1">View Product</a></div><div class="product"><a href="https://www.amazon.com/dp/B07XMFVN95?tag=eloabder-20&linkCode=osi&th=1&psc=1"><img src="https://m.media-amazon.com/images/I/51-VIf1JGuL._SL500_.jpg" alt="Product Image"></a><p>Amazon Brand - Mama Bear Gentle Fragrance Free Baby Wipes, Hypoallergenic, Sensitive Skin, Unscented, 800 Count (8 Packs of 100)</p><p> -11% 0FF </p><p>$20.59</p><a href="https://www.amazon.com/dp/B07XMFVN95?tag=eloabder-20&linkCode=osi&th=1&psc=1">View Product</a></div>
<div class="product"><a href="https://www.amazon.com/dp/B082PSKBXV?tag=eloabder-20&linkCode=osi&th=1&psc=1"><img src="https://m.media-amazon.com/images/I/41e-U+REwlL._SL500_.jpg" alt="Product Image"></a><p>Baby Wrap Carrier Jeroray Hands Free Infant Carrier,Lightweight,Breathable,Softness,Heather Grey</p><p> -11% 0FF </p><p>$19.59</p><a href="https://www.amazon.com/dp/B082PSKBXV?tag=eloabder-20&linkCode=osi&th=1&psc=1">View Product</a></div>
<div class="product"><a href="https://www.amazon.com/dp/B0771L5HN5?tag=eloabder-20&linkCode=osi&th=1&psc=1"><img src="https://m.media-amazon.com/images/I/51pAl1My4tL._SL500_.jpg" alt="Product Image"></a><p>Corner Protector for Baby, Protectors Guards, Furniture Corner Guard & Edge Safety Bumpers - Baby Proof Bumper Cushion - Clear & Transparent (12 Pack)</p><p> -11% 0FF </p><p>$7.98 ($0.66 / Count)</p><a href="https://www.amazon.com/dp/B0771L5HN5?tag=eloabder-20&linkCode=osi&th=1&psc=1">View Product</a></div><div class="product"><a href="https://www.amazon.com/dp/B07CNS8W5Y?tag=eloabder-20&linkCode=osi&th=1&psc=1"><img src="https://m.media-amazon.com/images/I/41Hxr+wFkkL._SL500_.jpg" alt="Product Image"></a><p>12 Pack Corner Guards Corner Protectors Baby Proof Furniture Corner & Edge Safety Bumpers, Table Corner Protector for Furniture Corner Covers Baby Safety</p><p> -17% 0FF </p><p>$4.99</p><a href="https://www.amazon.com/dp/B07CNS8W5Y?tag=eloabder-20&linkCode=osi&th=1&psc=1">View Product</a></div>
<div class="product"><a href="https://www.amazon.com/dp/B0BDFB3LW6?tag=eloabder-20&linkCode=osi&th=1&psc=1"><img src="https://m.media-amazon.com/images/I/31HyDb7637L._SL500_.jpg" alt="Product Image"></a><p>Baby Proofing Cabinets,Cabinet Locks for Babies,U-Shaped Child Locks for Cabinets, Child Proof Cabinet Latches,Child Safety Cabinet Locks with Adjustable by SPISPI (Pack of 2)</p><p> -30% 0FF </p><p>$6.99</p><a href="https://www.amazon.com/dp/B0BDFB3LW6?tag=eloabder-20&linkCode=osi&th=1&psc=1">View Product</a></div><div class="product"><a href="https://www.amazon.com/dp/B07GRNTXJZ?tag=eloabder-20&linkCode=osi&th=1&psc=1"><img src="https://m.media-amazon.com/images/I/41WR7vsRvML._SL500_.jpg" alt="Product Image"></a><p>Upgraded Invisible Baby Proofing Cabinet Latch Locks (10 Pack) - No Drilling or Tools Required for Installation, Works with Most Cabinets and Drawers, Works with Countertop Overhangs, Highly Secure</p><p> -33% 0FF </p><p>$19.99</p><a href="https://www.amazon.com/dp/B07GRNTXJZ?tag=eloabder-20&linkCode=osi&th=1&psc=1">View Product</a></div><div class="product"><a href="https://www.amazon.com/dp/B07TV9QY16?tag=eloabder-20&linkCode=osi&th=1&psc=1"><img src="https://m.media-amazon.com/images/I/31CzUhfEf9S._SL500_.jpg" alt="Product Image"></a><p>Child Safety Cabinet Locks - (10 Pack) Baby Proofing Latches to Drawer Door Fridge Oven Toilet Seat Kitchen Cupboard Appliance Trash Can with 3M Adhesive - Adjustable Strap No Drill No Tool</p><p> -25% 0FF </p><p>$14.99</p><a href="https://www.amazon.com/dp/B07TV9QY16?tag=eloabder-20&linkCode=osi&th=1&psc=1">View Product</a></div><div class="product"><a href="https://www.amazon.com/dp/B0D7W79D9T?tag=eloabder-20&linkCode=osi&th=1&psc=1"><img src="https://m.media-amazon.com/images/I/31awaiU9CVL._SL500_.jpg" alt="Product Image"></a><p>Baby Proofing Cabinets, Sliding Cabinet Locks for Babies, Adjustable U Shaped Baby Safety Locks, Childproof Cabinet Latch for Kitchen, Bathroom, Drawer, Cupboard Doors Knobs & Handles (2Pack White)</p><p> -25% 0FF </p><p>$2.99</p><a href="https://www.amazon.com/dp/B0D7W79D9T?tag=eloabder-20&linkCode=osi&th=1&psc=1">View Product</a></div><div class="product"><a href="https://www.amazon.com/dp/B07K2PWN19?tag=eloabder-20&linkCode=osi&th=1&psc=1"><img src="https://m.media-amazon.com/images/I/41UlC3lEJaS._SL500_.jpg" alt="Product Image"></a><p>Cabinet Locks - Adoric Life Child Safety Locks 4 Pack - Baby Safety Cabinet Locks - Baby Proofing Cabinet Kitchen System with Strong Adhesive Tape</p><p> -46% 0FF </p><p>$6.99</p><a href="https://www.amazon.com/dp/B07K2PWN19?tag=eloabder-20&linkCode=osi&th=1&psc=1">View Product</a></div>
<div class="product"><a href="https://www.amazon.com/dp/B007IUOG5A?tag=eloabder-20&linkCode=osi&th=1&psc=1"><img src="https://m.media-amazon.com/images/I/31+8zGGzplL._SL500_.jpg" alt="Product Image"></a><p>Safety Innovations Twin Door Baby Safety Outlet Cover Box for Babyproofing Outlets - More Interior Space for Extra Large Electrical Plugs and Adapters - Easy to Install - Easy to Use, (1-Pack)</p><p> -33% 0FF </p><p>$9.95</p><a href="https://www.amazon.com/dp/B007IUOG5A?tag=eloabder-20&linkCode=osi&th=1&psc=1">View Product</a></div><div class="product"><a href="https://www.amazon.com/dp/B000HKVG9C?tag=eloabder-20&linkCode=osi&th=1&psc=1"><img src="https://m.media-amazon.com/images/I/41RdFKMVyCL._SL500_.jpg" alt="Product Image"></a><p>Safety 1st Outlet Cover with Cord Shortener for Baby Proofing</p><p> -9% 0FF </p><p>$4.98</p><a href="https://www.amazon.com/dp/B000HKVG9C?tag=eloabder-20&linkCode=osi&th=1&psc=1">View Product</a></div><div class="product"><a href="https://www.amazon.com/dp/B01N7H7J47?tag=eloabder-20&linkCode=osi&th=1&psc=1"><img src="https://m.media-amazon.com/images/I/414dT3xocLL._SL500_.jpg" alt="Product Image"></a><p>Outlet Covers Baby Proofing (50 Pack) Safe & Secure Electric Plug Protectors | Sturdy Childproof Socket Covers for Home & Office | Easy Installation | Protect Toddlers & Babies | White</p><p> -31% 0FF </p><p>$8.99</p><a href="https://www.amazon.com/dp/B01N7H7J47?tag=eloabder-20&linkCode=osi&th=1&psc=1">View Product</a></div>
<div class="product"><a href="https://www.amazon.com/dp/B08SQYKXCH?tag=eloabder-20&linkCode=osi&th=1&psc=1"><img src="https://m.media-amazon.com/images/I/51NMUNJ6CmL._SL500_.jpg" alt="Product Image"></a><p>Baby Proofing Edge Corner Protector, Table Bumper Guard, Soft Rubber Foam Guard, 3M Pre-Taped Corners, 20.5 ft (18.1ft Edge + 8 Corners) Baby Proof Corner Guard Heavy-Duty (18.1ft, Cream White)</p><p> -5% 0FF </p><p>$15.75</p><a href="https://www.amazon.com/dp/B08SQYKXCH?tag=eloabder-20&linkCode=osi&th=1&psc=1">View Product</a></div>
<div class="product"><a href="https://www.amazon.com/dp/B082LN53Y4?tag=eloabder-20&linkCode=osi&th=1&psc=1"><img src="https://m.media-amazon.com/images/I/51MQ1RC2tuL._SL500_.jpg" alt="Product Image"></a><p>Baby Car Mirror Most Stable Backseat Mirror with Premium Matte Finish-Super Clear PMMA Material Mirror-Safe, Secure and Shatterproof,Black</p><p> -53% 0FF </p><p>$7.99</p><a href="https://www.amazon.com/dp/B082LN53Y4?tag=eloabder-20&linkCode=osi&th=1&psc=1">View Product</a></div><div class="product"><a href="https://www.amazon.com/dp/B07MT8HXVC?tag=eloabder-20&linkCode=osi&th=1&psc=1"><img src="https://m.media-amazon.com/images/I/51lvNQUNxjL._SL500_.jpg" alt="Product Image"></a><p>Baby Car Mirror, DARVIQS Seat Safely Monitor Infant Child in Rear Facing Seat, Wide View Shatterproof Adjustable Acrylic 360°for Backseat, Crash Tested and Certified for Safety</p><p> -15% 0FF </p><p>$12.69</p><a href="https://www.amazon.com/dp/B07MT8HXVC?tag=eloabder-20&linkCode=osi&th=1&psc=1">View Product</a></div><div class="product"><a href="https://www.amazon.com/dp/B01K478YBA?tag=eloabder-20&linkCode=osi&th=1&psc=1"><img src="https://m.media-amazon.com/images/I/413tQ4nkWHL._SL500_.jpg" alt="Product Image"></a><p>Shynerk Baby Car Mirror, Rear Facing Car Seat Mirror Safety for Infant Newborn, Baby Mirror with Wide Rearview & 360° Rotation, Shatterproof & Easy Assembled Crash Tested</p><p> -38% 0FF </p><p>$15.99</p><a href="https://www.amazon.com/dp/B01K478YBA?tag=eloabder-20&linkCode=osi&th=1&psc=1">View Product</a></div><div class="product"><a href="https://www.amazon.com/dp/B08FLH1SHC?tag=eloabder-20&linkCode=osi&th=1&psc=1"><img src="https://m.media-amazon.com/images/I/31HQAIIlPlL._SL500_.jpg" alt="Product Image"></a><p>Munchkin® Brica® 360 Pivot Baby in-Sight® Wide Angle Adjustable Car Mirror, Crash Tested and Shatter Resistant, Black</p><p> -11% 0FF </p><p>$20.52</p><a href="https://www.amazon.com/dp/B08FLH1SHC?tag=eloabder-20&linkCode=osi&th=1&psc=1">View Product</a></div><div class="product"><a href="https://www.amazon.com/dp/B0DD43HCBS?tag=eloabder-20&linkCode=osi&th=1&psc=1"><img src="https://m.media-amazon.com/images/I/411RbPJWuRL._SL500_.jpg" alt="Product Image"></a><p>WZBB Baby Car Mirror with Light - Remote Control, 360° Adjustable, Shatter Resistant, Clear Night Vision, Easy Installation for Rear Facing Infants and Toddlers</p><p> -22% 0FF </p><p>$27.98</p><a href="https://www.amazon.com/dp/B0DD43HCBS?tag=eloabder-20&linkCode=osi&th=1&psc=1">View Product</a></div>
<div class="product"><a href="https://www.amazon.com/dp/B000JVCJDQ?tag=eloabder-20&linkCode=osi&th=1&psc=1"><img src="https://m.media-amazon.com/images/I/41o-rEGfj5L._SL500_.jpg" alt="Product Image"></a><p>Earth Mama Organic Diaper Balm | Diaper Cream with Calendula | Calm Skin Baby Essentials for Diaper Bag |Multipurpose Baby Ointment, 2-Fluid Ounce (2-Pack)</p><p> -30% 0FF </p><p>$26.58</p><a href="https://www.amazon.com/dp/B000JVCJDQ?tag=eloabder-20&linkCode=osi&th=1&psc=1">View Product</a></div><div class="product"><a href="https://www.amazon.com/dp/B006YTX0HQ?tag=eloabder-20&linkCode=osi&th=1&psc=1"><img src="https://m.media-amazon.com/images/I/41WJwvRm5aL._SL500_.jpg" alt="Product Image"></a><p>Burt's Bees Christmas Gifts, Baby 100% Natural Multipurpose Healing Ointment, Face & Body Baby Ointment – 7.5 Ounce Tub</p><p> -16% 0FF </p><p>$7.59 ($1.01 / Ounce)</p><a href="https://www.amazon.com/dp/B006YTX0HQ?tag=eloabder-20&linkCode=osi&th=1&psc=1">View Product</a></div><div class="product"><a href="https://www.amazon.com/dp/B01HI7VY84?tag=eloabder-20&linkCode=osi&th=1&psc=1"><img src="https://m.media-amazon.com/images/I/41tnCnueEWL._SL500_.jpg" alt="Product Image"></a><p>Aveeno Baby Eczema Therapy Nighttime Moisturizing Body Balm, Nourishing Skin Protectant Soothes & Relieves Dry, Itchy Skin from Eczema, Hypoallergenic, Fragrance- & Steroid-Free, 11 oz</p><p> -28% 0FF </p><p>$19.37 ($1.76 / Ounce)</p><a href="https://www.amazon.com/dp/B01HI7VY84?tag=eloabder-20&linkCode=osi&th=1&psc=1">View Product</a></div><div class="product"><a href="https://www.amazon.com/dp/B078B9JPLX?tag=eloabder-20&linkCode=osi&th=1&psc=1"><img src="https://m.media-amazon.com/images/I/31V-kg6EG5L._SL500_.jpg" alt="Product Image"></a><p>Earth Mama Organic Baby Face Nose & Cheek Balm | Moisturizer with Calendula Oil for Dry Skin Care, Natural Petroleum Jelly Alternative (2-Fluid Ounce)</p><p> -9% 0FF </p><p>$9.99 ($5.00 / Ounce)</p><a href="https://www.amazon.com/dp/B078B9JPLX?tag=eloabder-20&linkCode=osi&th=1&psc=1">View Product</a></div>
<div class="product"><a href="https://www.amazon.com/dp/B0C6V4KH59?tag=eloabder-20&linkCode=osi&th=1&psc=1"><img src="https://m.media-amazon.com/images/I/41-m52lOZwL._SL500_.jpg" alt="Product Image"></a><p>HALO Baby Flex BassiNest, Adjustable Travel Bassinet, Easy Folding, Lightweight with Mattress and Carrying Bag, Morning Mist</p><p> -50% 0FF </p><p>$49.99</p><a href="https://www.amazon.com/dp/B0C6V4KH59?tag=eloabder-20&linkCode=osi&th=1&psc=1">View Product</a></div><div class="product"><a href="https://www.amazon.com/dp/B0C7VRMHYY?tag=eloabder-20&linkCode=osi&th=1&psc=1"><img src="https://m.media-amazon.com/images/I/41XOT8oQMML._SL500_.jpg" alt="Product Image"></a><p>AirClub Bassinet Bedside Sleeper, Baby Crib for Newborn, Baby Bassinets Bedside Sleeper with 4 Auto-Lock & Adjustable Height, Breathable Mesh & Mattress, Bedside Bassinet</p><p> -25% 0FF </p><p>$149.99</p><a href="https://www.amazon.com/dp/B0C7VRMHYY?tag=eloabder-20&linkCode=osi&th=1&psc=1">View Product</a></div><div class="product"><a href="https://www.amazon.com/dp/B0CB3HVPL7?tag=eloabder-20&linkCode=osi&th=1&psc=1"><img src="https://m.media-amazon.com/images/I/41AO8J-9fZL._SL500_.jpg" alt="Product Image"></a><p>Fodoss Baby Bassinets Bedside Sleeper - All Mesh Bedside Bassinet with Wheels, 7 Height Adjustable Baby Bassinet for Infants, Beige</p><p> -10% 0FF </p><p>$89.99</p><a href="https://www.amazon.com/dp/B0CB3HVPL7?tag=eloabder-20&linkCode=osi&th=1&psc=1">View Product</a></div><div class="product"><a href="https://www.amazon.com/dp/B0CXG8NVBP?tag=eloabder-20&linkCode=osi&th=1&psc=1"><img src="https://m.media-amazon.com/images/I/3173PjIYwrL._SL500_.jpg" alt="Product Image"></a><p>Graco® SmartSense™ Soothing Baby Bassinet – Smart Newborn Bassinet Detects and Automatically Responds to Baby's Cries – for Newborn Babies to 6 Months</p><p> -20% 0FF </p><p>$319.99</p><a href="https://www.amazon.com/dp/B0CXG8NVBP?tag=eloabder-20&linkCode=osi&th=1&psc=1">View Product</a></div><div class="product"><a href="https://www.amazon.com/dp/B08K3314ZL?tag=eloabder-20&linkCode=osi&th=1&psc=1"><img src="https://m.media-amazon.com/images/I/41pUDfJ9dAL._SL500_.jpg" alt="Product Image"></a><p>Graco Pack 'n Play Close2Baby Bassinet Playard Features Portable Bassinet Diaper Changer and More, Derby</p><p> -6% 0FF </p><p>$188.09</p><a href="https://www.amazon.com/dp/B08K3314ZL?tag=eloabder-20&linkCode=osi&th=1&psc=1">View Product</a></div><div class="product"><a href="https://www.amazon.com/dp/B0CTKT6641?tag=eloabder-20&linkCode=osi&th=1&psc=1"><img src="https://m.media-amazon.com/images/I/31pNKDUBgDL._SL500_.jpg" alt="Product Image"></a><p>Baby Delight Beside Me Dreamer Bassinet | Bedside Sleeper & Baby Bassinet | 6-Position Height Adjustment | 100% GOTS Certified Organic Cotton Fabric | Organic Mocha</p><p> -22% 0FF </p><p>$139.99</p><a href="https://www.amazon.com/dp/B0CTKT6641?tag=eloabder-20&linkCode=osi&th=1&psc=1">View Product</a></div><div class="product"><a href="https://www.amazon.com/dp/B09XHKL683?tag=eloabder-20&linkCode=osi&th=1&psc=1"><img src="https://m.media-amazon.com/images/I/611wEYRVaUL._SL500_.jpg" alt="Product Image"></a><p>Baby Bassinet Bedside Sleeper, besrey Bedside Bassinet for Newborn Infant with Comfy Mattress, 9 Height Positions, Adjustable Bedside Crib with 360° Swivel Wheels Bassinet for Baby with Storage Basket</p><p> -27% 0FF </p><p>$153.99</p><a href="https://www.amazon.com/dp/B09XHKL683?tag=eloabder-20&linkCode=osi&th=1&psc=1">View Product</a></div>
<div class="product"><a href="https://www.amazon.com/dp/B08CNM6DZT?tag=eloabder-20&linkCode=osi&th=1&psc=1"><img src="https://m.media-amazon.com/images/I/51D5+ArDsWL._SL500_.jpg" alt="Product Image"></a><p>Comfortable Bath Kneeler and Elbow Kneeling Rest Pad for Baby Bathing Parents - Painless Foam Mat with Toy Organizer Pockets - Quick Drying, Foldable, Non-Slip for Baby and Toddler Bathing</p><p> -20% 0FF </p><p>$41.97</p><a href="https://www.amazon.com/dp/B08CNM6DZT?tag=eloabder-20&linkCode=osi&th=1&psc=1">View Product</a></div><div class="product"><a href="https://www.amazon.com/dp/B07FK58QB1?tag=eloabder-20&linkCode=osi&th=1&psc=1"><img src="https://m.media-amazon.com/images/I/41qpzgGaHVL._SL500_.jpg" alt="Product Image"></a><p>Skip Hop Moby Bath Kneeler, Grey</p><p> -20% 0FF </p><p>$14.39</p><a href="https://www.amazon.com/dp/B07FK58QB1?tag=eloabder-20&linkCode=osi&th=1&psc=1">View Product</a></div><div class="product"><a href="https://www.amazon.com/dp/B081T5449V?tag=eloabder-20&linkCode=osi&th=1&psc=1"><img src="https://m.media-amazon.com/images/I/41bxm5Tx9BL._SL500_.jpg" alt="Product Image"></a><p>Toodly Baby Bath Kneeler and Elbow Rest Pad Set - Baby Bath Support for Knees and Elbows - Bath Kneeler Pad with Memory Foam and Bath Toys Organizer - Ideal Bath Kneeling Pad for Bathing Baby - Grey</p><p> -33% 0FF </p><p>$39.99</p><a href="https://www.amazon.com/dp/B081T5449V?tag=eloabder-20&linkCode=osi&th=1&psc=1">View Product</a></div><div class="product"><a href="https://www.amazon.com/dp/B07K1W7WN5?tag=eloabder-20&linkCode=osi&th=1&psc=1"><img src="https://m.media-amazon.com/images/I/31c0BxxJKZL._SL500_.jpg" alt="Product Image"></a><p>Skip Hop Baby Bath All-in-One Elbow Saver and Kneeler, Moby, Grey</p><p> -22% 0FF </p><p>$29.49</p><a href="https://www.amazon.com/dp/B07K1W7WN5?tag=eloabder-20&linkCode=osi&th=1&psc=1">View Product</a></div><div class="product"><a href="https://www.amazon.com/dp/B0CP48MH77?tag=eloabder-20&linkCode=osi&th=1&psc=1"><img src="https://m.media-amazon.com/images/I/41hoDZTiOEL._SL500_.jpg" alt="Product Image"></a><p>Efforest Baby Bath Kneeler and Elbow Rest Pad Set, 1.5" Thick Kneeling Pad for Baby Bath, Bathtub Kneeling pad with Toy Organizer for Knee & Arm Support, Non-Slip Mat for Baby & Toddler Bath</p><p> -50% 0FF </p><p>$17.48</p><a href="https://www.amazon.com/dp/B0CP48MH77?tag=eloabder-20&linkCode=osi&th=1&psc=1">View Product</a></div><div class="product"><a href="https://www.amazon.com/dp/B07WQTV19X?tag=eloabder-20&linkCode=osi&th=1&psc=1"><img src="https://m.media-amazon.com/images/I/41KGpUoWZ-S._SL500_.jpg" alt="Product Image"></a><p>Bath Kneeler and Elbow Rest Pad, 1.75 inch Extra Thick Baby Bath Kneeling Pad and Elbow Pad for Bathtub. Bath Tub Elbow Pad with Infant Toy and Baby Accessories Organizer, Grey</p><p> -13% 0FF </p><p>$34.99</p><a href="https://www.amazon.com/dp/B07WQTV19X?tag=eloabder-20&linkCode=osi&th=1&psc=1">View Product</a></div>
<div class="product"><a href="https://www.amazon.com/dp/B00I3K25R0?tag=eloabder-20&linkCode=osi&th=1&psc=1"><img src="https://m.media-amazon.com/images/I/41wucHZw+xL._SL500_.jpg" alt="Product Image"></a><p>Munchkin® Float & Play Bubbles™ Baby and Toddler Bath Toy, 4 Count</p><p> -35% 0FF </p><p>$6.15</p><a href="https://www.amazon.com/dp/B00I3K25R0?tag=eloabder-20&linkCode=osi&th=1&psc=1">View Product</a></div><div class="product"><a href="https://www.amazon.com/dp/B0C3VFVWYB?tag=eloabder-20&linkCode=osi&th=1&psc=1"><img src="https://m.media-amazon.com/images/I/41Cr35zwy4L._SL500_.jpg" alt="Product Image"></a><p>XY-WQ Bath Toys No Hole, for Infants 6-12& Toddlers 1-3, No Hole Bathtub Toys (Animal Ⅱ, 8 Pcs with Mesh Bag)</p><p> -25% 0FF </p><p>$11.99</p><a href="https://www.amazon.com/dp/B0C3VFVWYB?tag=eloabder-20&linkCode=osi&th=1&psc=1">View Product</a></div><div class="product"><a href="https://www.amazon.com/dp/B0D95ZDWD3?tag=eloabder-20&linkCode=osi&th=1&psc=1"><img src="https://m.media-amazon.com/images/I/51J3Myxu1lL._SL500_.jpg" alt="Product Image"></a><p>candyfouse Baby Whale Bath Toys,Whale Bath Toy Sprinkler, Light Up Bath Toys for Toddlers 1-3, Four Water Spray Patterns, Waterproof Design, Bathtub Fountain Spray Toy, Baby Birthday Shower Gifts</p><p> -40% 0FF </p><p>$5.99</p><a href="https://www.amazon.com/dp/B0D95ZDWD3?tag=eloabder-20&linkCode=osi&th=1&psc=1">View Product</a></div><div class="product"><a href="https://www.amazon.com/dp/B07Z22YMPN?tag=eloabder-20&linkCode=osi&th=1&psc=1"><img src="https://m.media-amazon.com/images/I/5101dLkJnoL._SL500_.jpg" alt="Product Image"></a><p>Toy Boat Bath Toys for Toddlers with 4 Mini Car Toys and 4 Bath Boat Squirters, Kids Ferry Boat for Bathtub Bathroom Pool Beach Toys</p><p> -50% 0FF </p><p>$13.47</p><a href="https://www.amazon.com/dp/B07Z22YMPN?tag=eloabder-20&linkCode=osi&th=1&psc=1">View Product</a></div><div class="product"><a href="https://www.amazon.com/dp/B0C72TGNHL?tag=eloabder-20&linkCode=osi&th=1&psc=1"><img src="https://m.media-amazon.com/images/I/51AOyTHwqrL._SL500_.jpg" alt="Product Image"></a><p>SplashEZ Mold Free Bath Toys for Babies & Toddlers, Car No Hole Bath Toys, Non Squirting Bath Toys No Mold for Tub, Beach, Pool, BPA-Free, Safe, Fun Infant Baby Bath Toys No Holes 0 1 3 6 12 18 Months</p><p> -38% 0FF </p><p>$9.99</p><a href="https://www.amazon.com/dp/B0C72TGNHL?tag=eloabder-20&linkCode=osi&th=1&psc=1">View Product</a></div>
<div class="product"><a href="https://www.amazon.com/dp/B078941ZC8?tag=eloabder-20&linkCode=osi&th=1&psc=1"><img src="https://m.media-amazon.com/images/I/31ltY+yutGL._SL500_.jpg" alt="Product Image"></a><p>Summer by Ingenuity My Bath Seat for Sit-Up Baby Bathing, Sure & Secure Suction Cups, ASTM Safety Tested & Approved, Backrest for Assisted Sitting, Easy Setup & Storage, Aqua</p><p> -34% 0FF </p><p>$23.16</p><a href="https://www.amazon.com/dp/B078941ZC8?tag=eloabder-20&linkCode=osi&th=1&psc=1">View Product</a></div><div class="product"><a href="https://www.amazon.com/dp/B0DCZ4F9MT?tag=eloabder-20&linkCode=osi&th=1&psc=1"><img src="https://m.media-amazon.com/images/I/31BF+egPyoL._SL500_.jpg" alt="Product Image"></a><p>Baby Bath Seat for Babies 6 Months & Up, Bath Seats for Babies Sitting Up, 3 Baby Bath Toys, Open Design, Non-Slip, Compact Toddler Bath Seat.</p><p> -6% 0FF </p><p>$39.99</p><a href="https://www.amazon.com/dp/B0DCZ4F9MT?tag=eloabder-20&linkCode=osi&th=1&psc=1">View Product</a></div><div class="product"><a href="https://www.amazon.com/dp/B0CSCYM2NW?tag=eloabder-20&linkCode=osi&th=1&psc=1"><img src="https://m.media-amazon.com/images/I/31Vbrx5q63L._SL500_.jpg" alt="Product Image"></a><p>Trankerloop Baby Bath Seat, Bath Seat for Baby 6 Month & up, Baby Bath tub Seat with Suction Cups, Non-Slip, Detachable, Pink</p><p> -11% 0FF </p><p>$39.99</p><a href="https://www.amazon.com/dp/B0CSCYM2NW?tag=eloabder-20&linkCode=osi&th=1&psc=1">View Product</a></div><div class="product"><a href="https://www.amazon.com/dp/B0CJF7WSCV?tag=eloabder-20&linkCode=osi&th=1&psc=1"><img src="https://m.media-amazon.com/images/I/41r0TqNTb+L._SL500_.jpg" alt="Product Image"></a><p>BKFEDLU Infant Bath Seat with Thermometer, Suction Cups, Toys - Toddler Bath Chair for Babies 6 Months & Up</p><p> -50% 0FF </p><p>$19.99</p><a href="https://www.amazon.com/dp/B0CJF7WSCV?tag=eloabder-20&linkCode=osi&th=1&psc=1">View Product</a></div><div class="product"><a href="https://www.amazon.com/dp/B0CRYFHT1G?tag=eloabder-20&linkCode=osi&th=1&psc=1"><img src="https://m.media-amazon.com/images/I/41nKT+O2y1L._SL500_.jpg" alt="Product Image"></a><p>Baby Bath Seat LDIIDII Baby Bathtub Seat Infant Bath Seat for Babies 6 Months&Up Sit Up Bathing in Tub,Toddler Bath Seat with Water Thermometer/4 Strong Suction Cup/3 Bath Toys/Shower Cap (Grey)</p><p> -50% 0FF </p><p>$19.99</p><a href="https://www.amazon.com/dp/B0CRYFHT1G?tag=eloabder-20&linkCode=osi&th=1&psc=1">View Product</a></div><div class="product"><a href="https://www.amazon.com/dp/B0D9VMXND1?tag=eloabder-20&linkCode=osi&th=1&psc=1"><img src="https://m.media-amazon.com/images/I/41UIJrNYB2L._SL500_.jpg" alt="Product Image"></a><p>Baby Bath Seat for Babies 6 Months & Up, Non-Slip Toddler Bath Seat for Baby Sitting Up, Safe Baby Bath tub Seat with Suction Cups, Soft Cushion, Baby Bath Chair, Gray</p><p> -13% 0FF </p><p>$39.99</p><a href="https://www.amazon.com/dp/B0D9VMXND1?tag=eloabder-20&linkCode=osi&th=1&psc=1">View Product</a></div><div class="product"><a href="https://www.amazon.com/dp/B0CR78TDQS?tag=eloabder-20&linkCode=osi&th=1&psc=1"><img src="https://m.media-amazon.com/images/I/41nFTXKoQGL._SL500_.jpg" alt="Product Image"></a><p>Wddbb Baby Bath Seat, Bath seat for Babies 6 Months & up, with Thermometer Bath Seats for Babies Sitting up, Non-Slip Toddler Bath Seat for Baby,Baby Bathtub Baby Bath Seats 6-24 Months (Gray)</p><p> -50% 0FF </p><p>$19.98</p><a href="https://www.amazon.com/dp/B0CR78TDQS?tag=eloabder-20&linkCode=osi&th=1&psc=1">View Product</a></div>
<div class="product"><a href="https://www.amazon.com/dp/B073GGVN3Q?tag=eloabder-20&linkCode=osi&th=1&psc=1"><img src="https://m.media-amazon.com/images/I/31vxBAs9CqL._SL500_.jpg" alt="Product Image"></a><p>b&h Baby Thermometer, The Infant Baby Bath Floating Toy Safety Temperature Water Thermometer (Classic Duck)</p><p> -6% 0FF </p><p>$15.99</p><a href="https://www.amazon.com/dp/B073GGVN3Q?tag=eloabder-20&linkCode=osi&th=1&psc=1">View Product</a></div><div class="product"><a href="https://www.amazon.com/dp/B0CBVTGRW2?tag=eloabder-20&linkCode=osi&th=1&psc=1"><img src="https://m.media-amazon.com/images/I/415ogBhdwML._SL500_.jpg" alt="Product Image"></a><p>Nuby Bath and Room Digital Thermometer - Baby Thermometer for Safe and Cozy Bath and Room Temperatures - Penguin</p><p> -20% 0FF </p><p>$11.99</p><a href="https://www.amazon.com/dp/B0CBVTGRW2?tag=eloabder-20&linkCode=osi&th=1&psc=1">View Product</a></div><div class="product"><a href="https://www.amazon.com/dp/B08HWBT9YD?tag=eloabder-20&linkCode=osi&th=1&psc=1"><img src="https://m.media-amazon.com/images/I/31SEPnY30NL._SL500_.jpg" alt="Product Image"></a><p>Doli Yearning Upgrade Baby Bath Thermometer Room Temperature| Water Thermometer|Kids' Bathroom Safety Products| Baby Bath(Seal Shape)℃/℉, LCD</p><p> -28% 0FF </p><p>$12.99</p><a href="https://www.amazon.com/dp/B08HWBT9YD?tag=eloabder-20&linkCode=osi&th=1&psc=1">View Product</a></div><div class="product"><a href="https://www.amazon.com/dp/B0CNCVSKWJ?tag=eloabder-20&linkCode=osi&th=1&psc=1"><img src="https://m.media-amazon.com/images/I/413jcI7ZoZL._SL500_.jpg" alt="Product Image"></a><p>Baby Bath Thermometer, Digital Water Temperature Thermometer with 3 Color Backlit and Temperature Warning, Safety Bath Tube Thermometer Floating Toy for Infant, Toddler</p><p> -7% 0FF </p><p>$12.99</p><a href="https://www.amazon.com/dp/B0CNCVSKWJ?tag=eloabder-20&linkCode=osi&th=1&psc=1">View Product</a></div><div class="product"><a href="https://www.amazon.com/dp/B01MY98912?tag=eloabder-20&linkCode=osi&th=1&psc=1"><img src="https://m.media-amazon.com/images/I/41HQEQLxeCL._SL500_.jpg" alt="Product Image"></a><p>Bath Thermometer - Bath Water Thermometer for Bathtub Baby Safety Water Temperature for Baby Bath - Easy to Use Bath Temperature Thermometer</p><p> -12% 0FF </p><p>$5.25</p><a href="https://www.amazon.com/dp/B01MY98912?tag=eloabder-20&linkCode=osi&th=1&psc=1">View Product</a></div><div class="product"><a href="https://www.amazon.com/dp/B0CYLVX1ZJ?tag=eloabder-20&linkCode=osi&th=1&psc=1"><img src="https://m.media-amazon.com/images/I/41xhSGYiopL._SL500_.jpg" alt="Product Image"></a><p>Pircaath Baby Bath Thermometer & Swimming Turtle Floating Bath Toys, BPA-Free Bath Thermometer Baby Safety, Backlit Display Bathtub Thermometer Baby Water Thermometer, Bath Temperature Toy for Infant</p><p> -17% 0FF </p><p>$9.99</p><a href="https://www.amazon.com/dp/B0CYLVX1ZJ?tag=eloabder-20&linkCode=osi&th=1&psc=1">View Product</a></div><div class="product"><a href="https://www.amazon.com/dp/B07GC7H86T?tag=eloabder-20&linkCode=osi&th=1&psc=1"><img src="https://m.media-amazon.com/images/I/414jIzev-VL._SL500_.jpg" alt="Product Image"></a><p>Baby Bath Thermometer with Room Thermometer - Famidoc FDTH-V0-22 New Upgraded Sensor Technology for Baby Health Bath Tub Thermometer Floating Toy Thermometer (Blue)</p><p> -12% 0FF </p><p>$14.99</p><a href="https://www.amazon.com/dp/B07GC7H86T?tag=eloabder-20&linkCode=osi&th=1&psc=1">View Product</a></div>
<div class="product"><a href="https://www.amazon.com/dp/B00G0KPLZI?tag=eloabder-20&linkCode=osi&th=1&psc=1"><img src="https://m.media-amazon.com/images/I/41X53ExW5-S._SL500_.jpg" alt="Product Image"></a><p>Spasilk Hooded Terry Bathrobe with Booties, Blue Plane, One Size</p><p> -14% 0FF </p><p>$11.99</p><a href="https://www.amazon.com/dp/B00G0KPLZI?tag=eloabder-20&linkCode=osi&th=1&psc=1">View Product</a></div><div class="product"><a href="https://www.amazon.com/dp/B09N7BB9Y6?tag=eloabder-20&linkCode=osi&th=1&psc=1"><img src="https://m.media-amazon.com/images/I/41iGc7gTxlL._SL500_.jpg" alt="Product Image"></a><p>ROMASA Baby Bath Towel Ultra Soft Hooded Towel Highly Absorbent Bathrobe Blanket Toddlers Shower Gifts for Boys Girls- 27.5" x 55" (Yellow)</p><p> -20% 0FF </p><p>$14.39 ($1.27 / Ounce)</p><a href="https://www.amazon.com/dp/B09N7BB9Y6?tag=eloabder-20&linkCode=osi&th=1&psc=1">View Product</a></div>
<div class="product"><a href="https://www.amazon.com/dp/B0C9Q8MXWW?tag=eloabder-20&linkCode=osi&th=1&psc=1"><img src="https://m.media-amazon.com/images/I/31aI3dosJJL._SL500_.jpg" alt="Product Image"></a><p>Baby Bathtub Faucet Cover, Bath Faucet Cover for Kids, Baby Bath Spout Cover, Soft Silicone Bathtub Faucet Safety Toys, Cute Whale, Universal Fit, Make Your Baby's Bath Time Fun and Love It</p><p> -46% 0FF </p><p>$6.99</p><a href="https://www.amazon.com/dp/B0C9Q8MXWW?tag=eloabder-20&linkCode=osi&th=1&psc=1">View Product</a></div><div class="product"><a href="https://www.amazon.com/dp/B07D98DLDV?tag=eloabder-20&linkCode=osi&th=1&psc=1"><img src="https://m.media-amazon.com/images/I/21f3AzvkYLL._SL500_.jpg" alt="Product Image"></a><p>Skip Hop Baby Bath Spout Cover, Universal Fit, Moby, Grey</p><p> -7% 0FF </p><p>$12.99</p><a href="https://www.amazon.com/dp/B07D98DLDV?tag=eloabder-20&linkCode=osi&th=1&psc=1">View Product</a></div><div class="product"><a href="https://www.amazon.com/dp/B0CSYJQ9D6?tag=eloabder-20&linkCode=osi&th=1&psc=1"><img src="https://m.media-amazon.com/images/I/314iWaEh9xL._SL500_.jpg" alt="Product Image"></a><p>Baby Bathtub Faucet Cover, Baby Safety Protection Silicone Toys, Bath Spout Cover Baby Bathtub, Faucet Cover Baby Bathtub Silicone Whale for Kids, Toddler, Infant, Grey Whale</p><p> -20% 0FF </p><p>$7.99</p><a href="https://www.amazon.com/dp/B0CSYJQ9D6?tag=eloabder-20&linkCode=osi&th=1&psc=1">View Product</a></div>
<div class="product"><a href="https://www.amazon.com/dp/B0070WGV9K?tag=eloabder-20&linkCode=osi&th=1&psc=1"><img src="https://m.media-amazon.com/images/I/41pqg6p2q0L._SL500_.jpg" alt="Product Image"></a><p>Regalo Swing Down Bed Rail Guard, with Reinforced Anchor Safety System</p><p> -8% 0FF </p><p>$23.99</p><a href="https://www.amazon.com/dp/B0070WGV9K?tag=eloabder-20&linkCode=osi&th=1&psc=1">View Product</a></div><div class="product"><a href="https://www.amazon.com/dp/B0CWS2NZ3K?tag=eloabder-20&linkCode=osi&th=1&psc=1"><img src="https://m.media-amazon.com/images/I/41OVQSq+N9L._SL500_.jpg" alt="Product Image"></a><p>NUTIKAS Baby Bed Rail Guard for Toddlers - 47" Toddler Bed Side Rails for Twin, Full, Queen Bunk Size Bed Swing Down Bedrail Extral Tall Child Safety Side Railing Guards for Kids</p><p> -27% 0FF </p><p>$35.98</p><a href="https://www.amazon.com/dp/B0CWS2NZ3K?tag=eloabder-20&linkCode=osi&th=1&psc=1">View Product</a></div><div class="product"><a href="https://www.amazon.com/dp/B00MTJWT68?tag=eloabder-20&linkCode=osi&th=1&psc=1"><img src="https://m.media-amazon.com/images/I/21FdaFkL+tL._SL500_.jpg" alt="Product Image"></a><p>Dream On Me Lightweight Mesh Security Adjustable Bed Rail for Toddler, Breathable Mesh Fabric, Suitable for All Types Of Beds, Reinforced Anchor System Bed Guard Rail, White</p><p> -50% 0FF </p><p>$19.98</p><a href="https://www.amazon.com/dp/B00MTJWT68?tag=eloabder-20&linkCode=osi&th=1&psc=1">View Product</a></div><div class="product"><a href="https://www.amazon.com/dp/B07JJP7S3Q?tag=eloabder-20&linkCode=osi&th=1&psc=1"><img src="https://m.media-amazon.com/images/I/41Rn7Sf-wLL._SL500_.jpg" alt="Product Image"></a><p>BANBALOO | Bed Bumper for Toddlers 53" | Bed Rails for Queen, King, Twin, Full-Size Bed | Toddler Bed Bumper | Bumpers for Bed | Bed Rail for Toddlers | Bed Barrier for Toddler | Foam Bumper</p><p> -23% 0FF </p><p>$26.99</p><a href="https://www.amazon.com/dp/B07JJP7S3Q?tag=eloabder-20&linkCode=osi&th=1&psc=1">View Product</a></div>
<div class="product"><a href="https://www.amazon.com/dp/B07SPT3D3J?tag=eloabder-20&linkCode=osi&th=1&psc=1"><img src="https://m.media-amazon.com/images/I/517zG-7ToEL._SL500_.jpg" alt="Product Image"></a><p>Teddy Soft Baby Book Activity Quiet Cloth Books Developmental Toys,Interactive Baby Books for Babies Toddlers Infants kids,Baby Boy Girls Machine Washable Toys Fabric Soft Book Goodnight Gift Box</p><p> -5% 0FF </p><p>$17.95</p><a href="https://www.amazon.com/dp/B07SPT3D3J?tag=eloabder-20&linkCode=osi&th=1&psc=1">View Product</a></div>
<div class="product"><a href="https://www.amazon.com/dp/B00JFTFPHK?tag=eloabder-20&linkCode=osi&th=1&psc=1"><img src="https://m.media-amazon.com/images/I/51O+qRW-KEL._SL500_.jpg" alt="Product Image"></a><p>25pcs 1" Pacifier Suspender Clips, Marrywindix Pacifier Clips for Making Pacifier Holders Bib Clips Toy Holder Silver</p><p> -33% 0FF </p><p>$5.99</p><a href="https://www.amazon.com/dp/B00JFTFPHK?tag=eloabder-20&linkCode=osi&th=1&psc=1">View Product</a></div><div class="product"><a href="https://www.amazon.com/dp/B00W94QLX0?tag=eloabder-20&linkCode=osi&th=1&psc=1"><img src="https://m.media-amazon.com/images/I/51O+qRW-KEL._SL500_.jpg" alt="Product Image"></a><p>50pcs 1" Pacifier Suspender Clips, Marrywindix Pacifier Clips for Making Pacifier Holders Bib Clips Toy Holder Silver</p><p> -40% 0FF </p><p>$8.99</p><a href="https://www.amazon.com/dp/B00W94QLX0?tag=eloabder-20&linkCode=osi&th=1&psc=1">View Product</a></div>
<div class="product"><a href="https://www.amazon.com/dp/B08G4SDDQC?tag=eloabder-20&linkCode=osi&th=1&psc=1"><img src="https://m.media-amazon.com/images/I/41HQSFX14bL._SL500_.jpg" alt="Product Image"></a><p>8-Pack Organic Baby Bandana Drool Bibs for Girls - Super Absorbent Baby Bibs for Baby Girls, Baby Boys, Soft Cotton Bandana Bibs, Baby Drool Bib, Teething Bibs for Infant, Toddler(Muted Pastel)</p><p> -26% 0FF </p><p>$16.96</p><a href="https://www.amazon.com/dp/B08G4SDDQC?tag=eloabder-20&linkCode=osi&th=1&psc=1">View Product</a></div>
<div class="product"><a href="https://www.amazon.com/dp/B08NNDN5GF?tag=eloabder-20&linkCode=osi&th=1&psc=1"><img src="https://m.media-amazon.com/images/I/41ocef4uVmL._SL500_.jpg" alt="Product Image"></a><p>Hudson Baby Unisex Baby Plush Sleeping Bag, Sack, Blanket, Gray Clouds, 18-24 Months</p><p> -37% 0FF </p><p>$10.08</p><a href="https://www.amazon.com/dp/B08NNDN5GF?tag=eloabder-20&linkCode=osi&th=1&psc=1">View Product</a></div><div class="product"><a href="https://www.amazon.com/dp/B0CQMHYCMX?tag=eloabder-20&linkCode=osi&th=1&psc=1"><img src="https://m.media-amazon.com/images/I/41vq0RvJ3yL._SL500_.jpg" alt="Product Image"></a><p>Gerber Baby Girls Flame Resistant Fleece Footed Pajamas 2-Pack, Purple Rainbows</p><p> -6% 0FF </p><p>$16.98</p><a href="https://www.amazon.com/dp/B0CQMHYCMX?tag=eloabder-20&linkCode=osi&th=1&psc=1">View Product</a></div>
<div class="product"><a href="https://www.amazon.com/dp/B0BDRKG478?tag=eloabder-20&linkCode=osi&th=1&psc=1"><img src="https://m.media-amazon.com/images/I/31LBn9SzD9L._SL500_.jpg" alt="Product Image"></a><p>Graco TurboBooster 2.0 Backless Booster Car Seat, Denton</p><p> -29% 0FF </p><p>$20.49</p><a href="https://www.amazon.com/dp/B0BDRKG478?tag=eloabder-20&linkCode=osi&th=1&psc=1">View Product</a></div><div class="product"><a href="https://www.amazon.com/dp/B07C2RNRCJ?tag=eloabder-20&linkCode=osi&th=1&psc=1"><img src="https://m.media-amazon.com/images/I/31CuULOPD4L._SL500_.jpg" alt="Product Image"></a><p>Graco Tranzitions 3 in 1 Harness Booster Seat</p><p> -21% 0FF </p><p>$94.49</p><a href="https://www.amazon.com/dp/B07C2RNRCJ?tag=eloabder-20&linkCode=osi&th=1&psc=1">View Product</a></div>
<div class="product"><a href="https://www.amazon.com/dp/B09H6Y14KH?tag=eloabder-20&linkCode=osi&th=1&psc=1"><img src="https://m.media-amazon.com/images/I/410cJD5cOBL._SL500_.jpg" alt="Product Image"></a><p>Mancro Breastmilk Cooler Bag with Ice Pack, Fits 6 Baby Bottles Up to 9 Ounce Insulated Bottle Bag, Breast Milk on The go Strap, for Nursing Mom Daycare, Black</p><p> -6% 0FF </p><p>$16.99</p><a href="https://www.amazon.com/dp/B09H6Y14KH?tag=eloabder-20&linkCode=osi&th=1&psc=1">View Product</a></div>
<div class="product"><a href="https://www.amazon.com/dp/B006SFUCV8?tag=eloabder-20&linkCode=osi&th=1&psc=1"><img src="https://m.media-amazon.com/images/I/31Uu2+3+7RL._SL500_.jpg" alt="Product Image"></a><p>Munchkin® High Capacity Drying Rack for Baby Bottles and Accessories, White</p><p> -6% 0FF </p><p>$13.75</p><a href="https://www.amazon.com/dp/B006SFUCV8?tag=eloabder-20&linkCode=osi&th=1&psc=1">View Product</a></div><div class="product"><a href="https://www.amazon.com/dp/B0CHJS27KB?tag=eloabder-20&linkCode=osi&th=1&psc=1"><img src="https://m.media-amazon.com/images/I/51CDxHsKEAL._SL500_.jpg" alt="Product Image"></a><p>Termichy Baby Bottle Drying Rack: Large Vertical Bottle Dryer Rack Holder - Space Saving Standing Drying Rack for Baby Bottles and Pump Part Cleaning (Gray)</p><p> -7% 0FF </p><p>$26.99</p><a href="https://www.amazon.com/dp/B0CHJS27KB?tag=eloabder-20&linkCode=osi&th=1&psc=1">View Product</a></div><div class="product"><a href="https://www.amazon.com/dp/B00RQ83N76?tag=eloabder-20&linkCode=osi&th=1&psc=1"><img src="https://m.media-amazon.com/images/I/31bE-Iv6B6L._SL500_.jpg" alt="Product Image"></a><p>Munchkin Fold Baby Bottle Drying Rack - Compact Design Folds Flat for Easy Storage, White/Grey</p><p> -8% 0FF </p><p>$7.76</p><a href="https://www.amazon.com/dp/B00RQ83N76?tag=eloabder-20&linkCode=osi&th=1&psc=1">View Product</a></div><div class="product"><a href="https://www.amazon.com/dp/B00HNVWGNS?tag=eloabder-20&linkCode=osi&th=1&psc=1"><img src="https://m.media-amazon.com/images/I/41oD0n0VKWL._SL500_.jpg" alt="Product Image"></a><p>Dr. Brown's Folding Baby Bottle Drying Rack for Easy Storage, Dry Nipples, Pacifiers and Other Baby Essentials, BPA-free</p><p> -34% 0FF </p><p>$11.89</p><a href="https://www.amazon.com/dp/B00HNVWGNS?tag=eloabder-20&linkCode=osi&th=1&psc=1">View Product</a></div><div class="product"><a href="https://www.amazon.com/dp/B0CMRV5CPZ?tag=eloabder-20&linkCode=osi&th=1&psc=1"><img src="https://m.media-amazon.com/images/I/41XhN13vG4L._SL500_.jpg" alt="Product Image"></a><p>Dr. Brown's Drying Tower, Stand-Up Drying Rack, Countertop Baby Bottle Drying with Organized Storage for Baby Essentials, Space Saving Vertical Rack</p><p> -32% 0FF </p><p>$19.98</p><a href="https://www.amazon.com/dp/B0CMRV5CPZ?tag=eloabder-20&linkCode=osi&th=1&psc=1">View Product</a></div>
<div class="product"><a href="https://www.amazon.com/dp/B0876T9DQZ?tag=eloabder-20&linkCode=osi&th=1&psc=1"><img src="https://m.media-amazon.com/images/I/41EvYRi2WLL._SL500_.jpg" alt="Product Image"></a><p>Philips Avent Premium Fast Bottle Warmer, with Smart Temperature Control, Water Bath Technology, Automatic Shut-Off, Model SCF358</p><p> -20% 0FF </p><p>$39.99</p><a href="https://www.amazon.com/dp/B0876T9DQZ?tag=eloabder-20&linkCode=osi&th=1&psc=1">View Product</a></div><div class="product"><a href="https://www.amazon.com/dp/B0D2X9276K?tag=eloabder-20&linkCode=osi&th=1&psc=1"><img src="https://m.media-amazon.com/images/I/31kRB6a3EoL._SL500_.jpg" alt="Product Image"></a><p>WITGER 8-in-1 Baby Bottle Warmer and Sterilizer - Fast Heating, Accurate Temperature Control, BPA-Free, Defrosting, Food Heating, and Constant Temperature Maintenance.</p><p> -14% 0FF </p><p>$29.99</p><a href="https://www.amazon.com/dp/B0D2X9276K?tag=eloabder-20&linkCode=osi&th=1&psc=1">View Product</a></div><div class="product"><a href="https://www.amazon.com/dp/B09XJBQWQZ?tag=eloabder-20&linkCode=osi&th=1&psc=1"><img src="https://m.media-amazon.com/images/I/41rEmiL1MDL._SL500_.jpg" alt="Product Image"></a><p>Dr. Brown’s™ Insta-Feed™ Bottle Warmer and Sterilizer</p><p> -14% 0FF </p><p>$24.99</p><a href="https://www.amazon.com/dp/B09XJBQWQZ?tag=eloabder-20&linkCode=osi&th=1&psc=1">View Product</a></div><div class="product"><a href="https://www.amazon.com/dp/B0B97M3PX2?tag=eloabder-20&linkCode=osi&th=1&psc=1"><img src="https://m.media-amazon.com/images/I/31D1jFeOavL._SL500_.jpg" alt="Product Image"></a><p>Momcozy Bottle Warmer, Fast Bottle Warmers for All Bottles with Timer, Accurate Temperature Control and Automatic Shut-Off, Multifunctional Bottle Warmer for Breastmilk</p><p> -43% 0FF </p><p>$33.99</p><a href="https://www.amazon.com/dp/B0B97M3PX2?tag=eloabder-20&linkCode=osi&th=1&psc=1">View Product</a></div><div class="product"><a href="https://www.amazon.com/dp/B07YJKWTYW?tag=eloabder-20&linkCode=osi&th=1&psc=1"><img src="https://m.media-amazon.com/images/I/31Rfvw7DMyL._SL500_.jpg" alt="Product Image"></a><p>Bottle Warmer, GROWNSY 8-in-1 Fast Baby Milk Warmer with Timer for Breastmilk or Formula, Accurate Temperature Control, with Defrost, Sterili-zing, Keep, Heat Baby Food Jars Function</p><p> -20% 0FF </p><p>$39.99</p><a href="https://www.amazon.com/dp/B07YJKWTYW?tag=eloabder-20&linkCode=osi&th=1&psc=1">View Product</a></div><div class="product"><a href="https://www.amazon.com/dp/B0BY26RDWQ?tag=eloabder-20&linkCode=osi&th=1&psc=1"><img src="https://m.media-amazon.com/images/I/412nEaDc-cL._SL500_.jpg" alt="Product Image"></a><p>Momcozy Nutri Bottle Warmer, 9-in-1 Baby Bottle Warmer with Night Light, Accurate Temperature to Preserve Fullest Nutrients in Breast Milk, Bottle Warmers for All Bottles with Breastmilk or Formula</p><p> -20% 0FF </p><p>$39.99</p><a href="https://www.amazon.com/dp/B0BY26RDWQ?tag=eloabder-20&linkCode=osi&th=1&psc=1">View Product</a></div><div class="product"><a href="https://www.amazon.com/dp/B00005BXKM?tag=eloabder-20&linkCode=osi&th=1&psc=1"><img src="https://m.media-amazon.com/images/I/31nh2NZoUTL._SL500_.jpg" alt="Product Image"></a><p>The First Years Baby Bottle Warmer and Sterilizer - Pacifier and Bottle Nipple Sanitizer - Feeding Baby Essentials for Formula or Breast Milk - Holds Multiple Sizes</p><p> -10% 0FF </p><p>$19.75</p><a href="https://www.amazon.com/dp/B00005BXKM?tag=eloabder-20&linkCode=osi&th=1&psc=1">View Product</a></div>
<div class="product"><a href="https://www.amazon.com/dp/B0C7FL2XSL?tag=eloabder-20&linkCode=osi&th=1&psc=1"><img src="https://m.media-amazon.com/images/I/3195BfbxF2L._SL500_.jpg" alt="Product Image"></a><p>Motif Medical, Milk Storage Bags, 6 oz Milk Freezer Bag with Easy Pour Spout, BPA Free, Write-On Label - 100 Count</p><p> -20% 0FF </p><p>$15.99</p><a href="https://www.amazon.com/dp/B0C7FL2XSL?tag=eloabder-20&linkCode=osi&th=1&psc=1">View Product</a></div>
<div class="product"><a href="https://www.amazon.com/dp/B08H9QJVNZ?tag=eloabder-20&linkCode=osi&th=1&psc=1"><img src="https://m.media-amazon.com/images/I/31XZwvFZhIL._SL500_.jpg" alt="Product Image"></a><p>Medela Manual breast pump with Flex Shields Harmony Single Hand for More Comfort and Expressing More Milk</p><p> -34% 0FF </p><p>$28.72</p><a href="https://www.amazon.com/dp/B08H9QJVNZ?tag=eloabder-20&linkCode=osi&th=1&psc=1">View Product</a></div><div class="product"><a href="https://www.amazon.com/dp/B0BXH3XF7X?tag=eloabder-20&linkCode=osi&th=1&psc=1"><img src="https://m.media-amazon.com/images/I/41GBdp47u+L._SL500_.jpg" alt="Product Image"></a><p>Momcozy Hands Free Breast Pump S9 Pro Updated, Wearable Breast Pump of Longer Battery Life & LED Display, Double Portable Electric Breast Pump with 2 Modes & 9 Levels - 24mm, 2 Pack Gray</p><p> -31% 0FF </p><p>$95.98</p><a href="https://www.amazon.com/dp/B0BXH3XF7X?tag=eloabder-20&linkCode=osi&th=1&psc=1">View Product</a></div><div class="product"><a href="https://www.amazon.com/dp/B0CNGJMQDD?tag=eloabder-20&linkCode=osi&th=1&psc=1"><img src="https://m.media-amazon.com/images/I/41XS8v-5dyL._SL500_.jpg" alt="Product Image"></a><p>Momcozy Breast Pump Hands Free M5, Wearable Breast Pump of Baby Mouth Double-Sealed Flange with 3 Modes & 9 Levels, Electric Breast Pump Portable - 24mm, 2 Pack Cozy Red</p><p> -23% 0FF </p><p>$199.99 ($100.00 / Count)</p><a href="https://www.amazon.com/dp/B0CNGJMQDD?tag=eloabder-20&linkCode=osi&th=1&psc=1">View Product</a></div><div class="product"><a href="https://www.amazon.com/dp/B0DK9VJCRK?tag=eloabder-20&linkCode=osi&th=1&psc=1"><img src="https://m.media-amazon.com/images/I/41RyWq3DsfL._SL500_.jpg" alt="Product Image"></a><p>Hands Free Breast Pump Wearable MY-375 - Strong Suction, Low Noise, Wearable Breastfeeding Pump with 4 Mode &12 Levels, Portable Electric Breast Pump - 19/21/24mm Insert/Flange, 2 Pack (White)</p><p> -33% 0FF </p><p>$99.99 ($50.00 / Count)</p><a href="https://www.amazon.com/dp/B0DK9VJCRK?tag=eloabder-20&linkCode=osi&th=1&psc=1">View Product</a></div>
<div class="product"><a href="https://www.amazon.com/dp/B0BTZTSMM7?tag=eloabder-20&linkCode=osi&th=1&psc=1"><img src="https://m.media-amazon.com/images/I/41E+gI3y2mL._SL500_.jpg" alt="Product Image"></a><p>Konssy Muslin Nursing Cover for Baby Breastfeeding, Breathable 100% Cotton Breastfeeding Cover with Rigid Hoop for Mother Nursing Apron, Multi-use Carseat Canopy (Summer Wheat)</p><p> -25% 0FF </p><p>$14.99</p><a href="https://www.amazon.com/dp/B0BTZTSMM7?tag=eloabder-20&linkCode=osi&th=1&psc=1">View Product</a></div><div class="product"><a href="https://www.amazon.com/dp/B0CRY93RSV?tag=eloabder-20&linkCode=osi&th=1&psc=1"><img src="https://m.media-amazon.com/images/I/31GF3tvRWjL._SL500_.jpg" alt="Product Image"></a><p>Konssy Knit Nursing Cover for Breastfeeding, 360 Full Privacy Breathable Breastfeeding Cover, Multi-use Carseat Canopy(Beige)</p><p> -25% 0FF </p><p>$14.99</p><a href="https://www.amazon.com/dp/B0CRY93RSV?tag=eloabder-20&linkCode=osi&th=1&psc=1">View Product</a></div><div class="product"><a href="https://www.amazon.com/dp/B0CYM1Y178?tag=eloabder-20&linkCode=osi&th=1&psc=1"><img src="https://m.media-amazon.com/images/I/41BlDYTW3hL._SL500_.jpg" alt="Product Image"></a><p>Comfy Cubs Nursing Cover for Baby Breastfeeding - 100% Muslin Cotton, Soft & Breathable Cotton, Breastfeeding Pumping Cover for Mom, with Rigid Hoop - Privacy Unisex Lightweight Wrap (Pacific Blue)</p><p> -48% 0FF </p><p>$12.99</p><a href="https://www.amazon.com/dp/B0CYM1Y178?tag=eloabder-20&linkCode=osi&th=1&psc=1">View Product</a></div><div class="product"><a href="https://www.amazon.com/dp/B074M6FRND?tag=eloabder-20&linkCode=osi&th=1&psc=1"><img src="https://m.media-amazon.com/images/I/51odoDcAZ9L._SL500_.jpg" alt="Product Image"></a><p>Baby Nursing Cover & Nursing Poncho - Multi Use Cover for Baby Car Seat Canopy, Shopping Cart Cover, Stroller Cover, 360° Full Privacy Breastfeeding Coverage, Baby Shower Gifts for Boy&Girl</p><p> -30% 0FF </p><p>$13.95</p><a href="https://www.amazon.com/dp/B074M6FRND?tag=eloabder-20&linkCode=osi&th=1&psc=1">View Product</a></div><div class="product"><a href="https://www.amazon.com/dp/B0CB15QFNL?tag=eloabder-20&linkCode=osi&th=1&psc=1"><img src="https://m.media-amazon.com/images/I/31GyAL5zSlL._SL500_.jpg" alt="Product Image"></a><p>Breathable Car Seat Cover for Babies – Multi-Purpose Soft Rayon Nursing Cover for Breastfeeding, High Stretchy Infant Carseat Canopy, Stroller Cover (Smooth Rayon, Blush)</p><p> -20% 0FF </p><p>$7.99</p><a href="https://www.amazon.com/dp/B0CB15QFNL?tag=eloabder-20&linkCode=osi&th=1&psc=1">View Product</a></div>
<div class="product"><a href="https://www.amazon.com/dp/B00PC3K7OE?tag=eloabder-20&linkCode=osi&th=1&psc=1"><img src="https://m.media-amazon.com/images/I/41Ysisnr8oL._SL500_.jpg" alt="Product Image"></a><p>My Brest Friend Nursing Pillow - Deluxe - Enhanced Comfort w/ Slipcover - Ergonomic Breastfeeding Pillow For Ultimate Support For Mom & Baby - Adjustable Pillow W/ Handy Side Pocket, Evening Grey</p><p> -6% 0FF </p><p>$49.99</p><a href="https://www.amazon.com/dp/B00PC3K7OE?tag=eloabder-20&linkCode=osi&th=1&psc=1">View Product</a></div><div class="product"><a href="https://www.amazon.com/dp/B0B2W7X465?tag=eloabder-20&linkCode=osi&th=1&psc=1"><img src="https://m.media-amazon.com/images/I/41TWXbEgaJL._SL500_.jpg" alt="Product Image"></a><p>Momcozy Nursing Pillow for Breastfeeding, Original Plus Size Breastfeeding Pillows for More Support for Mom and Baby, with Adjustable Waist Strap and Removable Cotton Cover, Grey</p><p> -17% 0FF </p><p>$39.99</p><a href="https://www.amazon.com/dp/B0B2W7X465?tag=eloabder-20&linkCode=osi&th=1&psc=1">View Product</a></div><div class="product"><a href="https://www.amazon.com/dp/B08LF56YHJ?tag=eloabder-20&linkCode=osi&th=1&psc=1"><img src="https://m.media-amazon.com/images/I/31pJjCYHNMS._SL500_.jpg" alt="Product Image"></a><p>My Brest Friend Super Deluxe Nursing Pillow - Enhanced Comfort & Ergonomic Breastfeeding Pillow for Ultimate Support For Mom & Baby - Adjustable and with Handy Side Pocket, Platinum</p><p> -8% 0FF </p><p>$59.99</p><a href="https://www.amazon.com/dp/B08LF56YHJ?tag=eloabder-20&linkCode=osi&th=1&psc=1">View Product</a></div><div class="product"><a href="https://www.amazon.com/dp/B0C3RWRCQM?tag=eloabder-20&linkCode=osi&th=1&psc=1"><img src="https://m.media-amazon.com/images/I/516Q+AKi5kL._SL500_.jpg" alt="Product Image"></a><p>PILLANI Nursing Pillow, Plus Size Breastfeeding Pillows for Enhanced Support & Comfort for Mom & Baby, Removable Cotton Cover, Adjustable Waist Strap, Breastfeeding Essentials, Baby Registry Search</p><p> -20% 0FF </p><p>$31.99</p><a href="https://www.amazon.com/dp/B0C3RWRCQM?tag=eloabder-20&linkCode=osi&th=1&psc=1">View Product</a></div><div class="product"><a href="https://www.amazon.com/dp/B0CPVDN3J3?tag=eloabder-20&linkCode=osi&th=1&psc=1"><img src="https://m.media-amazon.com/images/I/41sq3SZUjlL._SL500_.jpg" alt="Product Image"></a><p>Momcozy Original Nursing Pillow and Positioner, Plus Size Breast Feeding Pillow for More Support for Mom and Baby Boy or Girl，Baby Essentials for Nursing or Bottle Feeding and Removable Cotton Cover</p><p> -15% 0FF </p><p>$39.99</p><a href="https://www.amazon.com/dp/B0CPVDN3J3?tag=eloabder-20&linkCode=osi&th=1&psc=1">View Product</a></div><div class="product"><a href="https://www.amazon.com/dp/B00PC3JYQQ?tag=eloabder-20&linkCode=osi&th=1&psc=1"><img src="https://m.media-amazon.com/images/I/51AoteowPXL._SL500_.jpg" alt="Product Image"></a><p>My Brest Friend Original Nursing Pillow Enhanced Ergonomics Essential Breastfeeding Pillow Support For Mom & Baby W/ Convenient Side Pocket, Double Straps & slipcover, Midnight Poppy</p><p> -7% 0FF </p><p>$41.99</p><a href="https://www.amazon.com/dp/B00PC3JYQQ?tag=eloabder-20&linkCode=osi&th=1&psc=1">View Product</a></div>
<div class="product"><a href="https://www.amazon.com/dp/B09KRKGJ3S?tag=eloabder-20&linkCode=osi&th=1&psc=1"><img src="https://m.media-amazon.com/images/I/41fXKHSGeCL._SL500_.jpg" alt="Product Image"></a><p>Looxii Muslin Burp Cloths 100% Cotton Large 20''x10'' Extra Soft and Absorbent 6 Pack Baby Burping Cloth for Boys Girls (Dark Green)</p><p> -6% 0FF </p><p>$13.14</p><a href="https://www.amazon.com/dp/B09KRKGJ3S?tag=eloabder-20&linkCode=osi&th=1&psc=1">View Product</a></div><div class="product"><a href="https://www.amazon.com/dp/B0CLPGQWNB?tag=eloabder-20&linkCode=osi&th=1&psc=1"><img src="https://m.media-amazon.com/images/I/416sGTkqHRL._SL500_.jpg" alt="Product Image"></a><p>Comfy Cubs Muslin Burp Cloths Large 100% Cotton Hand Washcloths for Babies, Baby Essentials 6 Layers Extra Absorbent and Soft Boys & Girls Baby Bibs & Burp Cloths Set (Multicolor, 10-Pack, 20" X10")</p><p> -33% 0FF </p><p>$19.99</p><a href="https://www.amazon.com/dp/B0CLPGQWNB?tag=eloabder-20&linkCode=osi&th=1&psc=1">View Product</a></div><div class="product"><a href="https://www.amazon.com/dp/B0CNKWNY43?tag=eloabder-20&linkCode=osi&th=1&psc=1"><img src="https://m.media-amazon.com/images/I/31iZQ-IdT6L._SL500_.jpg" alt="Product Image"></a><p>Comfy Cubs Burp Cloths 6 Pack Large 100% Cotton Washcloths Double Layered Absorbent Burping Cloth Extra Absorbent Baby Burp Cloth Extra Soft for Boys and Girls (Multicolor Girl, Pack of 6)</p><p> -40% 0FF </p><p>$14.99 ($2.50 / Count)</p><a href="https://www.amazon.com/dp/B0CNKWNY43?tag=eloabder-20&linkCode=osi&th=1&psc=1">View Product</a></div>
<div class="product"><a href="https://www.amazon.com/dp/B096NZHHVR?tag=eloabder-20&linkCode=osi&th=1&psc=1"><img src="https://m.media-amazon.com/images/I/41PxfLKcdWL._SL500_.jpg" alt="Product Image"></a><p>Meolsaek Car Seat Protector for Child Car Seat, 600D Fabric Waterproof Car Seat Cover with Non-Slip Backing, Under Baby Car Seat from Pressure Marks</p><p> -15% 0FF </p><p>$33.97</p><a href="https://www.amazon.com/dp/B096NZHHVR?tag=eloabder-20&linkCode=osi&th=1&psc=1">View Product</a></div><div class="product"><a href="https://www.amazon.com/dp/B096PGXGB4?tag=eloabder-20&linkCode=osi&th=1&psc=1"><img src="https://m.media-amazon.com/images/I/31Y4e9zhROS._SL500_.jpg" alt="Product Image"></a><p>XHYANG Car Seat Protector 1 Pack Car Seat Cushion Mat Thickest Padding,Waterproof 600D Fabric Car Seat Covers for Non-Slip Backing Mesh Pockets for Baby and Pet (1 Seat Protector)</p><p> -24% 0FF </p><p>$17.95</p><a href="https://www.amazon.com/dp/B096PGXGB4?tag=eloabder-20&linkCode=osi&th=1&psc=1">View Product</a></div><div class="product"><a href="https://www.amazon.com/dp/B09828NDRS?tag=eloabder-20&linkCode=osi&th=1&psc=1"><img src="https://m.media-amazon.com/images/I/31ua+nTGAXL._SL500_.jpg" alt="Product Image"></a><p>XHYANG Car Seat Protector,Auto Car Seat Protectors Baby Carseat Waterproof Durable 600D Fabric for Child Baby Car Seat Mat Vehicle Pet Cover 2 Storage Pockets (1 Pack)</p><p> -31% 0FF </p><p>$17.99</p><a href="https://www.amazon.com/dp/B09828NDRS?tag=eloabder-20&linkCode=osi&th=1&psc=1">View Product</a></div><div class="product"><a href="https://www.amazon.com/dp/B0CB14PHZT?tag=eloabder-20&linkCode=osi&th=1&psc=1"><img src="https://m.media-amazon.com/images/I/31lC1dggTTL._SL500_.jpg" alt="Product Image"></a><p>Breathable Car Seat Cover for Babies – Multi-Purpose Soft Rayon Nursing Cover for Breastfeeding, High Stretchy Infant Carseat Canopy, Stroller Cover (Smooth Rayon, Roman Green)</p><p> -20% 0FF </p><p>$7.19</p><a href="https://www.amazon.com/dp/B0CB14PHZT?tag=eloabder-20&linkCode=osi&th=1&psc=1">View Product</a></div><div class="product"><a href="https://www.amazon.com/dp/B08H4WCFXV?tag=eloabder-20&linkCode=osi&th=1&psc=1"><img src="https://m.media-amazon.com/images/I/516mz-4vqgL._SL500_.jpg" alt="Product Image"></a><p>Yoofoss Baby Car Seat Cover Winter Carseat Canopies Cover to Protect Baby from Cold Wind, Super Warm Plush Fleece Baby Carrier Cover for Infant Boys Girls (Black)</p><p> -11% 0FF </p><p>$32.99</p><a href="https://www.amazon.com/dp/B08H4WCFXV?tag=eloabder-20&linkCode=osi&th=1&psc=1">View Product</a></div>

<div class="product"><a href="https://www.amazon.com/dp/B07W6JGDYW?tag=eloabder-20&linkCode=osi&th=1&psc=1"><img src="https://m.media-amazon.com/images/I/41H2tKos7SL._SL500_.jpg" alt="Product Image"></a><p>Kaiphy Car Seat Protector - Seat Protection Mat - Thick Padding - Durable, Waterproof Fabric, Leather Reinforced Corners & 3 Pockets for Handy Storage Black</p><p> -46% 0FF </p><p>$13.97</p><a href="https://www.amazon.com/dp/B07W6JGDYW?tag=eloabder-20&linkCode=osi&th=1&psc=1">View Product</a></div><div class="product"><a href="https://www.amazon.com/dp/B0D5XFHH28?tag=eloabder-20&linkCode=osi&th=1&psc=1"><img src="https://m.media-amazon.com/images/I/31XhcmIiWAL._SL500_.jpg" alt="Product Image"></a><p>Car Seat Protector, Carseat Seat Protectors with Thick Padding and Upgraded Non-Slip Backing, Waterproof Seat Protector under Baby Car Seat, 600D Fabric Car Seat Covers with Storage Pockets for Baby</p><p> -20% 0FF </p><p>$13.59</p><a href="https://www.amazon.com/dp/B0D5XFHH28?tag=eloabder-20&linkCode=osi&th=1&psc=1">View Product</a></div><div class="product"><a href="https://www.amazon.com/dp/B07JBQBVL6?tag=eloabder-20&linkCode=osi&th=1&psc=1"><img src="https://m.media-amazon.com/images/I/31PZj+OEfjL._SL500_.jpg" alt="Product Image"></a><p>Car Seat Protector for Baby Child Car Seats, Shynerk Auto Seat Cover Mat for Under Carseat to Protect Automotive Vehicle Leather and Cloth Upholstery - Waterproof and Dirt Resistant</p><p> -33% 0FF </p><p>$19.99</p><a href="https://www.amazon.com/dp/B07JBQBVL6?tag=eloabder-20&linkCode=osi&th=1&psc=1">View Product</a></div>
<div class="product"><a href="https://www.amazon.com/dp/B00O64QJOC?tag=eloabder-20&linkCode=osi&th=1&psc=1"><img src="https://m.media-amazon.com/images/I/21l2K1fjgyL._SL500_.jpg" alt="Product Image"></a><p>Munchkin® Secure Grip™ Contoured Baby Diaper Changing Pad for Dresser, Waterproof, 16" x 31"</p><p> -10% 0FF </p><p>$31.49</p><a href="https://www.amazon.com/dp/B00O64QJOC?tag=eloabder-20&linkCode=osi&th=1&psc=1">View Product</a></div><div class="product"><a href="https://www.amazon.com/dp/B0DF1W28C5?tag=eloabder-20&linkCode=osi&th=1&psc=1"><img src="https://m.media-amazon.com/images/I/31F+H+AlPWL._SL500_.jpg" alt="Product Image"></a><p>Blissful Diary Vegan Leather Baby Changing Pad with Waterproof & Wipe-Clean PU Cover, Standard Size Cozy Baby Changing Table Pads for Dressers/Tables, Taupe</p><p> -13% 0FF </p><p>$34.99</p><a href="https://www.amazon.com/dp/B0DF1W28C5?tag=eloabder-20&linkCode=osi&th=1&psc=1">View Product</a></div><div class="product"><a href="https://www.amazon.com/dp/B0B45JKHGG?tag=eloabder-20&linkCode=osi&th=1&psc=1"><img src="https://m.media-amazon.com/images/I/41i2u89FqBL._SL500_.jpg" alt="Product Image"></a><p>YENING Baby Diaper Changing Pad for Dresser Top with Cover Waterproof Lining Foam Contoured Changing Table Pads Topper 31" x 16" Grey</p><p> -33% 0FF </p><p>$26.98</p><a href="https://www.amazon.com/dp/B0B45JKHGG?tag=eloabder-20&linkCode=osi&th=1&psc=1">View Product</a></div>
<div class="product"><a href="https://www.amazon.com/dp/B0D3BPZ77F?tag=eloabder-20&linkCode=osi&th=1&psc=1"><img src="https://m.media-amazon.com/images/I/41-+eE90DeL._SL500_.jpg" alt="Product Image"></a><p>Baby Changing Table, Versatile Folding Changing Table, Waterproof Diaper Changing Station, Adjustable Height with 2 Drawers,Baby Changing Station, Mobile Nursery for Infant and Newborn</p><p> -30% 0FF </p><p>$159.99</p><a href="https://www.amazon.com/dp/B0D3BPZ77F?tag=eloabder-20&linkCode=osi&th=1&psc=1">View Product</a></div><div class="product"><a href="https://www.amazon.com/dp/B073YB522V?tag=eloabder-20&linkCode=osi&th=1&psc=1"><img src="https://m.media-amazon.com/images/I/41IwxC2WttS._SL500_.jpg" alt="Product Image"></a><p>Delta Children Eclipse Changing Table with Changing Pad, Grey</p><p> -44% 0FF </p><p>$79.00</p><a href="https://www.amazon.com/dp/B073YB522V?tag=eloabder-20&linkCode=osi&th=1&psc=1">View Product</a></div><div class="product"><a href="https://www.amazon.com/dp/B075ZVTJ3D?tag=eloabder-20&linkCode=osi&th=1&psc=1"><img src="https://m.media-amazon.com/images/I/41Ig2EwFThL._SL500_.jpg" alt="Product Image"></a><p>Dream On Me Emily Changing Table In Steel Grey, Comes With 1" Changing Pad, Features Two Shelves, Portable Changing Station, Made Of Sustainable New Zealand Pinewood</p><p> -21% 0FF </p><p>$69.99</p><a href="https://www.amazon.com/dp/B075ZVTJ3D?tag=eloabder-20&linkCode=osi&th=1&psc=1">View Product</a></div><div class="product"><a href="https://www.amazon.com/dp/B08HMJCHCT?tag=eloabder-20&linkCode=osi&th=1&psc=1"><img src="https://m.media-amazon.com/images/I/31aqc05wT6L._SL500_.jpg" alt="Product Image"></a><p>Storkcraft Brookside 2 Drawer Changing Table Dresser (Pebble Gray) – GREENGUARD Gold Certified, Easy-to-Match Chest of Drawers and Cubbies for Nursery and Kids Bedroom, Includes Changing Table Topper</p><p> -31% 0FF </p><p>$151.29</p><a href="https://www.amazon.com/dp/B08HMJCHCT?tag=eloabder-20&linkCode=osi&th=1&psc=1">View Product</a></div><div class="product"><a href="https://www.amazon.com/dp/B005OSHTSO?tag=eloabder-20&linkCode=osi&th=1&psc=1"><img src="https://m.media-amazon.com/images/I/41ckUWX71DL._SL500_.jpg" alt="Product Image"></a><p>Badger Basket Modern Baby Changing Table with Laundry Hamper, 3 Storage Drawers and Pad, Diaper Change Station - White/White</p><p> -32% 0FF </p><p>$128.99</p><a href="https://www.amazon.com/dp/B005OSHTSO?tag=eloabder-20&linkCode=osi&th=1&psc=1">View Product</a></div><div class="product"><a href="https://www.amazon.com/dp/B08HHFZ5JJ?tag=eloabder-20&linkCode=osi&th=1&psc=1"><img src="https://m.media-amazon.com/images/I/31oH0mt34ML._SL500_.jpg" alt="Product Image"></a><p>Graco Noah 3 Drawer Chest with Changing Topper (White) – GREENGUARD Gold Certified, Baby Dresser With Changing Table Top, Dresser for Nursery, 3 Drawer Kids Dresser</p><p> -24% 0FF </p><p>$188.75</p><a href="https://www.amazon.com/dp/B08HHFZ5JJ?tag=eloabder-20&linkCode=osi&th=1&psc=1">View Product</a></div>
<div class="product"><a href="https://www.amazon.com/dp/B0BVHMHH4X?tag=eloabder-20&linkCode=osi&th=1&psc=1"><img src="https://m.media-amazon.com/images/I/41AOdI5vSML._SL500_.jpg" alt="Product Image"></a><p>TAHAVICE 1 Pack Over The Door Organizer, Bathroom Organizers and Storage with 5 Pockets 10 Mesh Pockets, 50 lbs Weight Capacity Stuffed Animal Storage for Nursery Newborn Baby Essential</p><p> -20% 0FF </p><p>$15.98</p><a href="https://www.amazon.com/dp/B0BVHMHH4X?tag=eloabder-20&linkCode=osi&th=1&psc=1">View Product</a></div><div class="product"><a href="https://www.amazon.com/dp/B06XJ343CC?tag=eloabder-20&linkCode=osi&th=1&psc=1"><img src="https://m.media-amazon.com/images/I/31zbpeWMpnL._SL500_.jpg" alt="Product Image"></a><p>20 Pack Clothing Rack Size Dividers, Wardrobe Round Hangers Label Closet Dividers with 1 Piece Marker Pen for Clothes Organization(White, Blank)</p><p> -14% 0FF </p><p>$8.59 ($0.43 / Count)</p><a href="https://www.amazon.com/dp/B06XJ343CC?tag=eloabder-20&linkCode=osi&th=1&psc=1">View Product</a></div><div class="product"><a href="https://www.amazon.com/dp/B09H4JTQC7?tag=eloabder-20&linkCode=osi&th=1&psc=1"><img src="https://m.media-amazon.com/images/I/51pFCzWgo3L._SL500_.jpg" alt="Product Image"></a><p>Pro Goleem Baby Closet Dividers Unisex Baby Closet Organizer for Nursery Baby Clothes Size Age Dividers Fits 1.5" Rod 6 PCS</p><p> -20% 0FF </p><p>$7.99</p><a href="https://www.amazon.com/dp/B09H4JTQC7?tag=eloabder-20&linkCode=osi&th=1&psc=1">View Product</a></div><div class="product"><a href="https://www.amazon.com/dp/B0DDTSNXNM?tag=eloabder-20&linkCode=osi&th=1&psc=1"><img src="https://m.media-amazon.com/images/I/517HtZWlKIL._SL500_.jpg" alt="Product Image"></a><p>Blissful Diary Baby Diaper Caddy Organizer, Cotton Rope Diaper Caddy Basket, Large Baby Shower Caddy for Newborn Boys and Girls, Gift for Baby Shower List, Newborn Essentials Basket, Earthy Rainbow</p><p> -30% 0FF </p><p>$15.99</p><a href="https://www.amazon.com/dp/B0DDTSNXNM?tag=eloabder-20&linkCode=osi&th=1&psc=1">View Product</a></div>
<div class="product"><a href="https://www.amazon.com/dp/B08DN1KTRH?tag=eloabder-20&linkCode=osi&th=1&psc=1"><img src="https://m.media-amazon.com/images/I/510rTaksLXL._SL500_.jpg" alt="Product Image"></a><p>16 Pack Baby Washcloths - Luxury Multicolor Coral Fleece - Extra Absorbent and Soft Wash Clothes for Newborns, Infants and Toddlers - Suitable for Sensitive Skin and New Born - Baby Shower, 10x10 Inch</p><p> -47% 0FF </p><p>$9.99</p><a href="https://www.amazon.com/dp/B08DN1KTRH?tag=eloabder-20&linkCode=osi&th=1&psc=1">View Product</a></div><div class="product"><a href="https://www.amazon.com/dp/B088RBY8Y5?tag=eloabder-20&linkCode=osi&th=1&psc=1"><img src="https://m.media-amazon.com/images/I/31Ku9qSjBCL._SL500_.jpg" alt="Product Image"></a><p>Yoofoss Muslin Burp Cloths for Baby 10 Pack 100% Cotton Baby Washcloths for Boys Girls Large 20''X10'' Super Soft and Absorbent White</p><p> -5% 0FF </p><p>$18.95</p><a href="https://www.amazon.com/dp/B088RBY8Y5?tag=eloabder-20&linkCode=osi&th=1&psc=1">View Product</a></div>
<div class="product"><a href="https://www.amazon.com/dp/B0CMZJ1J4T?tag=eloabder-20&linkCode=osi&th=1&psc=1"><img src="https://m.media-amazon.com/images/I/410bv8kIM8L._SL500_.jpg" alt="Product Image"></a><p>Jay Franco Bluey & Bingo Toddler Comforter Set - 4 Piece Bed Set Includes Sheet Set & Pillow Covers - Super Soft Clouds & Stars Kids Bedding</p><p> -23% 0FF </p><p>$46.49</p><a href="https://www.amazon.com/dp/B0CMZJ1J4T?tag=eloabder-20&linkCode=osi&th=1&psc=1">View Product</a></div><div class="product"><a href="https://www.amazon.com/dp/B00VQ2RLNA?tag=eloabder-20&linkCode=osi&th=1&psc=1"><img src="https://m.media-amazon.com/images/I/513vvaHOurL._SL500_.jpg" alt="Product Image"></a><p>Burt's Bees Baby Infant Reversible Quilt Blanket, Jersey Knit, Soft, 100% Organic Cotton Blankets, with 100% Polyester Fill for Warm Padding, Size 37 x 46 Inch</p><p> -50% 0FF </p><p>$32.49</p><a href="https://www.amazon.com/dp/B00VQ2RLNA?tag=eloabder-20&linkCode=osi&th=1&psc=1">View Product</a></div><div class="product"><a href="https://www.amazon.com/dp/B01GKZO0U4?tag=eloabder-20&linkCode=osi&th=1&psc=1"><img src="https://m.media-amazon.com/images/I/21lI+ZZ6+3L._SL500_.jpg" alt="Product Image"></a><p>Tadpoles Quilted Toddler Comforter | 40" x 60" | Made of 100% Microfiber Polyester (Shell) & 200 GSM Fiberfill | Soft, Breathable & Durable | Ideal for Toddlers (12-48 Months) | Box Pattern in White</p><p> -12% 0FF </p><p>$21.99</p><a href="https://www.amazon.com/dp/B01GKZO0U4?tag=eloabder-20&linkCode=osi&th=1&psc=1">View Product</a></div><div class="product"><a href="https://www.amazon.com/dp/B0BRKBKSB5?tag=eloabder-20&linkCode=osi&th=1&psc=1"><img src="https://m.media-amazon.com/images/I/313gax4ZutL._SL500_.jpg" alt="Product Image"></a><p>ZPECC Toddler Comforter Blanket - 39" x 53" Down Alternative Crib Duvet Set, Includes Child Quilt, Flat Pillow, Bear Stitching</p><p> -26% 0FF </p><p>$18.49</p><a href="https://www.amazon.com/dp/B0BRKBKSB5?tag=eloabder-20&linkCode=osi&th=1&psc=1">View Product</a></div>
<div class="product"><a href="https://www.amazon.com/dp/B0BZVLW3XY?tag=eloabder-20&linkCode=osi&th=1&psc=1"><img src="https://m.media-amazon.com/images/I/41bnCsnrb2L._SL500_.jpg" alt="Product Image"></a><p>Yoofoss Baby Crib Sheets for Boys Girls, Fitted Crib Sheet 2 Pack for Standard Crib and Toddler Mattress, Super Soft Microfiber Baby Sheet 28x52x8in(Green+Leaf)</p><p> -17% 0FF </p><p>$9.99</p><a href="https://www.amazon.com/dp/B0BZVLW3XY?tag=eloabder-20&linkCode=osi&th=1&psc=1">View Product</a></div><div class="product"><a href="https://www.amazon.com/dp/B086YCZN5H?tag=eloabder-20&linkCode=osi&th=1&psc=1"><img src="https://m.media-amazon.com/images/I/41jKlfbIwGL._SL500_.jpg" alt="Product Image"></a><p>Crib Mattress Protector Sheets Fitted Waterproof Crib Mattress Pad Cover, Noiseless & Machine Wash 100% Absorbent Crib/Toddler Mattress Protector Sheet Quilted, White, 52" x 28"</p><p> -11% 0FF </p><p>$11.98</p><a href="https://www.amazon.com/dp/B086YCZN5H?tag=eloabder-20&linkCode=osi&th=1&psc=1">View Product</a></div><div class="product"><a href="https://www.amazon.com/dp/B0CLL7JPTY?tag=eloabder-20&linkCode=osi&th=1&psc=1"><img src="https://m.media-amazon.com/images/I/41X3AyJQqrL._SL500_.jpg" alt="Product Image"></a><p>PINNKKU 3-Piece Crib Bedding Set for Boy Girls, Includes Crib Skirt, Blanket and Crib Sheet, Crib Baby Bedding, Pintuck Pinch Pleat Pink</p><p> -19% 0FF </p><p>$34.99 ($11.66 / Count)</p><a href="https://www.amazon.com/dp/B0CLL7JPTY?tag=eloabder-20&linkCode=osi&th=1&psc=1">View Product</a></div><div class="product"><a href="https://www.amazon.com/dp/B08G3DCPYM?tag=eloabder-20&linkCode=osi&th=1&psc=1"><img src="https://m.media-amazon.com/images/I/51UmAUm+f-L._SL500_.jpg" alt="Product Image"></a><p>Bedtime Originals Mighty Jungle 3Piece Crib Bedding Set, Multicolor (283003V)</p><p> -27% 0FF </p><p>$49.49</p><a href="https://www.amazon.com/dp/B08G3DCPYM?tag=eloabder-20&linkCode=osi&th=1&psc=1">View Product</a></div><div class="product"><a href="https://www.amazon.com/dp/B0BRWWTS3M?tag=eloabder-20&linkCode=osi&th=1&psc=1"><img src="https://m.media-amazon.com/images/I/51WZGfoIsvL._SL500_.jpg" alt="Product Image"></a><p>The Peanutshell 3 Piece Baby Crib Bedding Set for Girls - Newborn, Infant & Toddler Nursery Bed Set Decor with Fitted Crib Sheet, Dust Ruffle, Crib Comforter - Wildest Dreams</p><p> -10% 0FF </p><p>$44.99</p><a href="https://www.amazon.com/dp/B0BRWWTS3M?tag=eloabder-20&linkCode=osi&th=1&psc=1">View Product</a></div>
<div class="product"><a href="https://www.amazon.com/dp/B010S7VZI0?tag=eloabder-20&linkCode=osi&th=1&psc=1"><img src="https://m.media-amazon.com/images/I/31Ll01T4-sL._SL500_.jpg" alt="Product Image"></a><p>Graco Premium Crib & Toddler Mattress – GREENGUARD Gold Certified & CertiPUR-US Certified, Fits All Standard Crib & Toddler Beds, Waterproof Sleep Surface, Machine-Washable Outer Cover for Easy Care</p><p> -25% 0FF </p><p>$89.99</p><a href="https://www.amazon.com/dp/B010S7VZI0?tag=eloabder-20&linkCode=osi&th=1&psc=1">View Product</a></div><div class="product"><a href="https://www.amazon.com/dp/B0030V4Z02?tag=eloabder-20&linkCode=osi&th=1&psc=1"><img src="https://m.media-amazon.com/images/I/416srazdlsL._SL500_.jpg" alt="Product Image"></a><p>Dream On Me Honeycomb Orthopedic Firm Fiber Standard Baby Crib Mattress, Greenguard Gold and JPMA Certified, 5” Fiber Core Optimum Support, Fits Crib and Toddler Bed, Waterproof Vinyl Cover</p><p> -7% 0FF </p><p>$59.87</p><a href="https://www.amazon.com/dp/B0030V4Z02?tag=eloabder-20&linkCode=osi&th=1&psc=1">View Product</a></div><div class="product"><a href="https://www.amazon.com/dp/B0BLK39GTG?tag=eloabder-20&linkCode=osi&th=1&psc=1"><img src="https://m.media-amazon.com/images/I/41U0AL73RKL._SL500_.jpg" alt="Product Image"></a><p>Letmxiu Premium Dual-Sided Crib & Toddler Mattress,100% Knitted Fabric,Premium Fleece-Hypoallergenic,5" Firm Soft Crib Mattress, Non-Toxic Toddler Bed Mattress Fits Standard Cribs & Toddler Beds</p><p> -14% 0FF </p><p>$59.99</p><a href="https://www.amazon.com/dp/B0BLK39GTG?tag=eloabder-20&linkCode=osi&th=1&psc=1">View Product</a></div><div class="product"><a href="https://www.amazon.com/dp/B0BWDRBYL4?tag=eloabder-20&linkCode=osi&th=1&psc=1"><img src="https://m.media-amazon.com/images/I/41dkngPyPEL._SL500_.jpg" alt="Product Image"></a><p>Tiankehan Premium Dual-Sided Baby Crib Mattress and Toddler Mattress - 52" x 27.6" x 5" - Breathable - Firm Soft - Fits Standard Cribs and Toddler Beds</p><p> -14% 0FF </p><p>$59.98</p><a href="https://www.amazon.com/dp/B0BWDRBYL4?tag=eloabder-20&linkCode=osi&th=1&psc=1">View Product</a></div>
<div class="product"><a href="https://www.amazon.com/dp/B0C7T23J3Y?tag=eloabder-20&linkCode=osi&th=1&psc=1"><img src="https://m.media-amazon.com/images/I/41wcurEQD3L._SL500_.jpg" alt="Product Image"></a><p>The Peanutshell Crib Mobile for Girls - Pink and White Musical Baby Crib Mobile with 12 Lullabies, Forest Baby Mobile Crib Little Forest Nursery Decor</p><p> -16% 0FF </p><p>$37.69</p><a href="https://www.amazon.com/dp/B0C7T23J3Y?tag=eloabder-20&linkCode=osi&th=1&psc=1">View Product</a></div><div class="product"><a href="https://www.amazon.com/dp/B0C7SC34Z3?tag=eloabder-20&linkCode=osi&th=1&psc=1"><img src="https://m.media-amazon.com/images/I/41i+L053hPL._SL500_.jpg" alt="Product Image"></a><p>The Peanutshell Crib Mobile for Boys or Girls - Light and Dark Blue Musical Baby Crib Mobile with 12 Lullabies, Ocean Baby Mobile Crib Nautical Nursery Decor</p><p> -11% 0FF </p><p>$39.99</p><a href="https://www.amazon.com/dp/B0C7SC34Z3?tag=eloabder-20&linkCode=osi&th=1&psc=1">View Product</a></div>
<div class="product"><a href="https://www.amazon.com/dp/B07K594Q7W?tag=eloabder-20&linkCode=osi&th=1&psc=1"><img src="https://m.media-amazon.com/images/I/41chCOFT3fL._SL500_.jpg" alt="Product Image"></a><p>Burt's Bees Baby Print Fitted Crib Sheet Organic Cotton BEESNUG - Hello Moon! Prints, Fits Unisex Standard Bed and Toddler Mattress, Infant Essentials, 52 x 28 Inch 1-Pack</p><p> -34% 0FF </p><p>$13.80</p><a href="https://www.amazon.com/dp/B07K594Q7W?tag=eloabder-20&linkCode=osi&th=1&psc=1">View Product</a></div><div class="product"><a href="https://www.amazon.com/dp/B08HYS8HCQ?tag=eloabder-20&linkCode=osi&th=1&psc=1"><img src="https://m.media-amazon.com/images/I/41OJxVS5clL._SL500_.jpg" alt="Product Image"></a><p>KeaBabies 2-Pack Organic Crib Sheets for Boys, Girls, Jersey Fitted Crib Sheet, Baby Crib Sheets Neutral, Cotton Breathable Crib Sheet, Cute Printed Crib Mattress Sheet, Baby Mattress Sheets(Woodland)</p><p> -27% 0FF </p><p>$21.96</p><a href="https://www.amazon.com/dp/B08HYS8HCQ?tag=eloabder-20&linkCode=osi&th=1&psc=1">View Product</a></div><div class="product"><a href="https://www.amazon.com/dp/B07JBRWPRZ?tag=eloabder-20&linkCode=osi&th=1&psc=1"><img src="https://m.media-amazon.com/images/I/41WkDf7XWaL._SL500_.jpg" alt="Product Image"></a><p>American Baby Company 3 Pack Fitted Mini Crib Sheet 24" x 38", Soft Breathable Neutral 100% Cotton Jersey Portable Sheet, Gray Star/Zigzag, for Boys and Girls, Fits Most Pack N Play Mattresses</p><p> -20% 0FF </p><p>$14.34</p><a href="https://www.amazon.com/dp/B07JBRWPRZ?tag=eloabder-20&linkCode=osi&th=1&psc=1">View Product</a></div><div class="product"><a href="https://www.amazon.com/dp/B0BGWX27FP?tag=eloabder-20&linkCode=osi&th=1&psc=1"><img src="https://m.media-amazon.com/images/I/41tRk-EAY-L._SL500_.jpg" alt="Product Image"></a><p>4-Pack Fitted Crib Sheets for Boys and Girls - Breathable, Soft Microfiber Baby Sheets in Grey, Navy and White</p><p> -9% 0FF </p><p>$19.99 ($5.00 / Count)</p><a href="https://www.amazon.com/dp/B0BGWX27FP?tag=eloabder-20&linkCode=osi&th=1&psc=1">View Product</a></div>
<div class="product"><a href="https://www.amazon.com/dp/B082WW1FCQ?tag=eloabder-20&linkCode=osi&th=1&psc=1"><img src="https://m.media-amazon.com/images/I/416EVH-FKwL._SL500_.jpg" alt="Product Image"></a><p>Crib Bed Skirt 28” x 52” with 14” Drop Pleated Dust Ruffle for Baby Boys Girls Elastic Adjustable Fit Toddler Bedskirt Easy On/Off Soft Nursery Standard Crib Bedding Skirts Solid White Crib Skirt</p><p> -18% 0FF </p><p>$17.99</p><a href="https://www.amazon.com/dp/B082WW1FCQ?tag=eloabder-20&linkCode=osi&th=1&psc=1">View Product</a></div><div class="product"><a href="https://www.amazon.com/dp/B000YFU77W?tag=eloabder-20&linkCode=osi&th=1&psc=1"><img src="https://m.media-amazon.com/images/I/31R9qJzse7L._SL500_.jpg" alt="Product Image"></a><p>American Baby Company 100% Natural Cotton Percale Ruffled Crib Skirt, Cream, 52"L x 28"W + 13.5"</p><p> -33% 0FF </p><p>$16.79</p><a href="https://www.amazon.com/dp/B000YFU77W?tag=eloabder-20&linkCode=osi&th=1&psc=1">View Product</a></div><div class="product"><a href="https://www.amazon.com/dp/B0B5YML25P?tag=eloabder-20&linkCode=osi&th=1&psc=1"><img src="https://m.media-amazon.com/images/I/31DyVARAxlL._SL500_.jpg" alt="Product Image"></a><p>Lush Decor Ruffle Crib Skirt, 16" Drop, White</p><p> -26% 0FF </p><p>$28.19</p><a href="https://www.amazon.com/dp/B0B5YML25P?tag=eloabder-20&linkCode=osi&th=1&psc=1">View Product</a></div>
<div class="product"><a href="https://www.amazon.com/dp/B0D8B4FNHF?tag=eloabder-20&linkCode=osi&th=1&psc=1"><img src="https://m.media-amazon.com/images/I/41gmkYMTEaL._SL500_.jpg" alt="Product Image"></a><p>CHICWAY Baby Patter for Sleep, Baby Sleep Soother, Baby Vibrating Soother 3 Vibration Modes & Intensities Help Baby Sleep, Crib Toy, Crib Accessory, Registry Gift, Shower Gift, Newborn Baby Essentials</p><p> -54% 0FF </p><p>$22.91</p><a href="https://www.amazon.com/dp/B0D8B4FNHF?tag=eloabder-20&linkCode=osi&th=1&psc=1">View Product</a></div><div class="product"><a href="https://www.amazon.com/dp/B009UPUFCY?tag=eloabder-20&linkCode=osi&th=1&psc=1"><img src="https://m.media-amazon.com/images/I/41MuYdMqcXL._SL500_.jpg" alt="Product Image"></a><p>Munchkin® Lulla-Vibe™ Vibrating Mattress Pad Sleep Soother</p><p> -9% 0FF </p><p>$27.25</p><a href="https://www.amazon.com/dp/B009UPUFCY?tag=eloabder-20&linkCode=osi&th=1&psc=1">View Product</a></div>

<div class="product"><a href="https://www.amazon.com/dp/B098TWMRNV?tag=eloabder-20&linkCode=osi&th=1&psc=1"><img src="https://m.media-amazon.com/images/I/51eBNBdbFPL._SL500_.jpg" alt="Product Image"></a><p>PILLANI Baby Diaper Bag Backpack - Baby Bag for Boys & Girls - Diaper Backpack - Large Travel Diaper Bags w/Changing Pad - Baby Registry Search & Shower Gifts Newborn Essentials & Items for Mom, Gray</p><p> -37% 0FF </p><p>$34.99</p><a href="https://www.amazon.com/dp/B098TWMRNV?tag=eloabder-20&linkCode=osi&th=1&psc=1">View Product</a></div><div class="product"><a href="https://www.amazon.com/dp/B07HL6FV5F?tag=eloabder-20&linkCode=osi&th=1&psc=1"><img src="https://m.media-amazon.com/images/I/41CpqR1T2iL._SL500_.jpg" alt="Product Image"></a><p>RUVALINO Diaper Bag Backpack - Multifunction Waterproof Travel Essentials, Maternity Baby Bag with Changing Pad & Stroller D-Ring & Pacifier Case - Baby Registry Search/Items & Shower Gifts - Black</p><p> -51% 0FF </p><p>$43.99</p><a href="https://www.amazon.com/dp/B07HL6FV5F?tag=eloabder-20&linkCode=osi&th=1&psc=1">View Product</a></div><div class="product"><a href="https://www.amazon.com/dp/B0BSKZFV8Z?tag=eloabder-20&linkCode=osi&th=1&psc=1"><img src="https://m.media-amazon.com/images/I/41kJJGd0-KL._SL500_.jpg" alt="Product Image"></a><p>Skip Hop Diaper Bag Backpack: Forma, Multi-Function Baby Travel Bag with Changing Pad & Stroller Attachment, Sage</p><p> -6% 0FF </p><p>$74.49</p><a href="https://www.amazon.com/dp/B0BSKZFV8Z?tag=eloabder-20&linkCode=osi&th=1&psc=1">View Product</a></div>
<div class="product"><a href="https://www.amazon.com/dp/B00569GU18?tag=eloabder-20&linkCode=osi&th=1&psc=1"><img src="https://m.media-amazon.com/images/I/41Zx990UFlL._SL500_.jpg" alt="Product Image"></a><p>Boudreaux's Butt Paste Maximum Strength Diaper Rash Cream, Ointment for Baby, 4 oz Tube</p><p> -12% 0FF </p><p>$7.48 ($1.87 / Ounce)</p><a href="https://www.amazon.com/dp/B00569GU18?tag=eloabder-20&linkCode=osi&th=1&psc=1">View Product</a></div><div class="product"><a href="https://www.amazon.com/dp/B00ZQXT4EY?tag=eloabder-20&linkCode=osi&th=1&psc=1"><img src="https://m.media-amazon.com/images/I/31SXI-cW6IL._SL500_.jpg" alt="Product Image"></a><p>Desitin Maximum Strength Baby Diaper Rash Cream, 40% Zinc Oxide for Treatment, Relief & Prevention, Hypoallergenic, Phthalate- & Paraben-Free Paste, Protects Skin for 12 Hours, 4.8 oz</p><p> -38% 0FF </p><p>$7.33 ($1.53 / Ounce)</p><a href="https://www.amazon.com/dp/B00ZQXT4EY?tag=eloabder-20&linkCode=osi&th=1&psc=1">View Product</a></div><div class="product"><a href="https://www.amazon.com/dp/B082QBB8KQ?tag=eloabder-20&linkCode=osi&th=1&psc=1"><img src="https://m.media-amazon.com/images/I/51vNnfQ6MmL._SL500_.jpg" alt="Product Image"></a><p>Aquaphor Baby Diaper Rash Paste - For Serious Diaper Rash and Flare-ups - 3.5 Oz. Tube</p><p> -5% 0FF </p><p>$7.87 ($2.25 / Ounce)</p><a href="https://www.amazon.com/dp/B082QBB8KQ?tag=eloabder-20&linkCode=osi&th=1&psc=1">View Product</a></div><div class="product"><a href="https://www.amazon.com/dp/B00M0N9J20?tag=eloabder-20&linkCode=osi&th=1&psc=1"><img src="https://m.media-amazon.com/images/I/41t50K+y9yL._SL500_.jpg" alt="Product Image"></a><p>Desitin Daily Defense Baby Diaper Rash Cream with Zinc Oxide to Treat, Relieve & Prevent diaper rash, Hypoallergenic, Dye-, Phthalate- & Paraben-Free, 4 oz</p><p> -42% 0FF </p><p>$5.39 ($1.35 / Ounce)</p><a href="https://www.amazon.com/dp/B00M0N9J20?tag=eloabder-20&linkCode=osi&th=1&psc=1">View Product</a></div><div class="product"><a href="https://www.amazon.com/dp/B00Q2MYU9W?tag=eloabder-20&linkCode=osi&th=1&psc=1"><img src="https://m.media-amazon.com/images/I/51PiNmf+vpL._SL500_.jpg" alt="Product Image"></a><p>Aquaphor Baby Diaper Rash Cream, 3-in-1 Diaper Rash Relief, 3.5 Oz Tube</p><p> -17% 0FF </p><p>$18.69 ($1.78 / Ounce)</p><a href="https://www.amazon.com/dp/B00Q2MYU9W?tag=eloabder-20&linkCode=osi&th=1&psc=1">View Product</a></div><div class="product"><a href="https://www.amazon.com/dp/B0B4PNGXFS?tag=eloabder-20&linkCode=osi&th=1&psc=1"><img src="https://m.media-amazon.com/images/I/51BB218LJpL._SL500_.jpg" alt="Product Image"></a><p>Triple Paste Diaper Rash Cream for Baby - 3 oz Tube - Zinc Oxide Ointment Treats, Soothes and Prevents Diaper Rash - Pediatrician-Recommended Hypoallergenic Formula with Soothing Botanicals</p><p> -25% 0FF </p><p>$8.96 ($2.99 / Ounce)</p><a href="https://www.amazon.com/dp/B0B4PNGXFS?tag=eloabder-20&linkCode=osi&th=1&psc=1">View Product</a></div><div class="product"><a href="https://www.amazon.com/dp/B00KFITCXS?tag=eloabder-20&linkCode=osi&th=1&psc=1"><img src="https://m.media-amazon.com/images/I/41Upagho5nL._SL500_.jpg" alt="Product Image"></a><p>The Honest Company Hypoallergenic Diaper Rash Cream | Moisturizing + Calming Zinc Oxide Ointment | NEA Recognized, Cruelty Free | 2.5 oz</p><p> -7% 0FF </p><p>$10.25 ($4.10 / Ounce)</p><a href="https://www.amazon.com/dp/B00KFITCXS?tag=eloabder-20&linkCode=osi&th=1&psc=1">View Product</a></div><div class="product"><a href="https://www.amazon.com/dp/B000LTJRQ8?tag=eloabder-20&linkCode=osi&th=1&psc=1"><img src="https://m.media-amazon.com/images/I/51z4dtHfCgL._SL500_.jpg" alt="Product Image"></a><p>Triple Paste Diaper Rash Cream for Baby - 8 Oz Tub - Zinc Oxide Ointment Treats, Soothes and Prevents Diaper Rash - Pediatrician-Recommended Hypoallergenic Formula with Soothing Botanicals</p><p> -27% 0FF </p><p>$14.53 ($1.82 / Ounce)</p><a href="https://www.amazon.com/dp/B000LTJRQ8?tag=eloabder-20&linkCode=osi&th=1&psc=1">View Product</a></div><div class="product"><a href="https://www.amazon.com/dp/B00BH0PZBG?tag=eloabder-20&linkCode=osi&th=1&psc=1"><img src="https://m.media-amazon.com/images/I/41nENIiSAHL._SL500_.jpg" alt="Product Image"></a><p>Desitin Maximum Strength Baby Diaper Rash Cream with 40% Zinc Oxide for Treatment, Relief & Prevention, Hypoallergenic, Phthalate- & Paraben-Free Paste, 16 oz</p><p> -31% 0FF </p><p>$18.44 ($1.15 / Ounce)</p><a href="https://www.amazon.com/dp/B00BH0PZBG?tag=eloabder-20&linkCode=osi&th=1&psc=1">View Product</a></div><div class="product"><a href="https://www.amazon.com/dp/B000V3MFUY?tag=eloabder-20&linkCode=osi&th=1&psc=1"><img src="https://m.media-amazon.com/images/I/31To+A+IRQL._SL500_.jpg" alt="Product Image"></a><p>Weleda Baby Calendula Diaper Cream, 2.8 Fluid Ounce, Plant Rich Protection with Calendula, Chamomile, Sweet Almond Oil, Lanolin and Zinc Oxide</p><p> -12% 0FF </p><p>$12.32 ($4.40 / Ounce)</p><a href="https://www.amazon.com/dp/B000V3MFUY?tag=eloabder-20&linkCode=osi&th=1&psc=1">View Product</a></div>
<div class="product"><a href="https://www.amazon.com/dp/B012UFN9T6?tag=eloabder-20&linkCode=osi&th=1&psc=1"><img src="https://m.media-amazon.com/images/I/51SxpJF694L._SL500_.jpg" alt="Product Image"></a><p>Nuby Diaper Disposal Bags for Baby - (6-Pack) 50 Count Disposable Bags - Fresh Baby Powder Scent - Blue</p><p> -10% 0FF </p><p>$16.15</p><a href="https://www.amazon.com/dp/B012UFN9T6?tag=eloabder-20&linkCode=osi&th=1&psc=1">View Product</a></div>
<div class="product"><a href="https://www.amazon.com/dp/B0CPR2N8FD?tag=eloabder-20&linkCode=osi&th=1&psc=1"><img src="https://m.media-amazon.com/images/I/41uXmeS+P5L._SL500_.jpg" alt="Product Image"></a><p>Diaper Genie Select Pail Registry Gift Set (White) | Made of Durable Stainless Steel Metal | Includes 2 Jumbo Refills | Holds 1620 Newborn Diapers</p><p> -20% 0FF </p><p>$59.99</p><a href="https://www.amazon.com/dp/B0CPR2N8FD?tag=eloabder-20&linkCode=osi&th=1&psc=1">View Product</a></div><div class="product"><a href="https://www.amazon.com/dp/B0CNS3R8T7?tag=eloabder-20&linkCode=osi&th=1&psc=1"><img src="https://m.media-amazon.com/images/I/31BIw9M8SwL._SL500_.jpg" alt="Product Image"></a><p>Diaper Genie Classic Pail Includes 1 Starter Square Refill That can Hold up to 165 Newborn-Sized Diapers.</p><p> -20% 0FF </p><p>$23.99</p><a href="https://www.amazon.com/dp/B0CNS3R8T7?tag=eloabder-20&linkCode=osi&th=1&psc=1">View Product</a></div><div class="product"><a href="https://www.amazon.com/dp/B0BWGZ7J7W?tag=eloabder-20&linkCode=osi&th=1&psc=1"><img src="https://m.media-amazon.com/images/I/41pqvAOekFL._SL500_.jpg" alt="Product Image"></a><p>Diaper Genie Signature Gift Set | Includes Easy Roll Refill with 48 Bags | Holds Up to 2256 Newborn Diapers</p><p> -41% 0FF </p><p>$52.79</p><a href="https://www.amazon.com/dp/B0BWGZ7J7W?tag=eloabder-20&linkCode=osi&th=1&psc=1">View Product</a></div><div class="product"><a href="https://www.amazon.com/dp/B00821FLT4?tag=eloabder-20&linkCode=osi&th=1&psc=1"><img src="https://m.media-amazon.com/images/I/21an29pWMkL._SL500_.jpg" alt="Product Image"></a><p>Ubbi Steel Diaper Pail, Odor Locking, No Special Bag Required, Award-Winning, Registry Must-Have, White</p><p> -30% 0FF </p><p>$55.99</p><a href="https://www.amazon.com/dp/B00821FLT4?tag=eloabder-20&linkCode=osi&th=1&psc=1">View Product</a></div><div class="product"><a href="https://www.amazon.com/dp/B0BWGWZ2J4?tag=eloabder-20&linkCode=osi&th=1&psc=1"><img src="https://m.media-amazon.com/images/I/317sppbydxL._SL500_.jpg" alt="Product Image"></a><p>Diaper Genie Signature Pail (Grey) Includes 1 Easy Roll Refill with 18 Bags | Holds Up to 846 Newborn-Sized Diapers Per Refill</p><p> -20% 0FF </p><p>$47.99</p><a href="https://www.amazon.com/dp/B0BWGWZ2J4?tag=eloabder-20&linkCode=osi&th=1&psc=1">View Product</a></div>
<div class="product"><a href="https://www.amazon.com/dp/B0083973FK?tag=eloabder-20&linkCode=osi&th=1&psc=1"><img src="https://m.media-amazon.com/images/I/51c+QHPetfL._SL500_.jpg" alt="Product Image"></a><p>Sposie Booster Pads, Stop Overnight Diaper Leaks, Adhesive-Free for Easy repositioning, Helps Reduce Nighttime Diaper Changes and Diaper Rash, Use with Sizes 4-6, 90 ct.</p><p> -20% 0FF </p><p>$39.99 ($0.44 / Count)</p><a href="https://www.amazon.com/dp/B0083973FK?tag=eloabder-20&linkCode=osi&th=1&psc=1">View Product</a></div><div class="product"><a href="https://www.amazon.com/dp/B07V4MZF2W?tag=eloabder-20&linkCode=osi&th=1&psc=1"><img src="https://m.media-amazon.com/images/I/51u-l608rTL._SL500_.jpg" alt="Product Image"></a><p>Dimples Booster Pads, Baby Diaper Doubler with Adhesive - 1 Size Fits All Diapers - Boosts Diaper Absorbency - No More leaks 90 Count (with Adhesive for Secure Fit)</p><p> -15% 0FF </p><p>$27.99 ($0.31 / Count)</p><a href="https://www.amazon.com/dp/B07V4MZF2W?tag=eloabder-20&linkCode=osi&th=1&psc=1">View Product</a></div><div class="product"><a href="https://www.amazon.com/dp/B0CBQQKMS2?tag=eloabder-20&linkCode=osi&th=1&psc=1"><img src="https://m.media-amazon.com/images/I/51IK5dDp++L._SL500_.jpg" alt="Product Image"></a><p>Inspire Ultra Dimples Diaper Booster Pads | Our Most Absorbent Diaper Inserts Ever | Diaper Pads Inserts Overnight or Daytime | Diaper Liners Turn Any Diaper into Super Overnight Diapers for Babies</p><p> -17% 0FF </p><p>$9.99 ($0.48 / Count)</p><a href="https://www.amazon.com/dp/B0CBQQKMS2?tag=eloabder-20&linkCode=osi&th=1&psc=1">View Product</a></div>
<div class="product"><a href="https://www.amazon.com/dp/B0B5WF7S9F?tag=eloabder-20&linkCode=osi&th=1&psc=1"><img src="https://m.media-amazon.com/images/I/41vB5uYpocL._SL500_.jpg" alt="Product Image"></a><p>Mr. Pen- Baby Diaper Caddy Organizer, Car Caddy, Portable Organizer for Changing Table, Nursery</p><p> -14% 0FF </p><p>$12.85</p><a href="https://www.amazon.com/dp/B0B5WF7S9F?tag=eloabder-20&linkCode=osi&th=1&psc=1">View Product</a></div><div class="product"><a href="https://www.amazon.com/dp/B0734LPFJR?tag=eloabder-20&linkCode=osi&th=1&psc=1"><img src="https://m.media-amazon.com/images/I/51TCskU5lyL._SL500_.jpg" alt="Product Image"></a><p>Lily Miles Baby Diaper Caddy - Large Organizer Tote Bag for Baby essentials Boy or Girl - Baby Shower Basket - Nursery Must Haves - Registry Favorites - Newborn Caddie Car Travel</p><p> -17% 0FF </p><p>$24.95</p><a href="https://www.amazon.com/dp/B0734LPFJR?tag=eloabder-20&linkCode=osi&th=1&psc=1">View Product</a></div><div class="product"><a href="https://www.amazon.com/dp/B0D4LRZW48?tag=eloabder-20&linkCode=osi&th=1&psc=1"><img src="https://m.media-amazon.com/images/I/41NadHwjJlL._SL500_.jpg" alt="Product Image"></a><p>KEETDY Large Diaper Pocket Over the Door Organizer for Nursery, Closet Door Hanging Storage, Baby Organizers and Storage for Newborn Essentials & Diaper Organizer, Beige</p><p> -19% 0FF </p><p>$16.99</p><a href="https://www.amazon.com/dp/B0D4LRZW48?tag=eloabder-20&linkCode=osi&th=1&psc=1">View Product</a></div>
<div class="product"><a href="https://www.amazon.com/dp/B01BDQDIGM?tag=eloabder-20&linkCode=osi&th=1&psc=1"><img src="https://m.media-amazon.com/images/I/41ym1o+HI0L._SL500_.jpg" alt="Product Image"></a><p>Munchkin® STEP™ Diaper Pail Powered by Arm & Hammer, #1 in Odor Control, Award-Winning, Includes 1 Snap, Seal & Toss™ Bag, 1 Starter Refill Ring, and 1 PUCK™ Baking Soda Cartridge</p><p> -19% 0FF </p><p>$59.99</p><a href="https://www.amazon.com/dp/B01BDQDIGM?tag=eloabder-20&linkCode=osi&th=1&psc=1">View Product</a></div><div class="product"><a href="https://www.amazon.com/dp/B0CNS3NMT5?tag=eloabder-20&linkCode=osi&th=1&psc=1"><img src="https://m.media-amazon.com/images/I/41VFasXJE-L._SL500_.jpg" alt="Product Image"></a><p>Diaper Genie Select Pail (Blue) is Made of Durable Stainless Steel and Includes 1 Starter Square Refill That can Hold up to 165 Newborn-Sized Diapers.</p><p> -34% 0FF </p><p>$32.79</p><a href="https://www.amazon.com/dp/B0CNS3NMT5?tag=eloabder-20&linkCode=osi&th=1&psc=1">View Product</a></div><div class="product"><a href="https://www.amazon.com/dp/B000RLQZD8?tag=eloabder-20&linkCode=osi&th=1&psc=1"><img src="https://m.media-amazon.com/images/I/41vuQVcyESL._SL500_.jpg" alt="Product Image"></a><p>Diaper Dekor Plus Hands-Free Diaper Pail | White | Easiest to Use | Just Step–Drop–Done | Doesn’t Absorb Odors | 20 Second Bag Change | Most Economical Refill System | Great for Cloth Diapers</p><p> -9% 0FF </p><p>$49.95</p><a href="https://www.amazon.com/dp/B000RLQZD8?tag=eloabder-20&linkCode=osi&th=1&psc=1">View Product</a></div>
<div class="product"><a href="https://www.amazon.com/dp/B016N3PHBO?tag=eloabder-20&linkCode=osi&th=1&psc=1"><img src="https://m.media-amazon.com/images/I/31X8EAoIwzL._SL500_.jpg" alt="Product Image"></a><p>A+D Zinc Oxide Diaper Rash Treatment Cream, Dimenthicone 1%, Zinc Oxide 10%, Easy Spreading Baby Skin Care, 4 Ounce Tube (Packaging May Vary)</p><p> -9% 0FF </p><p>$5.47 ($0.98 / Ounce)</p><a href="https://www.amazon.com/dp/B016N3PHBO?tag=eloabder-20&linkCode=osi&th=1&psc=1">View Product</a></div>
<div class="product"><a href="https://www.amazon.com/dp/B073V5XZHZ?tag=eloabder-20&linkCode=osi&th=1&psc=1"><img src="https://m.media-amazon.com/images/I/41FJH3vX0xL._SL500_.jpg" alt="Product Image"></a><p>hiccapop Hanging Diaper Organizer for Changing Table, Cribs and Walls, Diaper Stacker and Nursery Organizer | Hanging Storage Caddy Organizer for Baby Essentials |</p><p> -14% 0FF </p><p>$29.92</p><a href="https://www.amazon.com/dp/B073V5XZHZ?tag=eloabder-20&linkCode=osi&th=1&psc=1">View Product</a></div>

<div class="product"><a href="https://www.amazon.com/dp/B07MB5PZBF?tag=eloabder-20&linkCode=osi&th=1&psc=1"><img src="https://m.media-amazon.com/images/I/51JYyHL1KML._SL500_.jpg" alt="Product Image"></a><p>Huggies Size 1 Diapers, Little Snugglers Newborn Diapers, Size 1 (8-14 lbs), 32 Count</p><p> -19% 0FF </p><p>$9.94 ($0.31 / Count)</p><a href="https://www.amazon.com/dp/B07MB5PZBF?tag=eloabder-20&linkCode=osi&th=1&psc=1">View Product</a></div><div class="product"><a href="https://www.amazon.com/dp/B07T4WQRNJ?tag=eloabder-20&linkCode=osi&th=1&psc=1"><img src="https://m.media-amazon.com/images/I/41yeY7iBMEL._SL500_.jpg" alt="Product Image"></a><p>Amazon Brand - Mama Bear Gentle Touch Diapers, Hypoallergenic, Size 5, 33 Count, White</p><p> -9% 0FF </p><p>$11.61</p><a href="https://www.amazon.com/dp/B07T4WQRNJ?tag=eloabder-20&linkCode=osi&th=1&psc=1">View Product</a></div><div class="product"><a href="https://www.amazon.com/dp/B0CKV3GLS2?tag=eloabder-20&linkCode=osi&th=1&psc=1"><img src="https://m.media-amazon.com/images/I/51zE6kc5RWL._SL500_.jpg" alt="Product Image"></a><p>The Honest Company Clean Conscious Diapers | Plant-Based, Sustainable | Young at Heart + Rose Blossom | Club Box, Size 2 (12-18 lbs), 72 Count</p><p> -15% 0FF </p><p>$25.49 ($0.35 / Count)</p><a href="https://www.amazon.com/dp/B0CKV3GLS2?tag=eloabder-20&linkCode=osi&th=1&psc=1">View Product</a></div><div class="product"><a href="https://www.amazon.com/dp/B0CHGJ4YVM?tag=eloabder-20&linkCode=osi&th=1&psc=1"><img src="https://m.media-amazon.com/images/I/51eBhAfAr+L._SL500_.jpg" alt="Product Image"></a><p>Huggies Size 1 Diapers, Skin Essentials Baby Diapers, Size 1 (8-14 lbs), 32 Count</p><p> -19% 0FF </p><p>$9.94 ($0.31 / Count)</p><a href="https://www.amazon.com/dp/B0CHGJ4YVM?tag=eloabder-20&linkCode=osi&th=1&psc=1">View Product</a></div>
<div class="product"><a href="https://www.amazon.com/dp/B005OSHTXO?tag=eloabder-20&linkCode=osi&th=1&psc=1"><img src="https://m.media-amazon.com/images/I/41MQMmwwDUL._SL500_.jpg" alt="Product Image"></a><p>Badger Basket Modern Baby Changing Table with Laundry Hamper, 3 Storage Drawers and Pad, Diaper Change Station - Espresso/Ecru</p><p> -35% 0FF </p><p>$122.99</p><a href="https://www.amazon.com/dp/B005OSHTXO?tag=eloabder-20&linkCode=osi&th=1&psc=1">View Product</a></div><div class="product"><a href="https://www.amazon.com/dp/B0C84T1L1F?tag=eloabder-20&linkCode=osi&th=1&psc=1"><img src="https://m.media-amazon.com/images/I/31VUJhNc2fL._SL500_.jpg" alt="Product Image"></a><p>Portable Baby Changing Table with 2 Storage Baskets, BabyBond Foldable Changing Table Dresser Waterproof Diaper Changing Table Height Adjustable Changing Station for Infant and Newborn(Beige)</p><p> -10% 0FF </p><p>$143.99</p><a href="https://www.amazon.com/dp/B0C84T1L1F?tag=eloabder-20&linkCode=osi&th=1&psc=1">View Product</a></div><div class="product"><a href="https://www.amazon.com/dp/B002ACCC52?tag=eloabder-20&linkCode=osi&th=1&psc=1"><img src="https://m.media-amazon.com/images/I/415B3nyWlOS._SL500_.jpg" alt="Product Image"></a><p>Delta Children Eclipse Changing Table with Changing Pad, Black Cherry</p><p> -24% 0FF </p><p>$106.98</p><a href="https://www.amazon.com/dp/B002ACCC52?tag=eloabder-20&linkCode=osi&th=1&psc=1">View Product</a></div>
<div class="product"><a href="https://www.amazon.com/dp/B01AZ20SSQ?tag=eloabder-20&linkCode=osi&th=1&psc=1"><img src="https://m.media-amazon.com/images/I/51gIZq6E8lL._SL500_.jpg" alt="Product Image"></a><p>Baby Trend Sit N' Stand Double Stroller, Onyx</p><p> -30% 0FF </p><p>$139.99</p><a href="https://www.amazon.com/dp/B01AZ20SSQ?tag=eloabder-20&linkCode=osi&th=1&psc=1">View Product</a></div><div class="product"><a href="https://www.amazon.com/dp/B07B7QC8DV?tag=eloabder-20&linkCode=osi&th=1&psc=1"><img src="https://m.media-amazon.com/images/I/41bHbNU6jhL._SL500_.jpg" alt="Product Image"></a><p>Jeep Destination Ultralight Side x Side Double Stroller, Midnight</p><p> -15% 0FF </p><p>$254.00</p><a href="https://www.amazon.com/dp/B07B7QC8DV?tag=eloabder-20&linkCode=osi&th=1&psc=1">View Product</a></div><div class="product"><a href="https://www.amazon.com/dp/B00GJIXW2K?tag=eloabder-20&linkCode=osi&th=1&psc=1"><img src="https://m.media-amazon.com/images/I/518kAj+pzjL._SL500_.jpg" alt="Product Image"></a><p>Delta Children LX Side by Side Stroller - with Recline, Storage & Compact Fold, Grey</p><p> -33% 0FF </p><p>$74.00</p><a href="https://www.amazon.com/dp/B00GJIXW2K?tag=eloabder-20&linkCode=osi&th=1&psc=1">View Product</a></div><div class="product"><a href="https://www.amazon.com/dp/B01L7C479Y?tag=eloabder-20&linkCode=osi&th=1&psc=1"><img src="https://m.media-amazon.com/images/I/51QBKRK7LwL._SL500_.jpg" alt="Product Image"></a><p>Jeep Scout Double Stroller, Charcoal Galaxy</p><p> -8% 0FF </p><p>$109.99</p><a href="https://www.amazon.com/dp/B01L7C479Y?tag=eloabder-20&linkCode=osi&th=1&psc=1">View Product</a></div><div class="product"><a href="https://www.amazon.com/dp/B07BVMSHTZ?tag=eloabder-20&linkCode=osi&th=1&psc=1"><img src="https://m.media-amazon.com/images/I/41arpDdiGJL._SL500_.jpg" alt="Product Image"></a><p>Baby Trend Expedition Double Jogger Stroller, Griffin</p><p> -12% 0FF </p><p>$219.99</p><a href="https://www.amazon.com/dp/B07BVMSHTZ?tag=eloabder-20&linkCode=osi&th=1&psc=1">View Product</a></div><div class="product"><a href="https://www.amazon.com/dp/B095JMDHG1?tag=eloabder-20&linkCode=osi&th=1&psc=1"><img src="https://m.media-amazon.com/images/I/41RzxXFC3zL._SL500_.jpg" alt="Product Image"></a><p>Summer Infant 3Dlite Folding Lightweight Side by Side Double Stroller with 5-Point Safety Harness for Infants and Toddlers, Black</p><p> -10% 0FF </p><p>$143.99</p><a href="https://www.amazon.com/dp/B095JMDHG1?tag=eloabder-20&linkCode=osi&th=1&psc=1">View Product</a></div>
<div class="product"><a href="https://www.amazon.com/dp/B08SQ88X9F?tag=eloabder-20&linkCode=osi&th=1&psc=1"><img src="https://m.media-amazon.com/images/I/614bujHCtPL._SL500_.jpg" alt="Product Image"></a><p>One Fire Night Light for Kids, 96 Lighting Modes Star Projector 360° Rotating+6 Films Kids Night Light Projector,Rechargeable Baby Night Light Ceiling Projector for Bedroom,Kids Gifts&Kids Room Decor</p><p> -29% 0FF </p><p>$14.98</p><a href="https://www.amazon.com/dp/B08SQ88X9F?tag=eloabder-20&linkCode=osi&th=1&psc=1">View Product</a></div><div class="product"><a href="https://www.amazon.com/dp/B07NZN2ZYN?tag=eloabder-20&linkCode=osi&th=1&psc=1"><img src="https://m.media-amazon.com/images/I/51PBHAO+ngL._SL500_.jpg" alt="Product Image"></a><p>Night Light for Kids,Unicorn Night Light Star Projector Gifts for Kids Toddlers,Night Lights Projector for Baby,Unicorn Lamp Ceiling Lights for Girls Bedroom,Night Light for Kids Bedroom(Light Pink)</p><p> -25% 0FF </p><p>$14.99</p><a href="https://www.amazon.com/dp/B07NZN2ZYN?tag=eloabder-20&linkCode=osi&th=1&psc=1">View Product</a></div><div class="product"><a href="https://www.amazon.com/dp/B01LQX0BXA?tag=eloabder-20&linkCode=osi&th=1&psc=1"><img src="https://m.media-amazon.com/images/I/41BcHezl7XL._SL500_.jpg" alt="Product Image"></a><p>Emotionlite Plug in Night Light, Warm White LED Nightlights, Dusk to Dawn Sensor, Kids, Nursery, Bedroom, Bathroom,Hallway, Stairs, Kitchen, UL Listed, 4 Pack</p><p> -17% 0FF </p><p>$9.99 ($2.50 / Count)</p><a href="https://www.amazon.com/dp/B01LQX0BXA?tag=eloabder-20&linkCode=osi&th=1&psc=1">View Product</a></div><div class="product"><a href="https://www.amazon.com/dp/B07H71NHYM?tag=eloabder-20&linkCode=osi&th=1&psc=1"><img src="https://m.media-amazon.com/images/I/412t0Nzaz2L._SL500_.jpg" alt="Product Image"></a><p>2 Pack Sensor LED Night Lights, Color Changing Plug-in Led Mushroom Dream Bed Lamp for Kids Children Adults, Dusk to Dawn Sensor Auto On/Off, Funny Wall Decor Gifts for Nursery Baby Bed Flower Lamp</p><p> -20% 0FF </p><p>$7.99 ($4.00 / Count)</p><a href="https://www.amazon.com/dp/B07H71NHYM?tag=eloabder-20&linkCode=osi&th=1&psc=1">View Product</a></div>
<div class="product"><a href="https://www.amazon.com/dp/B07N1JP56L?tag=eloabder-20&linkCode=osi&th=1&psc=1"><img src="https://m.media-amazon.com/images/I/31R-qSPlk8L._SL500_.jpg" alt="Product Image"></a><p>Fisher-Price Baby Toy Soothe 'n Snuggle Otter Portable Plush Sound Machine with Music Lights & Breathing Motion for Newborns 0+ Months</p><p> -14% 0FF </p><p>$36.99</p><a href="https://www.amazon.com/dp/B07N1JP56L?tag=eloabder-20&linkCode=osi&th=1&psc=1">View Product</a></div><div class="product"><a href="https://www.amazon.com/dp/B006YBHE6M?tag=eloabder-20&linkCode=osi&th=1&psc=1"><img src="https://m.media-amazon.com/images/I/51xjlvsIJlL._SL500_.jpg" alt="Product Image"></a><p>Baby Einstein Sea Dreams Soother, Crib Mount</p><p> -15% 0FF </p><p>$53.99</p><a href="https://www.amazon.com/dp/B006YBHE6M?tag=eloabder-20&linkCode=osi&th=1&psc=1">View Product</a></div><div class="product"><a href="https://www.amazon.com/dp/B075LRC7Z4?tag=eloabder-20&linkCode=osi&th=1&psc=1"><img src="https://m.media-amazon.com/images/I/51n2YwyhfIL._SL500_.jpg" alt="Product Image"></a><p>Soft Dreams Elephant Music and Glow Soother, Grey/Mint</p><p> -17% 0FF </p><p>$19.99</p><a href="https://www.amazon.com/dp/B075LRC7Z4?tag=eloabder-20&linkCode=osi&th=1&psc=1">View Product</a></div><div class="product"><a href="https://www.amazon.com/dp/B0C98SMC3J?tag=eloabder-20&linkCode=osi&th=1&psc=1"><img src="https://m.media-amazon.com/images/I/41FqmVxcrYL._SL500_.jpg" alt="Product Image"></a><p>Baby Sleep Soother Pillow Pets Dream Lites Dinosaur Projector Plush Toys for Boys Girls Baby Sound Machine Stuffed Animal Machine Pillow Ceiling Toys for Toddler</p><p> -17% 0FF </p><p>$19.99</p><a href="https://www.amazon.com/dp/B0C98SMC3J?tag=eloabder-20&linkCode=osi&th=1&psc=1">View Product</a></div>
<div class="product"><a href="https://www.amazon.com/dp/B01HP0JU2G?tag=eloabder-20&linkCode=osi&th=1&psc=1"><img src="https://m.media-amazon.com/images/I/51VRUtudnyL._SL500_.jpg" alt="Product Image"></a><p>Braun ThermoScan 5 Ear Thermometer</p><p> -11% 0FF </p><p>$31.00</p><a href="https://www.amazon.com/dp/B01HP0JU2G?tag=eloabder-20&linkCode=osi&th=1&psc=1">View Product</a></div><div class="product"><a href="https://www.amazon.com/dp/B07YYMBVVC?tag=eloabder-20&linkCode=osi&th=1&psc=1"><img src="https://m.media-amazon.com/images/I/41eqvQ9sQ-L._SL500_.jpg" alt="Product Image"></a><p>Alcedo Forehead and Ear Thermometer for Adults, Kids, and Baby | Digital Infrared Thermometer for Fever | Touchless, Instant Read, Medical Grade | Pouch and Batteries Included</p><p> -17% 0FF </p><p>$24.95</p><a href="https://www.amazon.com/dp/B07YYMBVVC?tag=eloabder-20&linkCode=osi&th=1&psc=1">View Product</a></div>
<div class="product"><a href="https://www.amazon.com/dp/B077QBJNVM?tag=eloabder-20&linkCode=osi&th=1&psc=1"><img src="https://m.media-amazon.com/images/I/41Rrkn2-CKL._SL500_.jpg" alt="Product Image"></a><p>Baby Nail Trimmer 21 in 1, with Labeled case, Includes 13 Extra Replacement Tools, Royal Angels Baby Electric Nail Kit, Baby Nail Care, Nail File Newborn Toddler Toes & Fingernails Clipper (Blue)</p><p> -49% 0FF </p><p>$15.19</p><a href="https://www.amazon.com/dp/B077QBJNVM?tag=eloabder-20&linkCode=osi&th=1&psc=1">View Product</a></div><div class="product"><a href="https://www.amazon.com/dp/B0CL4G33BX?tag=eloabder-20&linkCode=osi&th=1&psc=1"><img src="https://m.media-amazon.com/images/I/41ciCj+3ozL._SL500_.jpg" alt="Product Image"></a><p>Momcozy Baby Nail File Electric, Gentle Baby Nail Trimmer Electric Rechargeable, Baby Nail Clipper Electric, 7 Grinding Head Replacement Pads</p><p> -17% 0FF </p><p>$24.99</p><a href="https://www.amazon.com/dp/B0CL4G33BX?tag=eloabder-20&linkCode=osi&th=1&psc=1">View Product</a></div><div class="product"><a href="https://www.amazon.com/dp/B07B2C8DJD?tag=eloabder-20&linkCode=osi&th=1&psc=1"><img src="https://m.media-amazon.com/images/I/41fgXtsyDWL._SL500_.jpg" alt="Product Image"></a><p>Baby Nail Trimmer Electric Nail File Baby Nail Clippers, Safe Nail Filer Grinder Kit for Newborn Infant Toddler Kids or Adults Toes Fingernails Care Trim Polish, with Led Light and 10 Grinding Heads</p><p> -8% 0FF </p><p>$14.99</p><a href="https://www.amazon.com/dp/B07B2C8DJD?tag=eloabder-20&linkCode=osi&th=1&psc=1">View Product</a></div><div class="product"><a href="https://www.amazon.com/dp/B0D6R6ZPPF?tag=eloabder-20&linkCode=osi&th=1&psc=1"><img src="https://m.media-amazon.com/images/I/41f5Kh-OjGL._SL500_.jpg" alt="Product Image"></a><p>Electric Baby Nail Clippers - 3 in 1 Fingernail Trimmer, Polisher & Clip Storage with Led, USB Rechargeable & 2 Speeds for Baby, Kids, Adult, Seniors, Caregivers</p><p> -15% 0FF </p><p>$23.58</p><a href="https://www.amazon.com/dp/B0D6R6ZPPF?tag=eloabder-20&linkCode=osi&th=1&psc=1">View Product</a></div>
<div class="product"><a href="https://www.amazon.com/dp/B07WY1PGQC?tag=eloabder-20&linkCode=osi&th=1&psc=1"><img src="https://m.media-amazon.com/images/I/414iv2EhSgL._SL500_.jpg" alt="Product Image"></a><p>Dr. Brown's Natural Flow Anti-Colic Options+ Narrow Glass Baby Bottle 8 oz/250 mL, with Level 1 Slow Flow Nipple, 2 Pack, 0m+</p><p> -6% 0FF </p><p>$15.98</p><a href="https://www.amazon.com/dp/B07WY1PGQC?tag=eloabder-20&linkCode=osi&th=1&psc=1">View Product</a></div><div class="product"><a href="https://www.amazon.com/dp/B000WPVCQE?tag=eloabder-20&linkCode=osi&th=1&psc=1"><img src="https://m.media-amazon.com/images/I/41sXQF4JFtL._SL500_.jpg" alt="Product Image"></a><p>Medela Slow Flow Feeding & Storage Bottles, 3 Pack of 5 Ounce Bottle with Nipple, Lids, Wide Base Collars, and Travel Caps, Made Without BPA</p><p> -37% 0FF </p><p>$14.98</p><a href="https://www.amazon.com/dp/B000WPVCQE?tag=eloabder-20&linkCode=osi&th=1&psc=1">View Product</a></div><div class="product"><a href="https://www.amazon.com/dp/B08XNYS46K?tag=eloabder-20&linkCode=osi&th=1&psc=1"><img src="https://m.media-amazon.com/images/I/31bCTm8z+KL._SL500_.jpg" alt="Product Image"></a><p>Sassy 2pk Baby Food Nursers- 3 Nipples, Multi</p><p> -15% 0FF </p><p>$11.04</p><a href="https://www.amazon.com/dp/B08XNYS46K?tag=eloabder-20&linkCode=osi&th=1&psc=1">View Product</a></div>
<div class="product"><a href="https://www.amazon.com/dp/B004RIBVTK?tag=eloabder-20&linkCode=osi&th=1&psc=1"><img src="https://m.media-amazon.com/images/I/41qLfV5gyYL._SL500_.jpg" alt="Product Image"></a><p>First Aid Only 12-110 Alcohol Wipes, Individually Wrapped, 100 Per Box</p><p> -9% 0FF </p><p>$5.29 ($0.05 / Count)</p><a href="https://www.amazon.com/dp/B004RIBVTK?tag=eloabder-20&linkCode=osi&th=1&psc=1">View Product</a></div><div class="product"><a href="https://www.amazon.com/dp/B09YN8K3TH?tag=eloabder-20&linkCode=osi&th=1&psc=1"><img src="https://m.media-amazon.com/images/I/51uaWltWJiL._SL500_.jpg" alt="Product Image"></a><p>Baby Healthcare and Grooming Kit, Portable Baby Safety Care Set, Baby Essentials kit for Newborn (Blue 26 in 1)</p><p> -6% 0FF </p><p>$16.99</p><a href="https://www.amazon.com/dp/B09YN8K3TH?tag=eloabder-20&linkCode=osi&th=1&psc=1">View Product</a></div><div class="product"><a href="https://www.amazon.com/dp/B09FFT9BL2?tag=eloabder-20&linkCode=osi&th=1&psc=1"><img src="https://m.media-amazon.com/images/I/51mTQI4FDBL._SL500_.jpg" alt="Product Image"></a><p>Smart Care Fisher-Price 6-Piece Baby Healthcare Kit, Newborn Essentials, Baby Gift Set, Includes Medicine Dispensers, Aspirator, Baby Nail Clippers, Baby Thermometer</p><p> -23% 0FF </p><p>$10.73</p><a href="https://www.amazon.com/dp/B09FFT9BL2?tag=eloabder-20&linkCode=osi&th=1&psc=1">View Product</a></div>

<div class="product"><a href="https://www.amazon.com/dp/B07GTMWP8R?tag=eloabder-20&linkCode=osi&th=1&psc=1"><img src="https://m.media-amazon.com/images/I/412oB-MFGOL._SL500_.jpg" alt="Product Image"></a><p>Matyz Versatile Baby Food Maker Set - Toddler Food Mills with Mash Bowl, Hand Masher, Citrus Juicer, Grater - Making Homemade Baby Food - Fruits and Vegetables Masher - No BPA (Yellow)</p><p> -36% 0FF </p><p>$15.99</p><a href="https://www.amazon.com/dp/B07GTMWP8R?tag=eloabder-20&linkCode=osi&th=1&psc=1">View Product</a></div><div class="product"><a href="https://www.amazon.com/dp/B00FWSQ55E?tag=eloabder-20&linkCode=osi&th=1&psc=1"><img src="https://m.media-amazon.com/images/I/316TAIMF4qL._SL500_.jpg" alt="Product Image"></a><p>NUK Fresh Foods Masher & Bowl, colour pistachio</p><p> -10% 0FF </p><p>$17.99</p><a href="https://www.amazon.com/dp/B00FWSQ55E?tag=eloabder-20&linkCode=osi&th=1&psc=1">View Product</a></div>
<div class="product"><a href="https://www.amazon.com/dp/B07MYW28QR?tag=eloabder-20&linkCode=osi&th=1&psc=1"><img src="https://m.media-amazon.com/images/I/315j5b08H9L._SL500_.jpg" alt="Product Image"></a><p>Baby Brezza New and Improved Formula Pro Advanced Formula Dispenser Machine - Automatically Mix a Warm Formula Bottle Instantly - Easily Make Bottle with Automatic Powder Blending, White</p><p> -20% 0FF </p><p>$184.99</p><a href="https://www.amazon.com/dp/B07MYW28QR?tag=eloabder-20&linkCode=osi&th=1&psc=1">View Product</a></div>
<div class="product"><a href="https://www.amazon.com/dp/B0B2KVK1QS?tag=eloabder-20&linkCode=osi&th=1&psc=1"><img src="https://m.media-amazon.com/images/I/31JCp0AmlBL._SL500_.jpg" alt="Product Image"></a><p>Dr. Brown's Baby Formula Mixing Pitcher with Adjustable Stopper, Locking Lid, & No Drip Spout, 32oz, BPA Free, Teal</p><p> -9% 0FF </p><p>$9.97</p><a href="https://www.amazon.com/dp/B0B2KVK1QS?tag=eloabder-20&linkCode=osi&th=1&psc=1">View Product</a></div><div class="product"><a href="https://www.amazon.com/dp/B0CM5J4JWT?tag=eloabder-20&linkCode=osi&th=1&psc=1"><img src="https://m.media-amazon.com/images/I/31VSt6TaXAL._SL500_.jpg" alt="Product Image"></a><p>Electric Baby Formula Mixing Pitcher, NehNeh Baby Bi-directional Alternating Stirring Mixer | No Air Bubble | No Clumps | No Drip Spout | Locking Lid | Fridge Storage 36oz, BPA Free -Green</p><p> -27% 0FF </p><p>$21.99</p><a href="https://www.amazon.com/dp/B0CM5J4JWT?tag=eloabder-20&linkCode=osi&th=1&psc=1">View Product</a></div><div class="product"><a href="https://www.amazon.com/dp/B0D1C9D91Q?tag=eloabder-20&linkCode=osi&th=1&psc=1"><img src="https://m.media-amazon.com/images/I/41MGIga8RYL._SL500_.jpg" alt="Product Image"></a><p>Electric Bottle Brush Cleaner Baby, Silicone Electric Baby Bottle Brush Set with Nipple Brush/Baby Formula Mixer USB Rechargeable & 2 Mode 360° Spinning Cleaner. Essential Feeding Supplies for Moms</p><p> -24% 0FF </p><p>$21.99</p><a href="https://www.amazon.com/dp/B0D1C9D91Q?tag=eloabder-20&linkCode=osi&th=1&psc=1">View Product</a></div>
<div class="product"><a href="https://www.amazon.com/dp/B0823FX2SL?tag=eloabder-20&linkCode=osi&th=1&psc=1"><img src="https://m.media-amazon.com/images/I/41i+ptDBdcL._SL500_.jpg" alt="Product Image"></a><p>Frida Baby Grooming Kit | Baby Essentials Gift Set Includes Finger Brush with Storage Stand, Hair Brush with Case, Styling Hair Comb, Easy Grip Nail Scissors with Nail File and Case</p><p> -39% 0FF </p><p>$15.26</p><a href="https://www.amazon.com/dp/B0823FX2SL?tag=eloabder-20&linkCode=osi&th=1&psc=1">View Product</a></div><div class="product"><a href="https://www.amazon.com/dp/B08PFCJWLF?tag=eloabder-20&linkCode=osi&th=1&psc=1"><img src="https://m.media-amazon.com/images/I/41ugdN8QcEL._SL500_.jpg" alt="Product Image"></a><p>OTTOLIVES Baby Healthcare and Grooming Kit, 24 in 1 Baby Electric Nail Trimmer Set Newborn Nursery Health Care Set for Newborn Infant Toddlers Baby Boys Girls Kids Haircut Tools (0-3 Years+) (Pink)</p><p> -17% 0FF </p><p>$24.99</p><a href="https://www.amazon.com/dp/B08PFCJWLF?tag=eloabder-20&linkCode=osi&th=1&psc=1">View Product</a></div>
<div class="product"><a href="https://www.amazon.com/dp/B074W7SKZ2?tag=eloabder-20&linkCode=osi&th=1&psc=1"><img src="https://m.media-amazon.com/images/I/31KOO0YFRdL._SL500_.jpg" alt="Product Image"></a><p>Mibote Baby Growth Height Chart Handing Ruler Wall Decor for Kids, Canvas Removable Height Growth Chart 79" x 7.9" (Black & White)</p><p> -18% 0FF </p><p>$7.99</p><a href="https://www.amazon.com/dp/B074W7SKZ2?tag=eloabder-20&linkCode=osi&th=1&psc=1">View Product</a></div><div class="product"><a href="https://www.amazon.com/dp/B073V6JFZ1?tag=eloabder-20&linkCode=osi&th=1&psc=1"><img src="https://m.media-amazon.com/images/I/31Fr48bMYdL._SL500_.jpg" alt="Product Image"></a><p>Kate and Laurel Growth Chart 6.5' Wood Wall Ruler, Rustic Brown</p><p> -12% 0FF </p><p>$52.99</p><a href="https://www.amazon.com/dp/B073V6JFZ1?tag=eloabder-20&linkCode=osi&th=1&psc=1">View Product</a></div><div class="product"><a href="https://www.amazon.com/dp/B08PTVQ1W5?tag=eloabder-20&linkCode=osi&th=1&psc=1"><img src="https://m.media-amazon.com/images/I/31m1GJZxGtS._SL500_.jpg" alt="Product Image"></a><p>PandaEar Baby Height Growth Chart Ruler| Kids Boys Girls | Removable Wall Decor Measurement 79" x 7.9" (White)</p><p> -16% 0FF </p><p>$7.59</p><a href="https://www.amazon.com/dp/B08PTVQ1W5?tag=eloabder-20&linkCode=osi&th=1&psc=1">View Product</a></div><div class="product"><a href="https://www.amazon.com/dp/B08TVT93RY?tag=eloabder-20&linkCode=osi&th=1&psc=1"><img src="https://m.media-amazon.com/images/I/41kME5mTgKL._SL500_.jpg" alt="Product Image"></a><p>SUJAYU Growth Chart for Kids, Canvas Height Chart Ruler Removable Wood Hanging Wall Ruler Measurement Chart for Home Decoration (White)</p><p> -13% 0FF </p><p>$6.99</p><a href="https://www.amazon.com/dp/B08TVT93RY?tag=eloabder-20&linkCode=osi&th=1&psc=1">View Product</a></div><div class="product"><a href="https://www.amazon.com/dp/B0D2N5HN9K?tag=eloabder-20&linkCode=osi&th=1&psc=1"><img src="https://m.media-amazon.com/images/I/41rYpem0a5L._SL500_.jpg" alt="Product Image"></a><p>Growth Chart for Wall Wooden Height Chart for Kids Unicorn Castle Height Measurement for Wall Kids Height Wall Chart Kids Room Nursery Wall Decor</p><p> -19% 0FF </p><p>$21.99</p><a href="https://www.amazon.com/dp/B0D2N5HN9K?tag=eloabder-20&linkCode=osi&th=1&psc=1">View Product</a></div>
<div class="product"><a href="https://www.amazon.com/dp/B01N1PTHED?tag=eloabder-20&linkCode=osi&th=1&psc=1"><img src="https://m.media-amazon.com/images/I/31l11tL5deL._SL500_.jpg" alt="Product Image"></a><p>Natemia Baby Hair Brush - Soft Bristle Hair Brush Baby, Baby Registry Gift, Soft Baby Brush, Toddler Hair Brush for Boys & Girls, Newborn Baby Essentials, Newborn Hair Brush, Baby Wooden Brush</p><p> -28% 0FF </p><p>$12.94</p><a href="https://www.amazon.com/dp/B01N1PTHED?tag=eloabder-20&linkCode=osi&th=1&psc=1">View Product</a></div><div class="product"><a href="https://www.amazon.com/dp/B07V6VN1V8?tag=eloabder-20&linkCode=osi&th=1&psc=1"><img src="https://m.media-amazon.com/images/I/415TTdnE6ZL._SL500_.jpg" alt="Product Image"></a><p>Baby Hair Brush - Baby Brush with Soft Goat Bristles, Cradle Cap Brush, Perfect Scalp Grooming Product for Infant, Toddler, Kids, Newborns, Baby Girls, Boys (Walnut, Oval)</p><p> -32% 0FF </p><p>$12.96</p><a href="https://www.amazon.com/dp/B07V6VN1V8?tag=eloabder-20&linkCode=osi&th=1&psc=1">View Product</a></div><div class="product"><a href="https://www.amazon.com/dp/B07XPS253G?tag=eloabder-20&linkCode=osi&th=1&psc=1"><img src="https://m.media-amazon.com/images/I/41Yb4VpbnkS._SL500_.jpg" alt="Product Image"></a><p>Molylove Baby Hair Brush, Wooden Goat Bristles Hair Brush for Newborns & Toddlers, Ideal for Cradle Cap, Perfect Baby Registry Gift, Hypoallergenic, 1 Count</p><p> -33% 0FF </p><p>$5.99</p><a href="https://www.amazon.com/dp/B07XPS253G?tag=eloabder-20&linkCode=osi&th=1&psc=1">View Product</a></div><div class="product"><a href="https://www.amazon.com/dp/B0D68KKVN2?tag=eloabder-20&linkCode=osi&th=1&psc=1"><img src="https://m.media-amazon.com/images/I/41M35gnwy-L._SL500_.jpg" alt="Product Image"></a><p>ROMY RO Soft Wooden Baby Hair Brush for Newborns & Toddlers in Chic Gift Box - Ultra Soft Natural Goat Hair - Perfect Registry Gift (Goat hair brush - Oval)</p><p> -48% 0FF </p><p>$12.94</p><a href="https://www.amazon.com/dp/B0D68KKVN2?tag=eloabder-20&linkCode=osi&th=1&psc=1">View Product</a></div>
<div class="product"><a href="https://www.amazon.com/dp/B08BPD2RHF?tag=eloabder-20&linkCode=osi&th=1&psc=1"><img src="https://m.media-amazon.com/images/I/41lSftNLw1L._SL500_.jpg" alt="Product Image"></a><p>Yoocaa Car Headrest Pillow, Road Pal Headrest, Adjustable Car Seat Head Neck Support, U Shaped Car Sleeping Pillow for Kids & Adults, Only Suitable for Car Seat Headrest with Poles, Black</p><p> -9% 0FF </p><p>$29.99</p><a href="https://www.amazon.com/dp/B08BPD2RHF?tag=eloabder-20&linkCode=osi&th=1&psc=1">View Product</a></div><div class="product"><a href="https://www.amazon.com/dp/B07LF8G768?tag=eloabder-20&linkCode=osi&th=1&psc=1"><img src="https://m.media-amazon.com/images/I/21e1Tt6BFrL._SL500_.jpg" alt="Product Image"></a><p>Car Head Support Toddle Car Neck Relief Baby Child Car Seat Adjustable Head and Neck Support Band - A Comfortable Sleep Solution (Gray)</p><p> -13% 0FF </p><p>$12.99</p><a href="https://www.amazon.com/dp/B07LF8G768?tag=eloabder-20&linkCode=osi&th=1&psc=1">View Product</a></div><div class="product"><a href="https://www.amazon.com/dp/B09ZL3P26Z?tag=eloabder-20&linkCode=osi&th=1&psc=1"><img src="https://m.media-amazon.com/images/I/31zv-UP+MDL._SL500_.jpg" alt="Product Image"></a><p>Pro Goleem Car Seat Head Support Infant, Soft Infant Car Seat Insert, 2 in 1 Carseat Head Support for Newborn, Perfect for Car Seat, Stroller, Swing, Bouncer, Gray and Black</p><p> -21% 0FF </p><p>$18.99</p><a href="https://www.amazon.com/dp/B09ZL3P26Z?tag=eloabder-20&linkCode=osi&th=1&psc=1">View Product</a></div>
<div class="product"><a href="https://www.amazon.com/dp/B0CLM3ZNJ6?tag=eloabder-20&linkCode=osi&th=1&psc=1"><img src="https://m.media-amazon.com/images/I/4131cOAl1wL._SL500_.jpg" alt="Product Image"></a><p>Toddler Bath Towel Baby Bath Towels Hooded Kids Towels for Boy Girl 0-5 Year, 2-Pack Thick Absorbent Toddler Towels Hooded Baby Towels with Hood, Large 50''x32'' Baby Hooded Towel for Kids Bath Towel</p><p> -20% 0FF </p><p>$23.99</p><a href="https://www.amazon.com/dp/B0CLM3ZNJ6?tag=eloabder-20&linkCode=osi&th=1&psc=1">View Product</a></div>
<div class="product"><a href="https://www.amazon.com/dp/B094YGQNSV?tag=eloabder-20&linkCode=osi&th=1&psc=1"><img src="https://m.media-amazon.com/images/I/31BKhmVToOL._SL500_.jpg" alt="Product Image"></a><p>Westinghouse Ultrasonic Cool Mist Humidifier, 4.5L Top Filling Quiet Air Humidifier with Low Water Alarm, Adjustable Mist Humidifier for Bedrooms</p><p> -60% 0FF </p><p>$25.00</p><a href="https://www.amazon.com/dp/B094YGQNSV?tag=eloabder-20&linkCode=osi&th=1&psc=1">View Product</a></div><div class="product"><a href="https://www.amazon.com/dp/B000056HL5?tag=eloabder-20&linkCode=osi&th=1&psc=1"><img src="https://m.media-amazon.com/images/I/41ad8kyAgJL._SL500_.jpg" alt="Product Image"></a><p>Vicks Ultrasonic Humidifier Cool Mist Humidifier to Help Relieve Cold and Flu Symptoms</p><p> -27% 0FF </p><p>$44.00</p><a href="https://www.amazon.com/dp/B000056HL5?tag=eloabder-20&linkCode=osi&th=1&psc=1">View Product</a></div><div class="product"><a href="https://www.amazon.com/dp/B000GWJD0A?tag=eloabder-20&linkCode=osi&th=1&psc=1"><img src="https://m.media-amazon.com/images/I/3124anf96JL._SL500_.jpg" alt="Product Image"></a><p>Crane Adorables Ultrasonic Humidifiers for Bedroom and Baby Nursery, 1 Gallon Cool Mist Air Humidifier for Large Room or Kid's Room, Humidifier Filters Optional, Penguin</p><p> -28% 0FF </p><p>$43.20</p><a href="https://www.amazon.com/dp/B000GWJD0A?tag=eloabder-20&linkCode=osi&th=1&psc=1">View Product</a></div><div class="product"><a href="https://www.amazon.com/dp/B06XP1GMDY?tag=eloabder-20&linkCode=osi&th=1&psc=1"><img src="https://m.media-amazon.com/images/I/31g-+ypTSrL._SL500_.jpg" alt="Product Image"></a><p>Babymoov Hygro Plus Cool Mist Humidifier 3-in-1 Humidity Control, Multicolored Night Light & Essential Oil Diffuser Easy Use and Care-Blue(NO Filter Needed)</p><p> -22% 0FF </p><p>$69.99</p><a href="https://www.amazon.com/dp/B06XP1GMDY?tag=eloabder-20&linkCode=osi&th=1&psc=1">View Product</a></div><div class="product"><a href="https://www.amazon.com/dp/B009COIFAC?tag=eloabder-20&linkCode=osi&th=1&psc=1"><img src="https://m.media-amazon.com/images/I/415IUpVHxDL._SL500_.jpg" alt="Product Image"></a><p>Guardian Technologies Pure Guardian H920BL Ultrasonic Cool Mist Humidifier, 10 Hrs. Run Time, 210 Sq. Ft. Coverage, Small Rooms, Quiet, Filter Free, Treated Tank Resists</p><p> -50% 0FF </p><p>$19.99</p><a href="https://www.amazon.com/dp/B009COIFAC?tag=eloabder-20&linkCode=osi&th=1&psc=1">View Product</a></div>
<div class="product"><a href="https://www.amazon.com/dp/B08847QPWV?tag=eloabder-20&linkCode=osi&th=1&psc=1"><img src="https://m.media-amazon.com/images/I/41I9zGsqR2L._SL500_.jpg" alt="Product Image"></a><p>Graco SnugFit 35 Infant Car Seat with Simply Safe Adjust Harness System | Baby Car Seat with Anti Rebound Bar, Gotham</p><p> -30% 0FF </p><p>$118.99</p><a href="https://www.amazon.com/dp/B08847QPWV?tag=eloabder-20&linkCode=osi&th=1&psc=1">View Product</a></div>
<div class="product"><a href="https://www.amazon.com/dp/B09DLGM21Q?tag=eloabder-20&linkCode=osi&th=1&psc=1"><img src="https://m.media-amazon.com/images/I/4161UIlOUcL._SL500_.jpg" alt="Product Image"></a><p>Fisher-Price Portable Baby Chair Sit-Me-Up Floor Seat with Developmental Toys & Machine Washable Seat Pad, Rainbow Sprinkles</p><p> -6% 0FF </p><p>$40.49</p><a href="https://www.amazon.com/dp/B09DLGM21Q?tag=eloabder-20&linkCode=osi&th=1&psc=1">View Product</a></div><div class="product"><a href="https://www.amazon.com/dp/B0C2V717QN?tag=eloabder-20&linkCode=osi&th=1&psc=1"><img src="https://m.media-amazon.com/images/I/413QFmg9NwL._SL500_.jpg" alt="Product Image"></a><p>EKEPE Inflatable Baby Seat for Babies 3 Months & Up, Baby Floor Seats for Sitting Up, Baby Seats for Infants, Blow Up Baby Chair with Built in Air Pump - Bear</p><p> -20% 0FF </p><p>$21.59</p><a href="https://www.amazon.com/dp/B0C2V717QN?tag=eloabder-20&linkCode=osi&th=1&psc=1">View Product</a></div>

<div class="product"><a href="https://www.amazon.com/dp/B01M6YVW7B?tag=eloabder-20&linkCode=osi&th=1&psc=1"><img src="https://m.media-amazon.com/images/I/41HXEU0eLLL._SL500_.jpg" alt="Product Image"></a><p>Angelcare Baby Bath Support (Gray) | Ideal for Babies Less Than 6 Months Old</p><p> -33% 0FF </p><p>$19.99</p><a href="https://www.amazon.com/dp/B01M6YVW7B?tag=eloabder-20&linkCode=osi&th=1&psc=1">View Product</a></div><div class="product"><a href="https://www.amazon.com/dp/B0D9JLFDWL?tag=eloabder-20&linkCode=osi&th=1&psc=1"><img src="https://m.media-amazon.com/images/I/41t4fYIsNiL._SL500_.jpg" alt="Product Image"></a><p>GloTika Foldable Baby Bathtub Support, Ergonomic Mesh Infant Bathtub, Portable Baby Bath Tub for Newborn Babies 0-6 Months, Grey</p><p> -31% 0FF </p><p>$19.99</p><a href="https://www.amazon.com/dp/B0D9JLFDWL?tag=eloabder-20&linkCode=osi&th=1&psc=1">View Product</a></div><div class="product"><a href="https://www.amazon.com/dp/B000XW65SG?tag=eloabder-20&linkCode=osi&th=1&psc=1"><img src="https://m.media-amazon.com/images/I/41Nyw2TWaWL._SL500_.jpg" alt="Product Image"></a><p>The First Years Newborn to Toddler Baby Bath Tub - Convertible 3-in-1 Baby Tub with Removable Sling - Ages 0 to 24 Months - Sure Comfort - Pink</p><p> -37% 0FF </p><p>$22.00</p><a href="https://www.amazon.com/dp/B000XW65SG?tag=eloabder-20&linkCode=osi&th=1&psc=1">View Product</a></div><div class="product"><a href="https://www.amazon.com/dp/B0CGD46P4F?tag=eloabder-20&linkCode=osi&th=1&psc=1"><img src="https://m.media-amazon.com/images/I/41lNJLni9PL._SL500_.jpg" alt="Product Image"></a><p>AVIDOR Baby Bathtub,Collapsible Bathtub for Newborn to Toddler,Durable Essential Infant Bath Tub,Portable Travel Baby Bathtub with Soft Cushion,No-Slip Hanging and Detachable Bathtub,Green</p><p> -18% 0FF </p><p>$32.99</p><a href="https://www.amazon.com/dp/B0CGD46P4F?tag=eloabder-20&linkCode=osi&th=1&psc=1">View Product</a></div>
<div class="product"><a href="https://www.amazon.com/dp/B0CKWN7R3N?tag=eloabder-20&linkCode=osi&th=1&psc=1"><img src="https://m.media-amazon.com/images/I/31Z12rMqZ6L._SL500_.jpg" alt="Product Image"></a><p>Itzy Ritzy Insulated Bottle Bag – Keeps Bottles Warm or Cool - Holds 3 Bottles & Features Interior Pocket for Ice Pack (Not Included), Milk & Honey</p><p> -29% 0FF </p><p>$24.99</p><a href="https://www.amazon.com/dp/B0CKWN7R3N?tag=eloabder-20&linkCode=osi&th=1&psc=1">View Product</a></div>
<div class="product"><a href="https://www.amazon.com/dp/B002GKC4AG?tag=eloabder-20&linkCode=osi&th=1&psc=1"><img src="https://m.media-amazon.com/images/I/4195Qc9-38L._SL500_.jpg" alt="Product Image"></a><p>My Brest Friend Professional Nursing Pillow | Ergonomic Breastfeeding Pillows | Ideal for Lactation Consultants, NICUs & More | Breastfeeding Essentials | Handy Side Pocket & Easily Wipes Clean, Blue</p><p> -6% 0FF </p><p>$51.50</p><a href="https://www.amazon.com/dp/B002GKC4AG?tag=eloabder-20&linkCode=osi&th=1&psc=1">View Product</a></div><div class="product"><a href="https://www.amazon.com/dp/B0BT6TTHK6?tag=eloabder-20&linkCode=osi&th=1&psc=1"><img src="https://m.media-amazon.com/images/I/51GP+4wNoZL._SL500_.jpg" alt="Product Image"></a><p>Boppy Nursing Pillow Best Latch, Mocha Half Domes, Created with Lactation Consultant, Firm Contoured and Plush Sides for Two Breastfeeding Options, Padded Belt, Plus Sized to Petite, Machine Washable</p><p> -20% 0FF </p><p>$40.00</p><a href="https://www.amazon.com/dp/B0BT6TTHK6?tag=eloabder-20&linkCode=osi&th=1&psc=1">View Product</a></div>
<div class="product"><a href="https://www.amazon.com/dp/B01GGLV4V0?tag=eloabder-20&linkCode=osi&th=1&psc=1"><img src="https://m.media-amazon.com/images/I/41KKABFTw+L._SL500_.jpg" alt="Product Image"></a><p>Zote Pink Soap Pack of 3 Total 7 oz</p><p> -10% 0FF </p><p>$6.30</p><a href="https://www.amazon.com/dp/B01GGLV4V0?tag=eloabder-20&linkCode=osi&th=1&psc=1">View Product</a></div><div class="product"><a href="https://www.amazon.com/dp/B08MPWSBRR?tag=eloabder-20&linkCode=osi&th=1&psc=1"><img src="https://m.media-amazon.com/images/I/31gvg0Il4bL._SL500_.jpg" alt="Product Image"></a><p>Grangers Down Wash/Detergent for Down Insulated Clothing, Sleeping Bags and Bedding (12 Washes), 10 oz</p><p> -6% 0FF </p><p>$13.45 ($1.34 / Fl Oz)</p><a href="https://www.amazon.com/dp/B08MPWSBRR?tag=eloabder-20&linkCode=osi&th=1&psc=1">View Product</a></div><div class="product"><a href="https://www.amazon.com/dp/B08Y9691J6?tag=eloabder-20&linkCode=osi&th=1&psc=1"><img src="https://m.media-amazon.com/images/I/31wqAyGiS-L._SL500_.jpg" alt="Product Image"></a><p>WHOLENATURALS Pure Castile Soap Liquid, EWG Verified & Certified Palm Oil Free Unscented, Natural, Mild & Gentle Non-gmo & Vegan - Organic Body Wash, Laundry, and Baby Soap - 64 Fl Oz</p><p> -17% 0FF </p><p>$28.89 ($0.45 / Fl Oz)</p><a href="https://www.amazon.com/dp/B08Y9691J6?tag=eloabder-20&linkCode=osi&th=1&psc=1">View Product</a></div>
<div class="product"><a href="https://www.amazon.com/dp/B01JK164JU?tag=eloabder-20&linkCode=osi&th=1&psc=1"><img src="https://m.media-amazon.com/images/I/31tGM0o-n7L._SL500_.jpg" alt="Product Image"></a><p>The Honest Company Hydrating Face + Body Lotion | Fast Absorbing, Naturally Derived, Hypoallergenic | Lavender Calm, 8.5 fl oz</p><p> -8% 0FF </p><p>$10.99 ($1.29 / Fl Oz)</p><a href="https://www.amazon.com/dp/B01JK164JU?tag=eloabder-20&linkCode=osi&th=1&psc=1">View Product</a></div><div class="product"><a href="https://www.amazon.com/dp/B0018CK3VK?tag=eloabder-20&linkCode=osi&th=1&psc=1"><img src="https://m.media-amazon.com/images/I/41+wBu0geAL._SL500_.jpg" alt="Product Image"></a><p>Avalon Organics Hand & Body Lotion, Aloe Unscented, 32 Oz</p><p> -12% 0FF </p><p>$17.19 ($0.54 / Ounce)</p><a href="https://www.amazon.com/dp/B0018CK3VK?tag=eloabder-20&linkCode=osi&th=1&psc=1">View Product</a></div><div class="product"><a href="https://www.amazon.com/dp/B0013DIZL4?tag=eloabder-20&linkCode=osi&th=1&psc=1"><img src="https://m.media-amazon.com/images/I/31bPmcqX7+L._SL500_.jpg" alt="Product Image"></a><p>Lubriderm Intense Dry Skin Repair Lotion + Pro-Ceramide with Vitamin E & Minerals Helps to Repair Rough, Dry Skin, Fast Absorbing Lotion is Fragrance-Free and Non-Greasy, 16 fl. oz</p><p> -24% 0FF </p><p>$9.34 ($0.58 / Fl Oz)</p><a href="https://www.amazon.com/dp/B0013DIZL4?tag=eloabder-20&linkCode=osi&th=1&psc=1">View Product</a></div>
<div class="product"><a href="https://www.amazon.com/dp/B0BPHJN972?tag=eloabder-20&linkCode=osi&th=1&psc=1"><img src="https://m.media-amazon.com/images/I/41np1V18sQL._SL500_.jpg" alt="Product Image"></a><p>Pro Goleem Loveys for Babies - Soft Security Blanket Baby Snuggle Toy Newborn Stuffed Animals Baby Gifts for Boys and Girls, Lion 16 Inch</p><p> -37% 0FF </p><p>$9.48</p><a href="https://www.amazon.com/dp/B0BPHJN972?tag=eloabder-20&linkCode=osi&th=1&psc=1">View Product</a></div><div class="product"><a href="https://www.amazon.com/dp/B01MRVHKP1?tag=eloabder-20&linkCode=osi&th=1&psc=1"><img src="https://m.media-amazon.com/images/I/5183CyG7XSL._SL500_.jpg" alt="Product Image"></a><p>Mary Meyer Putty Nursery Character Blanket, Hound Dog, 1 Pack</p><p> -9% 0FF </p><p>$19.96</p><a href="https://www.amazon.com/dp/B01MRVHKP1?tag=eloabder-20&linkCode=osi&th=1&psc=1">View Product</a></div><div class="product"><a href="https://www.amazon.com/dp/B00PKP4JUM?tag=eloabder-20&linkCode=osi&th=1&psc=1"><img src="https://m.media-amazon.com/images/I/41OzmBpx8bL._SL500_.jpg" alt="Product Image"></a><p>Mary Meyer Lovey Soft Toy, 13-Inches, Oatmeal Bunny</p><p> -14% 0FF </p><p>$17.96</p><a href="https://www.amazon.com/dp/B00PKP4JUM?tag=eloabder-20&linkCode=osi&th=1&psc=1">View Product</a></div><div class="product"><a href="https://www.amazon.com/dp/B08PP8S8KZ?tag=eloabder-20&linkCode=osi&th=1&psc=1"><img src="https://m.media-amazon.com/images/I/41kmsE51naL._SL500_.jpg" alt="Product Image"></a><p>Pro Goleem Dog Security Blanket Brown Soft Puppy Lovey for Boys and Girls Unisex Lovie Baby Gifts for Toddler and Infant Snuggle Toy Stuffed Animal 16 Inch</p><p> -25% 0FF </p><p>$14.99</p><a href="https://www.amazon.com/dp/B08PP8S8KZ?tag=eloabder-20&linkCode=osi&th=1&psc=1">View Product</a></div><div class="product"><a href="https://www.amazon.com/dp/B08SZD1XXG?tag=eloabder-20&linkCode=osi&th=1&psc=1"><img src="https://m.media-amazon.com/images/I/41M7mPD9ieL._SL500_.jpg" alt="Product Image"></a><p>Itzy Ritzy - Itzy Lovey Including Teether - Baby Lovey with Teether, Textured Ribbons & Dangle Arms - Features Crinkle Sound, Sherpa Fabric and Minky Plush (Sloth)</p><p> -31% 0FF </p><p>$8.90</p><a href="https://www.amazon.com/dp/B08SZD1XXG?tag=eloabder-20&linkCode=osi&th=1&psc=1">View Product</a></div>
<div class="product"><a href="https://www.amazon.com/dp/B0B5Z89FZW?tag=eloabder-20&linkCode=osi&th=1&psc=1"><img src="https://m.media-amazon.com/images/I/31HOhMzLqbL._SL500_.jpg" alt="Product Image"></a><p>Yoofoss Waterproof Crib Mattress Protector 2 Pack, Quilted Crib Mattress Pad Cover Ultra Soft and Breathable, Machine Washable Toddler Mattress Protector for Standard Baby Crib Size 52''x28''</p><p> -17% 0FF </p><p>$19.99</p><a href="https://www.amazon.com/dp/B0B5Z89FZW?tag=eloabder-20&linkCode=osi&th=1&psc=1">View Product</a></div><div class="product"><a href="https://www.amazon.com/dp/B0CFG4G839?tag=eloabder-20&linkCode=osi&th=1&psc=1"><img src="https://m.media-amazon.com/images/I/41tYoYajqyL._SL500_.jpg" alt="Product Image"></a><p>SafeRest Sleepure 100% Waterproof Crib Size Mattress Protector - Viscose Derived from Bamboo - Fitted with Stretchable Pockets - Machine Washable Cotton Mattress Cover for Bed</p><p> -40% 0FF </p><p>$20.99</p><a href="https://www.amazon.com/dp/B0CFG4G839?tag=eloabder-20&linkCode=osi&th=1&psc=1">View Product</a></div><div class="product"><a href="https://www.amazon.com/dp/B09B1NNPP9?tag=eloabder-20&linkCode=osi&th=1&psc=1"><img src="https://m.media-amazon.com/images/I/31P+e7ESa8L._SL500_.jpg" alt="Product Image"></a><p>Bassinet Mattress Pad Cover 2 Pack Quilted Bassinet Mattress Protector Waterproof Bassinet Sheets (32"x17") for Boys & Girls, Fit for Hourglass/Oval Bassinet Mattress, White</p><p> -15% 0FF </p><p>$14.23</p><a href="https://www.amazon.com/dp/B09B1NNPP9?tag=eloabder-20&linkCode=osi&th=1&psc=1">View Product</a></div>
<div class="product"><a href="https://www.amazon.com/dp/B07WW1CT4W?tag=eloabder-20&linkCode=osi&th=1&psc=1"><img src="https://m.media-amazon.com/images/I/51jnxJGkipL._SL500_.jpg" alt="Product Image"></a><p>Luka&Lily Month Milestone Blanket- 60"x40" for Baby Boys - First Year Calendar Monthly Growth Chart, Moon - Shower Gifts</p><p> -14% 0FF </p><p>$29.99</p><a href="https://www.amazon.com/dp/B07WW1CT4W?tag=eloabder-20&linkCode=osi&th=1&psc=1">View Product</a></div><div class="product"><a href="https://www.amazon.com/dp/B07BNBTGHD?tag=eloabder-20&linkCode=osi&th=1&psc=1"><img src="https://m.media-amazon.com/images/I/4143Q79bsYL._SL500_.jpg" alt="Product Image"></a><p>Organic Baby Monthly Milestone Blanket Boy or Girl - Months Blanket with Wood Frame and Newborn Announcement Disc - Growth Chart Milestone Blanket Neutral, 1-12 Month Milestones, 47”x47”</p><p> -21% 0FF </p><p>$25.99</p><a href="https://www.amazon.com/dp/B07BNBTGHD?tag=eloabder-20&linkCode=osi&th=1&psc=1">View Product</a></div><div class="product"><a href="https://www.amazon.com/dp/B07SW75W4Q?tag=eloabder-20&linkCode=osi&th=1&psc=1"><img src="https://m.media-amazon.com/images/I/41JMlZBEbQL._SL500_.jpg" alt="Product Image"></a><p>Kate & Milo Baby Monthly Milestone Blanket, Infant Milestone Markers, Newborn Photoshoot Photo Props, Baby Girl or Baby Boy Gift, Large Blanket</p><p> -19% 0FF </p><p>$12.21</p><a href="https://www.amazon.com/dp/B07SW75W4Q?tag=eloabder-20&linkCode=osi&th=1&psc=1">View Product</a></div><div class="product"><a href="https://www.amazon.com/dp/B0986S52N1?tag=eloabder-20&linkCode=osi&th=1&psc=1"><img src="https://m.media-amazon.com/images/I/51v8Yn1ycsL._SL500_.jpg" alt="Product Image"></a><p>Popfavors, Yuzioey Safari Baby Monthly Milestone Blanket, Jungle Animals Baby Month Blanket , Baby Boy Blanket Growth Chart Nursery Decor, Includes Marker, White, 50Inx40In</p><p> -5% 0FF </p><p>$18.99</p><a href="https://www.amazon.com/dp/B0986S52N1?tag=eloabder-20&linkCode=osi&th=1&psc=1">View Product</a></div><div class="product"><a href="https://www.amazon.com/dp/B0CX9W8SND?tag=eloabder-20&linkCode=osi&th=1&psc=1"><img src="https://m.media-amazon.com/images/I/41r8vCzGa2L._SL500_.jpg" alt="Product Image"></a><p>Pearhead Hello World Milestone Blanket and Prop, Baby Monthly Milestone Updates, Growth Blanket with Photo Posing Props, Ideal Mother's Day Gift, Perfect Newborn Gift and Nursery Decor</p><p> -6% 0FF </p><p>$18.79</p><a href="https://www.amazon.com/dp/B0CX9W8SND?tag=eloabder-20&linkCode=osi&th=1&psc=1">View Product</a></div><div class="product"><a href="https://www.amazon.com/dp/B07JKN43H6?tag=eloabder-20&linkCode=osi&th=1&psc=1"><img src="https://m.media-amazon.com/images/I/511MIyg00lL._SL500_.jpg" alt="Product Image"></a><p>Bliss n' Baby Monthly Milestone Blanket for Baby Girl - 60"x40" - Wrinkle Free Baby Age Month Blanket with Growth Chart - Washable & Dryable - w/Wreath & Headband - Floral Theme</p><p> -14% 0FF </p><p>$23.99</p><a href="https://www.amazon.com/dp/B07JKN43H6?tag=eloabder-20&linkCode=osi&th=1&psc=1">View Product</a></div>
<div class="product"><a href="https://www.amazon.com/dp/B001E1JKFU?tag=eloabder-20&linkCode=osi&th=1&psc=1"><img src="https://m.media-amazon.com/images/I/41JBWVeh+QL._SL500_.jpg" alt="Product Image"></a><p>Stansport Mosquito Netting Small (705)</p><p> -39% 0FF </p><p>$16.33</p><a href="https://www.amazon.com/dp/B001E1JKFU?tag=eloabder-20&linkCode=osi&th=1&psc=1">View Product</a></div><div class="product"><a href="https://www.amazon.com/dp/B0BV2RNTR7?tag=eloabder-20&linkCode=osi&th=1&psc=1"><img src="https://m.media-amazon.com/images/I/51-iyQhcHsL._SL500_.jpg" alt="Product Image"></a><p>Mosquito Net for Bed,Large Mosquito Netting Tent Canopy for Beds,Folding Portable Design Travel POP UP Mosquito Netting for Bed,L80*W72*H60inch Queen King Size Mosquito Net</p><p> -14% 0FF </p><p>$31.99</p><a href="https://www.amazon.com/dp/B0BV2RNTR7?tag=eloabder-20&linkCode=osi&th=1&psc=1">View Product</a></div><div class="product"><a href="https://www.amazon.com/dp/B0D8HLQJ5G?tag=eloabder-20&linkCode=osi&th=1&psc=1"><img src="https://m.media-amazon.com/images/I/31hFeMp1LQL._SL500_.jpg" alt="Product Image"></a><p>77 * 30 * 23 Inch Large Pop Up Mosquito Tent, Portable Foldable Mosquito Net for Bed Camping Travel Patio</p><p> -6% 0FF </p><p>$29.99</p><a href="https://www.amazon.com/dp/B0D8HLQJ5G?tag=eloabder-20&linkCode=osi&th=1&psc=1">View Product</a></div><div class="product"><a href="https://www.amazon.com/dp/B0C2YQKF71?tag=eloabder-20&linkCode=osi&th=1&psc=1"><img src="https://m.media-amazon.com/images/I/41yDl7W2ZNL._SL500_.jpg" alt="Product Image"></a><p>Portable Mosquito Net Tent, Folding Mosquito Head Net, Pop Up Mosquito Tent Netting for Bedding Camping Traveling Patio (1 Pack, Large)</p><p> -20% 0FF </p><p>$15.99</p><a href="https://www.amazon.com/dp/B0C2YQKF71?tag=eloabder-20&linkCode=osi&th=1&psc=1">View Product</a></div>
<div class="product"><a href="https://www.amazon.com/dp/B0CL9SJ88Z?tag=eloabder-20&linkCode=osi&th=1&psc=1"><img src="https://m.media-amazon.com/images/I/41iQwRq8cBL._SL500_.jpg" alt="Product Image"></a><p>Muslin Swaddle Blankets for Newborn, 3 Pack Breathable Soft Receiving Blanket, Large 38 x 40 inches Swaddle Wrap Burping Clothes, Essentials Infant Shower Items, Toddler Gift (Bright Colors)</p><p> -5% 0FF </p><p>$18.99</p><a href="https://www.amazon.com/dp/B0CL9SJ88Z?tag=eloabder-20&linkCode=osi&th=1&psc=1">View Product</a></div><div class="product"><a href="https://www.amazon.com/dp/B0C6GP7NXF?tag=eloabder-20&linkCode=osi&th=1&psc=1"><img src="https://m.media-amazon.com/images/I/51vjlWRLQjL._SL500_.jpg" alt="Product Image"></a><p>Konssy 2 Pack Muslin Swaddle Blankets for Baby Boys Girls, Receiving Blanket Large 47 x 47 inches, Soft Breathable Muslin Baby Blanket for Unisex Newborn(Pink, Floral)</p><p> -19% 0FF </p><p>$21.99 ($11.00 / Count)</p><a href="https://www.amazon.com/dp/B0C6GP7NXF?tag=eloabder-20&linkCode=osi&th=1&psc=1">View Product</a></div>
<div class="product"><a href="https://www.amazon.com/dp/B0B8TCTXBV?tag=eloabder-20&linkCode=osi&th=1&psc=1"><img src="https://m.media-amazon.com/images/I/41j61T25VcL._SL500_.jpg" alt="Product Image"></a><p>aden + anais Essentials Swaddle Blanket, Boutique Muslin Blankets for Girls & Boys, Baby Receiving Swaddles, Ideal Newborn & Infant Swaddling Set, Perfect Shower Gifts, 4 Pack, Alphabet Animals</p><p> -29% 0FF </p><p>$28.49</p><a href="https://www.amazon.com/dp/B0B8TCTXBV?tag=eloabder-20&linkCode=osi&th=1&psc=1">View Product</a></div>
<div class="product"><a href="https://www.amazon.com/dp/B0D475YDF5?tag=eloabder-20&linkCode=osi&th=1&psc=1"><img src="https://m.media-amazon.com/images/I/31TAYPOHywL._SL500_.jpg" alt="Product Image"></a><p>Electric Nail Clipper with Nail File, 2 in 1 Rechargeable & Gentle Nail Trimmer with LED Light for Baby and Seniors</p><p> -37% 0FF </p><p>$12.00 ($1.13 / Ounce)</p><a href="https://www.amazon.com/dp/B0D475YDF5?tag=eloabder-20&linkCode=osi&th=1&psc=1">View Product</a></div><div class="product"><a href="https://www.amazon.com/dp/B0D6BCSLNQ?tag=eloabder-20&linkCode=osi&th=1&psc=1"><img src="https://m.media-amazon.com/images/I/413w5b8GCzL._SL500_.jpg" alt="Product Image"></a><p>Automatic Nail Clipper, 2 in-1 Electric Nail Clipper and Nail Polisher, Electric Baby Nail Clippers with Light,USB Rechargeable Suitable for Babies,Women Manicure,Kids, Adults and Seniors（Orange）</p><p> -23% 0FF </p><p>$16.99</p><a href="https://www.amazon.com/dp/B0D6BCSLNQ?tag=eloabder-20&linkCode=osi&th=1&psc=1">View Product</a></div>

<div class="product"><a href="https://www.amazon.com/dp/B0037SEU7Q?tag=eloabder-20&linkCode=osi&th=1&psc=1"><img src="https://m.media-amazon.com/images/I/41yN94m-XlL._SL500_.jpg" alt="Product Image"></a><p>Bepanthen Nappy Care Ointment 5 Percent, 30 g</p><p> -13% 0FF </p><p>$6.79 ($6.47 / Ounce)</p><a href="https://www.amazon.com/dp/B0037SEU7Q?tag=eloabder-20&linkCode=osi&th=1&psc=1">View Product</a></div><div class="product"><a href="https://www.amazon.com/dp/B0BTTT6VW2?tag=eloabder-20&linkCode=osi&th=1&psc=1"><img src="https://m.media-amazon.com/images/I/41cBqj0Z9tL._SL500_.jpg" alt="Product Image"></a><p>Weleda Baby Calendula Diaper Cream, 2.8 Fluid Ounce (Pack of 3), Plant Rich Protection with Calendula, Chamomile, Sweet Almond Oil, Lanolin and Zinc Oxide</p><p> -13% 0FF </p><p>$32.29 ($3.84 / Fl Oz)</p><a href="https://www.amazon.com/dp/B0BTTT6VW2?tag=eloabder-20&linkCode=osi&th=1&psc=1">View Product</a></div><div class="product"><a href="https://www.amazon.com/dp/B074YXP676?tag=eloabder-20&linkCode=osi&th=1&psc=1"><img src="https://m.media-amazon.com/images/I/41y8VvUNCLL._SL500_.jpg" alt="Product Image"></a><p>Nappy Styles Napping Creme Paste</p><p> -12% 0FF </p><p>$14.36 ($1.80 / Ounce)</p><a href="https://www.amazon.com/dp/B074YXP676?tag=eloabder-20&linkCode=osi&th=1&psc=1">View Product</a></div>
<div class="product"><a href="https://www.amazon.com/dp/B00821FLSU?tag=eloabder-20&linkCode=osi&th=1&psc=1"><img src="https://m.media-amazon.com/images/I/31MQYDa7dYL._SL500_.jpg" alt="Product Image"></a><p>Ubbi Steel Diaper Pail, Odor Locking, No Special Bag Required, Award-Winning, Registry Must-Have, Gray</p><p> -12% 0FF </p><p>$69.99</p><a href="https://www.amazon.com/dp/B00821FLSU?tag=eloabder-20&linkCode=osi&th=1&psc=1">View Product</a></div><div class="product"><a href="https://www.amazon.com/dp/B0CNS2FRMZ?tag=eloabder-20&linkCode=osi&th=1&psc=1"><img src="https://m.media-amazon.com/images/I/31O+tXnLaXL._SL500_.jpg" alt="Product Image"></a><p>Diaper Genie Select Pail is Made of Durable Stainless Steel and Includes 1 Starter Square Refill That can Hold up to 165 Newborn-Sized Diapers.</p><p> -20% 0FF </p><p>$35.99</p><a href="https://www.amazon.com/dp/B0CNS2FRMZ?tag=eloabder-20&linkCode=osi&th=1&psc=1">View Product</a></div><div class="product"><a href="https://www.amazon.com/dp/B08XNVW9TW?tag=eloabder-20&linkCode=osi&th=1&psc=1"><img src="https://m.media-amazon.com/images/I/41U7mL6nXRL._SL500_.jpg" alt="Product Image"></a><p>Sassy 250 Count Disposable Diaper Sacks, Lavender Scented, Easy-To-Tie, Diaper Disposal or Pet Waste Bags</p><p> -11% 0FF </p><p>$9.80</p><a href="https://www.amazon.com/dp/B08XNVW9TW?tag=eloabder-20&linkCode=osi&th=1&psc=1">View Product</a></div>


<div class="product"><a href="https://www.amazon.com/dp/B0CTKK5YY5?tag=eloabder-20&linkCode=osi&th=1&psc=1"><img src="https://m.media-amazon.com/images/I/31OhvT5rWmL._SL500_.jpg" alt="Product Image"></a><p>Koalababy Large Flow Electric Nasal Aspirator, Newest Baby Nose Sucker, Nose Cleaner for Toddlers with 3 Suction Levels, Soothing Music and Light, Space Gray</p><p> -33% 0FF </p><p>$29.99</p><a href="https://www.amazon.com/dp/B0CTKK5YY5?tag=eloabder-20&linkCode=osi&th=1&psc=1">View Product</a></div>
<div class="product"><a href="https://www.amazon.com/dp/B07GG1R9WC?tag=eloabder-20&linkCode=osi&th=1&psc=1"><img src="https://m.media-amazon.com/images/I/31T-p4V5gsL._SL500_.jpg" alt="Product Image"></a><p>Gerber Unisex Baby Multi-Pack Long-Sleeve Onesies Bodysuit Mitten Cuff Sizes 6-Pack Mitten Cuff Newborn</p><p> -12% 0FF </p><p>$15.81</p><a href="https://www.amazon.com/dp/B07GG1R9WC?tag=eloabder-20&linkCode=osi&th=1&psc=1">View Product</a></div><div class="product"><a href="https://www.amazon.com/dp/B0BVMXF1DJ?tag=eloabder-20&linkCode=osi&th=1&psc=1"><img src="https://m.media-amazon.com/images/I/31aJYRwZ+-L._SL500_.jpg" alt="Product Image"></a><p>HonestBaby Baby Boys 3-pack Organic Cotton Long Sleeve Side-snap Kimono Bodysuits And Toddler T-Shirt Set, Honestly Pure White, Newborn US</p><p> -63% 0FF </p><p>$11.19</p><a href="https://www.amazon.com/dp/B0BVMXF1DJ?tag=eloabder-20&linkCode=osi&th=1&psc=1">View Product</a></div>
<div class="product"><a href="https://www.amazon.com/dp/B01N47M3V0?tag=eloabder-20&linkCode=osi&th=1&psc=1"><img src="https://m.media-amazon.com/images/I/31WVThyEEcL._SL500_.jpg" alt="Product Image"></a><p>Uigos LED Night Light Lamp with Smart Sensor Dusk to Dawn Sensor, Daylight White, 0.5W Plug-in, 6-Pack</p><p> -23% 0FF </p><p>$9.99</p><a href="https://www.amazon.com/dp/B01N47M3V0?tag=eloabder-20&linkCode=osi&th=1&psc=1">View Product</a></div><div class="product"><a href="https://www.amazon.com/dp/B09B1B6J9S?tag=eloabder-20&linkCode=osi&th=1&psc=1"><img src="https://m.media-amazon.com/images/I/11rEGPdWq7L._SL500_.jpg" alt="Product Image"></a><p>Anico EASZZZ Baby Night Light, Nursery Night Lamp for Breastfeeding, Soft BPA Free Silicone Touch Night Lamp, Eye Caring, Easy Flip Design, Stepless Dimming, 1-Pack</p><p> -25% 0FF </p><p>$29.99</p><a href="https://www.amazon.com/dp/B09B1B6J9S?tag=eloabder-20&linkCode=osi&th=1&psc=1">View Product</a></div><div class="product"><a href="https://www.amazon.com/dp/B097YP171M?tag=eloabder-20&linkCode=osi&th=1&psc=1"><img src="https://m.media-amazon.com/images/I/21jYMKqhB3L._SL500_.jpg" alt="Product Image"></a><p>JolyWell Night Light for Kids, Egg Light for Nursery with 7 RGB Colors Changeable & Stepless Dimming, Rechargeable Tap Light with 1h Timer & Touch Control, Portable Night Light for Babies BPA Free</p><p> -14% 0FF </p><p>$25.99</p><a href="https://www.amazon.com/dp/B097YP171M?tag=eloabder-20&linkCode=osi&th=1&psc=1">View Product</a></div><div class="product"><a href="https://www.amazon.com/dp/B077X48B8Q?tag=eloabder-20&linkCode=osi&th=1&psc=1"><img src="https://m.media-amazon.com/images/I/31TiV9umK-L._SL500_.jpg" alt="Product Image"></a><p>REMINDA 4 Pack Night Light Lamp with Dusk to Dawn Sensor, Plug in, Blue Led Night Light</p><p> -19% 0FF </p><p>$12.99</p><a href="https://www.amazon.com/dp/B077X48B8Q?tag=eloabder-20&linkCode=osi&th=1&psc=1">View Product</a></div>
<div class="product"><a href="https://www.amazon.com/dp/B005MI648C?tag=eloabder-20&linkCode=osi&th=1&psc=1"><img src="https://m.media-amazon.com/images/I/41IsNMYojbL._SL500_.jpg" alt="Product Image"></a><p>Lansinoh Lanolin Nipple Cream Safe for Breastfeeding Baby, 100% Natural Nipple Butter for Mom, Breastfeeding Essentials, 1.41 Ounces</p><p> -17% 0FF </p><p>$8.99 ($6.38 / Ounce)</p><a href="https://www.amazon.com/dp/B005MI648C?tag=eloabder-20&linkCode=osi&th=1&psc=1">View Product</a></div><div class="product"><a href="https://www.amazon.com/dp/B000JVCBBG?tag=eloabder-20&linkCode=osi&th=1&psc=1"><img src="https://m.media-amazon.com/images/I/41TljzHSgHL._SL500_.jpg" alt="Product Image"></a><p>Earth Mama Organic Nipple Butter™ | Nipple Cream Safe for Breastfeeding | Postpartum Essentials for Nursing | Non Lanolin Nipple Cream, 2-Fluid Ounce</p><p> -7% 0FF </p><p>$13.99 ($7.00 / Fl Oz)</p><a href="https://www.amazon.com/dp/B000JVCBBG?tag=eloabder-20&linkCode=osi&th=1&psc=1">View Product</a></div><div class="product"><a href="https://www.amazon.com/dp/B08L68WR4B?tag=eloabder-20&linkCode=osi&th=1&psc=1"><img src="https://m.media-amazon.com/images/I/41qRTIl9vqL._SL500_.jpg" alt="Product Image"></a><p>Medela Purelan Lanolin Nipple Cream for Breastfeeding, 100% All Natural Single Ingredient, Hypoallergenic, Soothing Protection, Safe for Nursing Mom and Baby, 1.3 Ounce Tube</p><p> -29% 0FF </p><p>$7.37</p><a href="https://www.amazon.com/dp/B08L68WR4B?tag=eloabder-20&linkCode=osi&th=1&psc=1">View Product</a></div><div class="product"><a href="https://www.amazon.com/dp/B07X53WM1H?tag=eloabder-20&linkCode=osi&th=1&psc=1"><img src="https://m.media-amazon.com/images/I/41sh4NHSA1L._SL500_.jpg" alt="Product Image"></a><p>Lansinoh Organic Nipple Butter, Nipple Cream Safe for Breastfeeding Baby, Postpartum Essentials for Mom, 2 Ounces</p><p> -37% 0FF </p><p>$9.37</p><a href="https://www.amazon.com/dp/B07X53WM1H?tag=eloabder-20&linkCode=osi&th=1&psc=1">View Product</a></div><div class="product"><a href="https://www.amazon.com/dp/B08PXP59L6?tag=eloabder-20&linkCode=osi&th=1&psc=1"><img src="https://m.media-amazon.com/images/I/31ABi-XhpOL._SL500_.jpg" alt="Product Image"></a><p>The Honest Company Honest Mama Calm Your Nip Balm | USDA Certified Organic Nipple Cream | 1.75 fl oz</p><p> -10% 0FF </p><p>$13.49 ($7.71 / Fl Oz)</p><a href="https://www.amazon.com/dp/B08PXP59L6?tag=eloabder-20&linkCode=osi&th=1&psc=1">View Product</a></div><div class="product"><a href="https://www.amazon.com/dp/B001EPQ1US?tag=eloabder-20&linkCode=osi&th=1&psc=1"><img src="https://m.media-amazon.com/images/I/412ol1D5gFL._SL500_.jpg" alt="Product Image"></a><p>Lansinoh Breast Cream, 1.41 Ounce Tube (Pack of 3)</p><p> -20% 0FF </p><p>$23.99 ($5.67 / Ounce)</p><a href="https://www.amazon.com/dp/B001EPQ1US?tag=eloabder-20&linkCode=osi&th=1&psc=1">View Product</a></div>
<div class="product"><a href="https://www.amazon.com/dp/B0116SFIXS?tag=eloabder-20&linkCode=osi&th=1&psc=1"><img src="https://m.media-amazon.com/images/I/41IXnMjSMRL._SL500_.jpg" alt="Product Image"></a><p>Lansinoh Contact Nipple Shields for Breastfeeding, 2 Nipple Shields (24mm) and Case</p><p> -9% 0FF </p><p>$8.22</p><a href="https://www.amazon.com/dp/B0116SFIXS?tag=eloabder-20&linkCode=osi&th=1&psc=1">View Product</a></div><div class="product"><a href="https://www.amazon.com/dp/B000067PQ0?tag=eloabder-20&linkCode=osi&th=1&psc=1"><img src="https://m.media-amazon.com/images/I/31Bc7JjDLBL._SL500_.jpg" alt="Product Image"></a><p>Medela Contact Nipple Shield, 24mm Medium, Nippleshield for Breastfeeding with Latch Difficulties or Flat or Inverted Nipples, Made Without BPA</p><p> -32% 0FF </p><p>$7.35</p><a href="https://www.amazon.com/dp/B000067PQ0?tag=eloabder-20&linkCode=osi&th=1&psc=1">View Product</a></div><div class="product"><a href="https://www.amazon.com/dp/B08VKRMXGZ?tag=eloabder-20&linkCode=osi&th=1&psc=1"><img src="https://m.media-amazon.com/images/I/41jploOEeaL._SL500_.jpg" alt="Product Image"></a><p>Moogco The Original Silver Nursing Cups - Nipple Shields for Nursing Newborn - Breastfeeding Essentials - Newborn Essentials Must Haves - Nipple Covers Breastfeeding - 925 Silver</p><p> -28% 0FF </p><p>$35.90</p><a href="https://www.amazon.com/dp/B08VKRMXGZ?tag=eloabder-20&linkCode=osi&th=1&psc=1">View Product</a></div><div class="product"><a href="https://www.amazon.com/dp/B07ND58735?tag=eloabder-20&linkCode=osi&th=1&psc=1"><img src="https://m.media-amazon.com/images/I/41EpWEiqvyL._SL500_.jpg" alt="Product Image"></a><p>Koala Babycare The Original Silver Nursing Cups - Nipple Shields for Nursing Newborn -Breastfeeding Essentials - Protect and Soothe - Tri-Laminate Silver - Standard Size</p><p> -13% 0FF </p><p>$34.75</p><a href="https://www.amazon.com/dp/B07ND58735?tag=eloabder-20&linkCode=osi&th=1&psc=1">View Product</a></div>
<div class="product"><a href="https://www.amazon.com/dp/B091FL1QFK?tag=eloabder-20&linkCode=osi&th=1&psc=1"><img src="https://m.media-amazon.com/images/I/41TUb4BsK-L._SL500_.jpg" alt="Product Image"></a><p>Syringe Nasal Irrigator, Professional Baby Nasal Irrigator Portable Infant Nose Cleaner Rinsing Device Fast All Natural Relief-Nasal Irrigation/Nasal Spray/Nasal Hygiene (2 pièces)</p><p> -67% 0FF </p><p>$3.25</p><a href="https://www.amazon.com/dp/B091FL1QFK?tag=eloabder-20&linkCode=osi&th=1&psc=1">View Product</a></div><div class="product"><a href="https://www.amazon.com/dp/B09137WF8K?tag=eloabder-20&linkCode=osi&th=1&psc=1"><img src="https://m.media-amazon.com/images/I/41v2GMmUbZL._SL500_.jpg" alt="Product Image"></a><p>Two Pack 3 in 1 Baby Nose and Ear Gadget, Safe Baby Booger Remover, Nose Cleaning Tweezers, Nose Cleaner for Baby Infants and Toddlers, Dual Earwax and Snot Removal Baby Must Have Items</p><p> -50% 0FF </p><p>$9.95</p><a href="https://www.amazon.com/dp/B09137WF8K?tag=eloabder-20&linkCode=osi&th=1&psc=1">View Product</a></div><div class="product"><a href="https://www.amazon.com/dp/B09Q61B4MM?tag=eloabder-20&linkCode=osi&th=1&psc=1"><img src="https://m.media-amazon.com/images/I/310TWo+qPRL._SL500_.jpg" alt="Product Image"></a><p>Haakaa Silicone Baby Nasal Aspirator | Nose Bulb Syringe | Easy-Squeezy Baby Nose Cleaner, Newborn Infant &Toddler - BPA Free Silicone</p><p> -5% 0FF </p><p>$9.39</p><a href="https://www.amazon.com/dp/B09Q61B4MM?tag=eloabder-20&linkCode=osi&th=1&psc=1">View Product</a></div>
<div class="product"><a href="https://www.amazon.com/dp/B002K6F7AK?tag=eloabder-20&linkCode=osi&th=1&psc=1"><img src="https://m.media-amazon.com/images/I/411elwPHIqL._SL500_.jpg" alt="Product Image"></a><p>Lamaze womens Cotton Spandex Sleep for Nursing and Maternity Full Coverage Bra, Heather Grey, Large US</p><p> -32% 0FF </p><p>$12.28</p><a href="https://www.amazon.com/dp/B002K6F7AK?tag=eloabder-20&linkCode=osi&th=1&psc=1">View Product</a></div>

<div class="product"><a href="https://www.amazon.com/dp/B06XPHR7DF?tag=eloabder-20&linkCode=osi&th=1&psc=1"><img src="https://m.media-amazon.com/images/I/31sNH-POFUL._SL500_.jpg" alt="Product Image"></a><p>Lansinoh Stay Dry Disposable Nursing Pads, Soft and Super Absorbent Breast Pads, Breastfeeding Essentials for Moms, 200 Count</p><p> -21% 0FF </p><p>$18.51</p><a href="https://www.amazon.com/dp/B06XPHR7DF?tag=eloabder-20&linkCode=osi&th=1&psc=1">View Product</a></div><div class="product"><a href="https://www.amazon.com/dp/B0DB3G8G37?tag=eloabder-20&linkCode=osi&th=1&psc=1"><img src="https://m.media-amazon.com/images/I/31Z7+iKhAKL._SL500_.jpg" alt="Product Image"></a><p>Lansinoh Washable Nursing Pads, Made with Organic Bamboo Viscose, Reusable Breast Pads for Breastfeeding with Wash Bag, Breastfeeding Essentials, 10 Count</p><p> -11% 0FF </p><p>$14.28</p><a href="https://www.amazon.com/dp/B0DB3G8G37?tag=eloabder-20&linkCode=osi&th=1&psc=1">View Product</a></div>
<div class="product"><a href="https://www.amazon.com/dp/B09T6V8YH2?tag=eloabder-20&linkCode=osi&th=1&psc=1"><img src="https://m.media-amazon.com/images/I/21knizL1Y1L._SL500_.jpg" alt="Product Image"></a><p>Nursing Pillow and Positioner with Cover for Breastfeeding and Bottle Feeding, Propping Baby, Tummy Time, Baby Sitting Support, Awake-Time Support (Pillow Only, 22" x 17.7" x 5.9")</p><p> -32% 0FF </p><p>$20.49</p><a href="https://www.amazon.com/dp/B09T6V8YH2?tag=eloabder-20&linkCode=osi&th=1&psc=1">View Product</a></div>
<div class="product"><a href="https://www.amazon.com/dp/B00B7TCX0I?tag=eloabder-20&linkCode=osi&th=1&psc=1"><img src="https://m.media-amazon.com/images/I/51n0rXJe9iL._SL500_.jpg" alt="Product Image"></a><p>Leading Lady Women's Nursing Tank Stylish Cami with Inner Shelf Bra, Black Stripe, Large</p><p> -59% 0FF </p><p>$13.98</p><a href="https://www.amazon.com/dp/B00B7TCX0I?tag=eloabder-20&linkCode=osi&th=1&psc=1">View Product</a></div><div class="product"><a href="https://www.amazon.com/dp/B07K72T7Q3?tag=eloabder-20&linkCode=osi&th=1&psc=1"><img src="https://m.media-amazon.com/images/I/31J5oWrxf6L._SL500_.jpg" alt="Product Image"></a><p>Lansinoh Reusable Nursing Pads, Nursing Essentials for Breastfeeding Mothers, 4 Absorbent Nursing Pads With Mesh Wash Bag, White Pads</p><p> -25% 0FF </p><p>$11.99</p><a href="https://www.amazon.com/dp/B07K72T7Q3?tag=eloabder-20&linkCode=osi&th=1&psc=1">View Product</a></div>

<div class="product"><a href="https://www.amazon.com/dp/B086134T3T?tag=eloabder-20&linkCode=osi&th=1&psc=1"><img src="https://m.media-amazon.com/images/I/41KhXKDGe-L._SL500_.jpg" alt="Product Image"></a><p>4our Kiddies Baby-Proof Outlet Covers (60 Pack) - Child Safety Electric Plug Protectors to Prevent Power Shock</p><p> -23% 0FF </p><p>$9.99</p><a href="https://www.amazon.com/dp/B086134T3T?tag=eloabder-20&linkCode=osi&th=1&psc=1">View Product</a></div><div class="product"><a href="https://www.amazon.com/dp/B08FBNKDKB?tag=eloabder-20&linkCode=osi&th=1&psc=1"><img src="https://m.media-amazon.com/images/I/318PTNFomwL._SL500_.jpg" alt="Product Image"></a><p>Outlet Cover Box for Child Safety (2 Pack) Duplex & Decorator Electrical Outlet Plates, Concealed Access Buttons, and Spacious Compartment - Jool Baby</p><p> -35% 0FF </p><p>$14.99</p><a href="https://www.amazon.com/dp/B08FBNKDKB?tag=eloabder-20&linkCode=osi&th=1&psc=1">View Product</a></div>
<div class="product"><a href="https://www.amazon.com/dp/B07TDN9MKC?tag=eloabder-20&linkCode=osi&th=1&psc=1"><img src="https://m.media-amazon.com/images/I/41K55mCBTsL._SL500_.jpg" alt="Product Image"></a><p>Philips Avent Soothie Orthodontic Baby Pacifiers, 100% Silicone Pacifiers, One Piece, BPA-Free, for Babies 0-3 Months, Green, 4 Pack, Model SCF190/41</p><p> -25% 0FF </p><p>$8.94</p><a href="https://www.amazon.com/dp/B07TDN9MKC?tag=eloabder-20&linkCode=osi&th=1&psc=1">View Product</a></div><div class="product"><a href="https://www.amazon.com/dp/B08177ZPKM?tag=eloabder-20&linkCode=osi&th=1&psc=1"><img src="https://m.media-amazon.com/images/I/41+0ETqpizL._SL500_.jpg" alt="Product Image"></a><p>Tommee Tippee Ultra-Light Silicone Pacifier, 0-6 Months, Symmetrical One-Piece Design, BPA-Free Silicone Binkies, Clear/Blue/Green, Pack of 4</p><p> -38% 0FF </p><p>$10.39</p><a href="https://www.amazon.com/dp/B08177ZPKM?tag=eloabder-20&linkCode=osi&th=1&psc=1">View Product</a></div><div class="product"><a href="https://www.amazon.com/dp/B09XJJB478?tag=eloabder-20&linkCode=osi&th=1&psc=1"><img src="https://m.media-amazon.com/images/I/31vbtPyMOGL._SL500_.jpg" alt="Product Image"></a><p>Dr. Brown's HappyPaci 100% Silicone Baby Pacifier, Contoured One-Piece Design, White, Blue, Light Blue, 0-6m, BPA-Free, 3 Pack</p><p> -17% 0FF </p><p>$4.97</p><a href="https://www.amazon.com/dp/B09XJJB478?tag=eloabder-20&linkCode=osi&th=1&psc=1">View Product</a></div><div class="product"><a href="https://www.amazon.com/dp/B09F6YC4MS?tag=eloabder-20&linkCode=osi&th=1&psc=1"><img src="https://m.media-amazon.com/images/I/31j7FmFh-9L._SL500_.jpg" alt="Product Image"></a><p>Itzy Ritzy Natural Rubber Pacifiers, Set of 2 – Natural Rubber Newborn Pacifiers with Cherry-Shaped Nipple & Large Air Holes for Added Safety; Set of 2 in Coconut & Toast, Ages 0 – 6 Months</p><p> -10% 0FF </p><p>$8.97</p><a href="https://www.amazon.com/dp/B09F6YC4MS?tag=eloabder-20&linkCode=osi&th=1&psc=1">View Product</a></div><div class="product"><a href="https://www.amazon.com/dp/B0835TX9TH?tag=eloabder-20&linkCode=osi&th=1&psc=1"><img src="https://m.media-amazon.com/images/I/413oViQleDL._SL500_.jpg" alt="Product Image"></a><p>NUK Orthodontic Pacifier Value Pack</p><p> -48% 0FF </p><p>$6.29</p><a href="https://www.amazon.com/dp/B0835TX9TH?tag=eloabder-20&linkCode=osi&th=1&psc=1">View Product</a></div><div class="product"><a href="https://www.amazon.com/dp/B0BJ4Q64L9?tag=eloabder-20&linkCode=osi&th=1&psc=1"><img src="https://m.media-amazon.com/images/I/31T4DaO7KeL._SL500_.jpg" alt="Product Image"></a><p>Tommee Tippee Ultra-light Silicone Pacifier, Symmetrical One-Piece Design, BPA-Free Silicone Binkies, 6-18 months, Pack of 4 Pacifiers</p><p> -32% 0FF </p><p>$11.51</p><a href="https://www.amazon.com/dp/B0BJ4Q64L9?tag=eloabder-20&linkCode=osi&th=1&psc=1">View Product</a></div><div class="product"><a href="https://www.amazon.com/dp/B0C5B1SLFL?tag=eloabder-20&linkCode=osi&th=1&psc=1"><img src="https://m.media-amazon.com/images/I/41XLQFTsedL._SL500_.jpg" alt="Product Image"></a><p>Philips Avent Ultra Soft Pacifier - 4 x Soft and Flexible Baby Pacifiers for Babies Aged 0-6 Months, BPA Free with Sterilizer Carry Case, SCF091/23</p><p> -7% 0FF </p><p>$12.94</p><a href="https://www.amazon.com/dp/B0C5B1SLFL?tag=eloabder-20&linkCode=osi&th=1&psc=1">View Product</a></div><div class="product"><a href="https://www.amazon.com/dp/B09H7LR2K2?tag=eloabder-20&linkCode=osi&th=1&psc=1"><img src="https://m.media-amazon.com/images/I/31J6KoAN3IL._SL500_.jpg" alt="Product Image"></a><p>MAM Original Start Matte Newborn Baby Pacifier, Best Pacifier for Breastfed Babies, Sterilizer Case, Girl, 0-3 Months (Pack of 2)</p><p> -38% 0FF </p><p>$4.99</p><a href="https://www.amazon.com/dp/B09H7LR2K2?tag=eloabder-20&linkCode=osi&th=1&psc=1">View Product</a></div>
<div class="product"><a href="https://www.amazon.com/dp/B0C98MM24R?tag=eloabder-20&linkCode=osi&th=1&psc=1"><img src="https://m.media-amazon.com/images/I/411zeOj8dIL._SL500_.jpg" alt="Product Image"></a><p>Silicone Pacifier Clip, Seposeve Pack of 3 Baby Pacifier Teether Clip with 4 Texture, Soft Flexible Silicone Pacifier Leashes & Cases for Boy and Girl, Keeps Pacifier Clean, Purple Pink White</p><p> -29% 0FF </p><p>$4.99</p><a href="https://www.amazon.com/dp/B0C98MM24R?tag=eloabder-20&linkCode=osi&th=1&psc=1">View Product</a></div><div class="product"><a href="https://www.amazon.com/dp/B0828BFK15?tag=eloabder-20&linkCode=osi&th=1&psc=1"><img src="https://m.media-amazon.com/images/I/41OXr2mKwYL._SL500_.jpg" alt="Product Image"></a><p>PandaEar Baby Pacifier Clips Solid Color, 4 Pack Universal Holder Leash for Boys and Girls, Teething Toys Teethers (Neutral)</p><p> -17% 0FF </p><p>$4.98</p><a href="https://www.amazon.com/dp/B0828BFK15?tag=eloabder-20&linkCode=osi&th=1&psc=1">View Product</a></div>
<div class="product"><a href="https://www.amazon.com/dp/B09JCJKMF2?tag=eloabder-20&linkCode=osi&th=1&psc=1"><img src="https://m.media-amazon.com/images/I/21hMAxonL8L._SL500_.jpg" alt="Product Image"></a><p>Ubbi On-The-Go Dual Pacifier Holder, Keep's Baby's Binkies Clean and Accessible, Portable for Travel, Diaper Bag Accessory Must Have for Newborns, Sage Green</p><p> -17% 0FF </p><p>$4.99</p><a href="https://www.amazon.com/dp/B09JCJKMF2?tag=eloabder-20&linkCode=osi&th=1&psc=1">View Product</a></div><div class="product"><a href="https://www.amazon.com/dp/B0BG8J1JJR?tag=eloabder-20&linkCode=osi&th=1&psc=1"><img src="https://m.media-amazon.com/images/I/31fDalcDyyL._SL500_.jpg" alt="Product Image"></a><p>PandaEar Pacifier Nipple Holder Case Container Boxes (4 Pack)| Universal Accessories Holders| Travel Cases| BPA Free</p><p> -17% 0FF </p><p>$4.95</p><a href="https://www.amazon.com/dp/B0BG8J1JJR?tag=eloabder-20&linkCode=osi&th=1&psc=1">View Product</a></div>
<div class="product"><a href="https://www.amazon.com/dp/B08625PRQL?tag=eloabder-20&linkCode=osi&th=1&psc=1"><img src="https://m.media-amazon.com/images/I/31PUIalU9CL._SL500_.jpg" alt="Product Image"></a><p>GROWNSY Pacifier Sanitizer Portable, UV Light Sanitizer on The Go, USB Charging Sanitizer Case, Mini Pacifier Sanitizer 99.99% Cleaned in 59 Seconds (White)</p><p> -10% 0FF </p><p>$26.95</p><a href="https://www.amazon.com/dp/B08625PRQL?tag=eloabder-20&linkCode=osi&th=1&psc=1">View Product</a></div><div class="product"><a href="https://www.amazon.com/dp/B0035LQNNE?tag=eloabder-20&linkCode=osi&th=1&psc=1"><img src="https://m.media-amazon.com/images/I/41DJ3x+h47L._SL500_.jpg" alt="Product Image"></a><p>Dr. Brown's Microwave Steam Sterilizer Bags for Baby Bottles, Pacifiers, Pump Parts and Accessories, Travel Baby Bottle Sterilizer, 30 Uses per Bag, 5 Count (Pack of 1)</p><p> -40% 0FF </p><p>$5.99</p><a href="https://www.amazon.com/dp/B0035LQNNE?tag=eloabder-20&linkCode=osi&th=1&psc=1">View Product</a></div>
<div class="product"><a href="https://www.amazon.com/dp/B0CRF9L25B?tag=eloabder-20&linkCode=osi&th=1&psc=1"><img src="https://m.media-amazon.com/images/I/41WW0AQ61YL._SL500_.jpg" alt="Product Image"></a><p>Comfy Cubs Baby Play Gym Set, Wooden Baby Playgym, Interactive Activity Center Hanging Bar with Gym Toys, Foldable for Infants, Newborn Gift for Baby Girl and Boy</p><p> -33% 0FF </p><p>$39.99</p><a href="https://www.amazon.com/dp/B0CRF9L25B?tag=eloabder-20&linkCode=osi&th=1&psc=1">View Product</a></div>
<div class="product"><a href="https://www.amazon.com/dp/B0BCVRHFX8?tag=eloabder-20&linkCode=osi&th=1&psc=1"><img src="https://m.media-amazon.com/images/I/41EoxD6Jb4L._SL500_.jpg" alt="Product Image"></a><p>Baby Playpen,Playpen, Playpen for Babies and Toddlers, Play Pen for Kids, Play Pens for Babies and Toddlers for Apartment (47 * 47 inch Grey with mat)</p><p> -23% 0FF </p><p>$46.21</p><a href="https://www.amazon.com/dp/B0BCVRHFX8?tag=eloabder-20&linkCode=osi&th=1&psc=1">View Product</a></div><div class="product"><a href="https://www.amazon.com/dp/B0BR7NFYTV?tag=eloabder-20&linkCode=osi&th=1&psc=1"><img src="https://m.media-amazon.com/images/I/41fdC8D+84L._SL500_.jpg" alt="Product Image"></a><p>COMOMY Playpens for Babies and Toddlers, Small Baby Play Pens, Activity Center for Baby Safe and Non-Slip Baby Fence, Full Mesh Design, Indoor & Outdoor Kids Activity Center (Dark Grey, 36"x36")</p><p> -20% 0FF </p><p>$39.99</p><a href="https://www.amazon.com/dp/B0BR7NFYTV?tag=eloabder-20&linkCode=osi&th=1&psc=1">View Product</a></div><div class="product"><a href="https://www.amazon.com/dp/B09ZDQ3C2Y?tag=eloabder-20&linkCode=osi&th=1&psc=1"><img src="https://m.media-amazon.com/images/I/41cGSa5tbrL._SL500_.jpg" alt="Product Image"></a><p>Pamo Babe Portable Crib Baby Playpen with Mattress and Carry Bag (Grey)</p><p> -29% 0FF </p><p>$48.99</p><a href="https://www.amazon.com/dp/B09ZDQ3C2Y?tag=eloabder-20&linkCode=osi&th=1&psc=1">View Product</a></div><div class="product"><a href="https://www.amazon.com/dp/B08BT16TH5?tag=eloabder-20&linkCode=osi&th=1&psc=1"><img src="https://m.media-amazon.com/images/I/41T3gWQReTL._SL500_.jpg" alt="Product Image"></a><p>Dream On Me Nest Portable Playard in Black with Carrybag an Shoulder Strap, Lightweight, Packable and Easy Setup Baby Playard, Breathable Mesh Sides and Soft Fabric - Comes with a Removable Padded Mat</p><p> -29% 0FF </p><p>$49.99</p><a href="https://www.amazon.com/dp/B08BT16TH5?tag=eloabder-20&linkCode=osi&th=1&psc=1">View Product</a></div>
<div class="product"><a href="https://www.amazon.com/dp/B07964SFW4?tag=eloabder-20&linkCode=osi&th=1&psc=1"><img src="https://m.media-amazon.com/images/I/415S7evTplL._SL500_.jpg" alt="Product Image"></a><p>Baby Trend Lil' Snooze Deluxe II Nursery Center, Twinkle Twinkle Little Moon</p><p> -10% 0FF </p><p>$89.99</p><a href="https://www.amazon.com/dp/B07964SFW4?tag=eloabder-20&linkCode=osi&th=1&psc=1">View Product</a></div><div class="product"><a href="https://www.amazon.com/dp/B0BMFQFZSH?tag=eloabder-20&linkCode=osi&th=1&psc=1"><img src="https://m.media-amazon.com/images/I/41tYFE0RalL._SL500_.jpg" alt="Product Image"></a><p>Pamo Babe Deluxe Nursery Center, Foldable Playard for Baby & Toddler, Bassinet, Mattress, Changing Table for Newborn(Black)</p><p> -22% 0FF </p><p>$155.99</p><a href="https://www.amazon.com/dp/B0BMFQFZSH?tag=eloabder-20&linkCode=osi&th=1&psc=1">View Product</a></div><div class="product"><a href="https://www.amazon.com/dp/B07HYV86RH?tag=eloabder-20&linkCode=osi&th=1&psc=1"><img src="https://m.media-amazon.com/images/I/41GWwVT9TQL._SL500_.jpg" alt="Product Image"></a><p>Baby Trend Trend-E Nursery Center® Playard, April</p><p> -20% 0FF </p><p>$79.99</p><a href="https://www.amazon.com/dp/B07HYV86RH?tag=eloabder-20&linkCode=osi&th=1&psc=1">View Product</a></div>
<div class="product"><a href="https://www.amazon.com/dp/B0BZQGQVD1?tag=eloabder-20&linkCode=osi&th=1&psc=1"><img src="https://m.media-amazon.com/images/I/41DuYrM0FML._SL500_.jpg" alt="Product Image"></a><p>Kopi Baby Portable Diaper Changing Pad - Baby Changing Pad & Diaper Changer Travel Bag, Smart Design Baby Changing Mat, Portable Changing Pad for Baby - Baby Changing Station, Infant Gift - Grey</p><p> -31% 0FF </p><p>$26.99</p><a href="https://www.amazon.com/dp/B0BZQGQVD1?tag=eloabder-20&linkCode=osi&th=1&psc=1">View Product</a></div><div class="product"><a href="https://www.amazon.com/dp/B085PXT49C?tag=eloabder-20&linkCode=osi&th=1&psc=1"><img src="https://m.media-amazon.com/images/I/51vXCxx-lHL._SL500_.jpg" alt="Product Image"></a><p>Portable Changing Pad for Baby|Travel Baby Changing Pads for Moms, Dads|Waterproof Portable Changing Mat with Built-in Pillow|Excellent Baby Shower/Registry Gifts</p><p> -19% 0FF </p><p>$12.99</p><a href="https://www.amazon.com/dp/B085PXT49C?tag=eloabder-20&linkCode=osi&th=1&psc=1">View Product</a></div><div class="product"><a href="https://www.amazon.com/dp/B082FZ4232?tag=eloabder-20&linkCode=osi&th=1&psc=1"><img src="https://m.media-amazon.com/images/I/51beBs2MbBL._SL500_.jpg" alt="Product Image"></a><p>First Landings Portable Diaper Changing Pad - Convenient Travel Changing Pad and Wipe Holder - Portable Changing Pad - Navy</p><p> -58% 0FF </p><p>$9.99</p><a href="https://www.amazon.com/dp/B082FZ4232?tag=eloabder-20&linkCode=osi&th=1&psc=1">View Product</a></div><div class="product"><a href="https://www.amazon.com/dp/B08N4W4CFC?tag=eloabder-20&linkCode=osi&th=1&psc=1"><img src="https://m.media-amazon.com/images/I/51vHXXugc9L._SL500_.jpg" alt="Product Image"></a><p>Portable Diaper Changing Pad for Baby, Detachable Travel Changing Pad with Baby Wipes Pocket, Gifts for Baby Shower, Newborn Girls and Boys (Grey)</p><p> -29% 0FF </p><p>$19.79</p><a href="https://www.amazon.com/dp/B08N4W4CFC?tag=eloabder-20&linkCode=osi&th=1&psc=1">View Product</a></div><div class="product"><a href="https://www.amazon.com/dp/B0CM9ZDFT7?tag=eloabder-20&linkCode=osi&th=1&psc=1"><img src="https://m.media-amazon.com/images/I/511OkyACRAL._SL500_.jpg" alt="Product Image"></a><p>Portable Changing Pad for Baby, Travel Diaper Changing Pad for Newborn, Large Waterproof Baby Changing Mat, Foldable & Detachable Diaper Changing Station with Baby Wipes Pockets, Baby Stuff by Pillani</p><p> -37% 0FF </p><p>$18.99</p><a href="https://www.amazon.com/dp/B0CM9ZDFT7?tag=eloabder-20&linkCode=osi&th=1&psc=1">View Product</a></div>
<div class="product"><a href="https://www.amazon.com/dp/B00AKKDSNG?tag=eloabder-20&linkCode=osi&th=1&psc=1"><img src="https://m.media-amazon.com/images/I/51nqUmC7OaL._SL500_.jpg" alt="Product Image"></a><p>Guava Lotus Travel Crib with Lightweight Backpack Design | Certified Baby Safe Portable Crib | Folding Play Yard with Comfy Mattress for Babies & Toddlers | Compact Baby Travel Bed</p><p> -18% 0FF </p><p>$229.95</p><a href="https://www.amazon.com/dp/B00AKKDSNG?tag=eloabder-20&linkCode=osi&th=1&psc=1">View Product</a></div><div class="product"><a href="https://www.amazon.com/dp/B07RZQC1T1?tag=eloabder-20&linkCode=osi&th=1&psc=1"><img src="https://m.media-amazon.com/images/I/41EMWNVnnYL._SL500_.jpg" alt="Product Image"></a><p>Pamo Babe Portable Crib for Baby, Portable Baby Playpen with Bassinet and Changing Table</p><p> -15% 0FF </p><p>$109.99</p><a href="https://www.amazon.com/dp/B07RZQC1T1?tag=eloabder-20&linkCode=osi&th=1&psc=1">View Product</a></div><div class="product"><a href="https://www.amazon.com/dp/B01F9FLEL4?tag=eloabder-20&linkCode=osi&th=1&psc=1"><img src="https://m.media-amazon.com/images/I/51HNrjQ09pL._SL500_.jpg" alt="Product Image"></a><p>Baby Trend Nursery Center® Playard, Tanzania</p><p> -20% 0FF </p><p>$79.99</p><a href="https://www.amazon.com/dp/B01F9FLEL4?tag=eloabder-20&linkCode=osi&th=1&psc=1">View Product</a></div>
<div class="product"><a href="https://www.amazon.com/dp/B0CXY9DDW9?tag=eloabder-20&linkCode=osi&th=1&psc=1"><img src="https://m.media-amazon.com/images/I/31MFNOwDz8L._SL500_.jpg" alt="Product Image"></a><p>Bluey Playtime Floor Potty Trainer w/Sound</p><p> -20% 0FF </p><p>$31.99</p><a href="https://www.amazon.com/dp/B0CXY9DDW9?tag=eloabder-20&linkCode=osi&th=1&psc=1">View Product</a></div>


<div class="product"><a href="https://www.amazon.com/dp/B0825YNHG9?tag=eloabder-20&linkCode=osi&th=1&psc=1"><img src="https://m.media-amazon.com/images/I/515zQEdiriL._SL500_.jpg" alt="Product Image"></a><p>wegreeco Cloth Diapers 6 Pack with 6 Inserts & 1 Wet Bag, Washable Cloth Diapers for Babies, One Size Adjustable Reusable Diapers Baby (Flower)</p><p> -17% 0FF </p><p>$31.85</p><a href="https://www.amazon.com/dp/B0825YNHG9?tag=eloabder-20&linkCode=osi&th=1&psc=1">View Product</a></div><div class="product"><a href="https://www.amazon.com/dp/B0D5HMWY6V?tag=eloabder-20&linkCode=osi&th=1&psc=1"><img src="https://m.media-amazon.com/images/I/41U1XPfqxlL._SL500_.jpg" alt="Product Image"></a><p>Smarbore Baby Cloth Diapers Set-4 Pack Diapers with 4 Inserts & 1 Wet Dry Separation Bag, Reusable Infant Toddler Nappy, Adjustable Pocket Diapers for Baby Boys and Girls(6-33 pounds,0-3 Years)</p><p> -7% 0FF </p><p>$25.99 ($2.89 / Count)</p><a href="https://www.amazon.com/dp/B0D5HMWY6V?tag=eloabder-20&linkCode=osi&th=1&psc=1">View Product</a></div>
<div class="product"><a href="https://www.amazon.com/dp/B0CG1T96CP?tag=eloabder-20&linkCode=osi&th=1&psc=1"><img src="https://m.media-amazon.com/images/I/41Zc2WoVYUL._SL500_.jpg" alt="Product Image"></a><p>Yaheetech Upholstered Rocking Chair, Boucle Glider Chair Nursery Chair with High Back and Side Pocket, Rocking Accent Armchair with Rubber Wood Legs for Living Room/Bedroom/Nursery, Ivory</p><p> -41% 0FF </p><p>$99.99</p><a href="https://www.amazon.com/dp/B0CG1T96CP?tag=eloabder-20&linkCode=osi&th=1&psc=1">View Product</a></div><div class="product"><a href="https://www.amazon.com/dp/B0815ZR4LN?tag=eloabder-20&linkCode=osi&th=1&psc=1"><img src="https://m.media-amazon.com/images/I/31z4fzPBkHL._SL500_.jpg" alt="Product Image"></a><p>Evolur Raleigh Upholstered Nursery Glider, Swivel, Rock, Recliner, Tool Free Assembly, Greenguard Gold Certified Misty Grey</p><p> -43% 0FF </p><p>$199.99</p><a href="https://www.amazon.com/dp/B0815ZR4LN?tag=eloabder-20&linkCode=osi&th=1&psc=1">View Product</a></div><div class="product"><a href="https://www.amazon.com/dp/B01N4KL7QS?tag=eloabder-20&linkCode=osi&th=1&psc=1"><img src="https://m.media-amazon.com/images/I/51EIu4gTPDL._SL500_.jpg" alt="Product Image"></a><p>Angel Line Windsor Glider and Ottoman, Natural and Gray</p><p> -21% 0FF </p><p>$139.00</p><a href="https://www.amazon.com/dp/B01N4KL7QS?tag=eloabder-20&linkCode=osi&th=1&psc=1">View Product</a></div><div class="product"><a href="https://www.amazon.com/dp/B0DF2PJ5KH?tag=eloabder-20&linkCode=osi&th=1&psc=1"><img src="https://m.media-amazon.com/images/I/51wf3SLefBL._SL500_.jpg" alt="Product Image"></a><p>VECELO High Back Nursery Rocking Chair with Foot Rest, Teddy Upholstered Reclining Glider Rocker, Comfy Armchair Padded Seat Removable Side Pockets for Living Room, Bedroom, Balcony, White</p><p> -7% 0FF </p><p>$129.99</p><a href="https://www.amazon.com/dp/B0DF2PJ5KH?tag=eloabder-20&linkCode=osi&th=1&psc=1">View Product</a></div>
<div class="product"><a href="https://www.amazon.com/dp/B0D4YY8V2Z?tag=eloabder-20&linkCode=osi&th=1&psc=1"><img src="https://m.media-amazon.com/images/I/41ckUZsbOhL._SL500_.jpg" alt="Product Image"></a><p>JXM Safety Harness for Active Childs with Quick Grab Handle, Teens Youth Secure Walking Harness with Autism Awareness and Pouch, Adjustable Tether Leash for Autism ADHD Special Needs Child Kids</p><p> -11% 0FF </p><p>$24.99</p><a href="https://www.amazon.com/dp/B0D4YY8V2Z?tag=eloabder-20&linkCode=osi&th=1&psc=1">View Product</a></div><div class="product"><a href="https://www.amazon.com/dp/B0CMTXJ956?tag=eloabder-20&linkCode=osi&th=1&psc=1"><img src="https://m.media-amazon.com/images/I/41isiqOFw+L._SL500_.jpg" alt="Product Image"></a><p>Kanayu 2 Pcs Walking Harness for Older Children with Handle and Pouch Safety Harness for Autism ADHD Special Needs Child Kids(8-12 Years)</p><p> -12% 0FF </p><p>$22.99</p><a href="https://www.amazon.com/dp/B0CMTXJ956?tag=eloabder-20&linkCode=osi&th=1&psc=1">View Product</a></div><div class="product"><a href="https://www.amazon.com/dp/B0CFY3B37N?tag=eloabder-20&linkCode=osi&th=1&psc=1"><img src="https://m.media-amazon.com/images/I/41i7J-tFLEL._SL500_.jpg" alt="Product Image"></a><p>ROSROSE Child Airplane Safety Travel Harness, Airplane Travel Accessories for Kid Toddler, Child Aviation Flight Seat Device/Seat Belt, Safety Restraint System Helps Keep Your Child Safe</p><p> -10% 0FF </p><p>$22.55</p><a href="https://www.amazon.com/dp/B0CFY3B37N?tag=eloabder-20&linkCode=osi&th=1&psc=1">View Product</a></div>
<div class="product"><a href="https://www.amazon.com/dp/B08WDLZ9YF?tag=eloabder-20&linkCode=osi&th=1&psc=1"><img src="https://m.media-amazon.com/images/I/41yh9vV9UTL._SL500_.jpg" alt="Product Image"></a><p>Safety 1st Healthcare On-The-go Kit, Pyramids Aqua</p><p> -27% 0FF </p><p>$9.53</p><a href="https://www.amazon.com/dp/B08WDLZ9YF?tag=eloabder-20&linkCode=osi&th=1&psc=1">View Product</a></div>

<div class="product"><a href="https://www.amazon.com/dp/B0CD42KQ3K?tag=eloabder-20&linkCode=osi&th=1&psc=1"><img src="https://m.media-amazon.com/images/I/41c9zvmFrLL._SL500_.jpg" alt="Product Image"></a><p>TOHIBEE Baby Montessori Sensory Toys for 0-6 6-12 Months, Food Grade Teething Toys for Babies 0 3 6 9 12 18 Months, Newborn Infant Learning Developmental Toys Gifts for 1 2 Year Old Boys Girls</p><p> -50% 0FF </p><p>$9.99</p><a href="https://www.amazon.com/dp/B0CD42KQ3K?tag=eloabder-20&linkCode=osi&th=1&psc=1">View Product</a></div><div class="product"><a href="https://www.amazon.com/dp/B0CNNZKL6Z?tag=eloabder-20&linkCode=osi&th=1&psc=1"><img src="https://m.media-amazon.com/images/I/419qSwSFEIL._SL500_.jpg" alt="Product Image"></a><p>MIUXUESO 3 Pcs Baby Flower Headbands Baby Girls Nylon Headbands Soft Hairbands Hair Accessories for Newborn Infant Toddler Kids (Beige Pink Khaki)</p><p> -11% 0FF </p><p>$8.89 ($2.96 / Count)</p><a href="https://www.amazon.com/dp/B0CNNZKL6Z?tag=eloabder-20&linkCode=osi&th=1&psc=1">View Product</a></div><div class="product"><a href="https://www.amazon.com/dp/B0CRLDXBYN?tag=eloabder-20&linkCode=osi&th=1&psc=1"><img src="https://m.media-amazon.com/images/I/51U5mzLT4CL._SL500_.jpg" alt="Product Image"></a><p>Cute Castle Baby Sleep Sack 0-6 Months - Lightweight 100% Cotton 2-Way Zipper TOG 0.5 Infant Wearable Blanket, Newborn Essentials Toddler Sleep Clothes (3 Pack Green)</p><p> -41% 0FF </p><p>$26.98</p><a href="https://www.amazon.com/dp/B0CRLDXBYN?tag=eloabder-20&linkCode=osi&th=1&psc=1">View Product</a></div><div class="product"><a href="https://www.amazon.com/dp/B0CNSPHBBG?tag=eloabder-20&linkCode=osi&th=1&psc=1"><img src="https://m.media-amazon.com/images/I/41KtLZ6dp3L._SL500_.jpg" alt="Product Image"></a><p>Arnzion Baby Hooded Towels for Babies and Toddlers, Muslin Baby Bath Towel Soft and Absorbent for Boys and Girls (Dark Grey 1 Pack)</p><p> -10% 0FF </p><p>$8.99</p><a href="https://www.amazon.com/dp/B0CNSPHBBG?tag=eloabder-20&linkCode=osi&th=1&psc=1">View Product</a></div><div class="product"><a href="https://www.amazon.com/dp/B0C6Y89H47?tag=eloabder-20&linkCode=osi&th=1&psc=1"><img src="https://m.media-amazon.com/images/I/41SIANIdhkL._SL500_.jpg" alt="Product Image"></a><p>HelloBaby Upgrade 5’’ Baby Monitor with 26-Hour Battery, 2 Cameras Pan-Tilt-Zoom, 1000ft Range Video Audio Baby Monitor No WiFi, VOX, Night Vision, 2-Way Talk, 8 Lullabies and Temperature</p><p> -22% 0FF </p><p>$139.99</p><a href="https://www.amazon.com/dp/B0C6Y89H47?tag=eloabder-20&linkCode=osi&th=1&psc=1">View Product</a></div><div class="product"><a href="https://www.amazon.com/dp/B0CLGCN5ZS?tag=eloabder-20&linkCode=osi&th=1&psc=1"><img src="https://m.media-amazon.com/images/I/41PuaWmW8rL._SL500_.jpg" alt="Product Image"></a><p>Momcozy Baby Carrier Newborn to Toddler - Ergonomic, Cozy and Lightweight Infant Carrier for 7-44lbs, Effortless to Put On, Ideal for Hands-Free Parenting, Enhanced Lumbar Support, Khaki</p><p> -7% 0FF </p><p>$64.99</p><a href="https://www.amazon.com/dp/B0CLGCN5ZS?tag=eloabder-20&linkCode=osi&th=1&psc=1">View Product</a></div>
<div class="product"><a href="https://www.amazon.com/dp/B09B94C44F?tag=eloabder-20&linkCode=osi&th=1&psc=1"><img src="https://m.media-amazon.com/images/I/41mrmM0elVL._SL500_.jpg" alt="Product Image"></a><p>Fisher-Price Baby to Toddler Learning Toy 2-in-1 Like a Boss Activity Center and Play Table with Lights Music and Sounds</p><p> -33% 0FF </p><p>$73.99</p><a href="https://www.amazon.com/dp/B09B94C44F?tag=eloabder-20&linkCode=osi&th=1&psc=1">View Product</a></div><div class="product"><a href="https://www.amazon.com/dp/B08D8RSLXW?tag=eloabder-20&linkCode=osi&th=1&psc=1"><img src="https://m.media-amazon.com/images/I/41CTM7vmqIL._SL500_.jpg" alt="Product Image"></a><p>Smart Steps® Bounce N’ Play 3-in-1 Activity Center, Woodland Walk</p><p> -14% 0FF </p><p>$59.99</p><a href="https://www.amazon.com/dp/B08D8RSLXW?tag=eloabder-20&linkCode=osi&th=1&psc=1">View Product</a></div><div class="product"><a href="https://www.amazon.com/dp/B08WQB3JQW?tag=eloabder-20&linkCode=osi&th=1&psc=1"><img src="https://m.media-amazon.com/images/I/413UkTCXRJL._SL500_.jpg" alt="Product Image"></a><p>Smart Steps® 3-in-1 Bounce N' Play Activity Center Plus with STEM Learning Toys, Tike Hike</p><p> -33% 0FF </p><p>$59.99</p><a href="https://www.amazon.com/dp/B08WQB3JQW?tag=eloabder-20&linkCode=osi&th=1&psc=1">View Product</a></div><div class="product"><a href="https://www.amazon.com/dp/B0B5JJGGTC?tag=eloabder-20&linkCode=osi&th=1&psc=1"><img src="https://m.media-amazon.com/images/I/41hewN3eW6L._SL500_.jpg" alt="Product Image"></a><p>Fisher-Price Baby to Toddler Toy 3-in-1 SnugaPuppy Activity Center and Play Table with Lights Sounds and Developmental Activities</p><p> -23% 0FF </p><p>$99.99</p><a href="https://www.amazon.com/dp/B0B5JJGGTC?tag=eloabder-20&linkCode=osi&th=1&psc=1">View Product</a></div><div class="product"><a href="https://www.amazon.com/dp/B07BF1V8K8?tag=eloabder-20&linkCode=osi&th=1&psc=1"><img src="https://m.media-amazon.com/images/I/51kWbX5t3FL._SL500_.jpg" alt="Product Image"></a><p>Battat - Activity Cube With Farm Theme - Educational Wooden Toys For Toddlers And Kids - 1 Year +</p><p> -42% 0FF </p><p>$59.95</p><a href="https://www.amazon.com/dp/B07BF1V8K8?tag=eloabder-20&linkCode=osi&th=1&psc=1">View Product</a></div>
<div class="product"><a href="https://www.amazon.com/dp/B07MPCCDM7?tag=eloabder-20&linkCode=osi&th=1&psc=1"><img src="https://m.media-amazon.com/images/I/414WzjZL6XL._SL500_.jpg" alt="Product Image"></a><p>Baby Einstein 4-in-1 Kickin' Tunes Music and Language Play Gym and Piano Tummy Time Activity Mat</p><p> -20% 0FF </p><p>$39.98</p><a href="https://www.amazon.com/dp/B07MPCCDM7?tag=eloabder-20&linkCode=osi&th=1&psc=1">View Product</a></div><div class="product"><a href="https://www.amazon.com/dp/B0793D9WBY?tag=eloabder-20&linkCode=osi&th=1&psc=1"><img src="https://m.media-amazon.com/images/I/51SJobuKTzL._SL500_.jpg" alt="Product Image"></a><p>Fisher-Price Baby Playmat Deluxe Kick & Play Piano Gym, Green Musical Learning Toy with 2 Rattle Maracas for Developmental Play Newborns 0+ Months</p><p> -18% 0FF </p><p>$49.49</p><a href="https://www.amazon.com/dp/B0793D9WBY?tag=eloabder-20&linkCode=osi&th=1&psc=1">View Product</a></div><div class="product"><a href="https://www.amazon.com/dp/B0B5JXBMZJ?tag=eloabder-20&linkCode=osi&th=1&psc=1"><img src="https://m.media-amazon.com/images/I/51zfjAIFbcL._SL500_.jpg" alt="Product Image"></a><p>Fisher-Price Baby Playmat Kick & Play Piano Gym with Musical and Sensory Toys for Newborn to Toddler, Navy Fawn</p><p> -27% 0FF </p><p>$39.88</p><a href="https://www.amazon.com/dp/B0B5JXBMZJ?tag=eloabder-20&linkCode=osi&th=1&psc=1">View Product</a></div><div class="product"><a href="https://www.amazon.com/dp/B0036RKGHQ?tag=eloabder-20&linkCode=osi&th=1&psc=1"><img src="https://m.media-amazon.com/images/I/51ciJPgVi-L._SL500_.jpg" alt="Product Image"></a><p>Bright Starts Disney Baby Finding Nemo Mr. Ray Ocean Lights & Music Gym, Ages Newborn +</p><p> -18% 0FF </p><p>$69.98</p><a href="https://www.amazon.com/dp/B0036RKGHQ?tag=eloabder-20&linkCode=osi&th=1&psc=1">View Product</a></div>
<div class="product"><a href="https://www.amazon.com/dp/B0C8HGTL8Y?tag=eloabder-20&linkCode=osi&th=1&psc=1"><img src="https://m.media-amazon.com/images/I/41JRClg8WzL._SL500_.jpg" alt="Product Image"></a><p>Baby Trend Everlast 7-in-1 High Chair, Charcoal Stone</p><p> -50% 0FF </p><p>$49.99</p><a href="https://www.amazon.com/dp/B0C8HGTL8Y?tag=eloabder-20&linkCode=osi&th=1&psc=1">View Product</a></div><div class="product"><a href="https://www.amazon.com/dp/B08DY55SQZ?tag=eloabder-20&linkCode=osi&th=1&psc=1"><img src="https://m.media-amazon.com/images/I/31Gi5M2n0TL._SL500_.jpg" alt="Product Image"></a><p>Evenflo 4-in-1 Eat & Grow Convertible High Chair,Polyester</p><p> -9% 0FF </p><p>$62.99</p><a href="https://www.amazon.com/dp/B08DY55SQZ?tag=eloabder-20&linkCode=osi&th=1&psc=1">View Product</a></div><div class="product"><a href="https://www.amazon.com/dp/B0BDSWVGJN?tag=eloabder-20&linkCode=osi&th=1&psc=1"><img src="https://m.media-amazon.com/images/I/31RKzujFVpL._SL500_.jpg" alt="Product Image"></a><p>Graco EveryStep 6 in 1 High Chair, Babies and Toddlers Portable Slim High Chair with 6 Growing Stages from Infant to Toddler Seating, Convenient for Dining Time, Featured Design in Misty</p><p> -12% 0FF </p><p>$176.99</p><a href="https://www.amazon.com/dp/B0BDSWVGJN?tag=eloabder-20&linkCode=osi&th=1&psc=1">View Product</a></div><div class="product"><a href="https://www.amazon.com/dp/B0DFGSY7D2?tag=eloabder-20&linkCode=osi&th=1&psc=1"><img src="https://m.media-amazon.com/images/I/41LuMCYsLxL._SL500_.jpg" alt="Product Image"></a><p>High Chair,IJHIJH Baby High Chair,Foldable High Chair,High Chair for Babies and Toddlers,Double-Layer Large Tray,Backrest and Height Adjustable,5-Point Safety Belt,Non-Slip Mat,Space Saving</p><p> -23% 0FF </p><p>$99.99</p><a href="https://www.amazon.com/dp/B0DFGSY7D2?tag=eloabder-20&linkCode=osi&th=1&psc=1">View Product</a></div><div class="product"><a href="https://www.amazon.com/dp/B01MRVWGJH?tag=eloabder-20&linkCode=osi&th=1&psc=1"><img src="https://m.media-amazon.com/images/I/41HxUVOWn-L._SL500_.jpg" alt="Product Image"></a><p>Cosco Simple Fold Full Size High Chair With Adjustable Tray, 28.5x23.5x38.7 Inch (Pack of 1)</p><p> -23% 0FF </p><p>$49.99</p><a href="https://www.amazon.com/dp/B01MRVWGJH?tag=eloabder-20&linkCode=osi&th=1&psc=1">View Product</a></div><div class="product"><a href="https://www.amazon.com/dp/B0B1QRSXW9?tag=eloabder-20&linkCode=osi&th=1&psc=1"><img src="https://m.media-amazon.com/images/I/41k+dOKhnqL._SL500_.jpg" alt="Product Image"></a><p>Baby Trend Sit Right 2.0 3-in-1 High Chair - Cozy Grey</p><p> -25% 0FF </p><p>$59.99</p><a href="https://www.amazon.com/dp/B0B1QRSXW9?tag=eloabder-20&linkCode=osi&th=1&psc=1">View Product</a></div><div class="product"><a href="https://www.amazon.com/dp/B08HKPPJPV?tag=eloabder-20&linkCode=osi&th=1&psc=1"><img src="https://m.media-amazon.com/images/I/31cMtIzV9lL._SL500_.jpg" alt="Product Image"></a><p>Graco® Table2Table LX 6-in-1 Highchair, Arrows with Infant Head Support & One-Hand Removable Tray</p><p> -16% 0FF </p><p>$100.99</p><a href="https://www.amazon.com/dp/B08HKPPJPV?tag=eloabder-20&linkCode=osi&th=1&psc=1">View Product</a></div><div class="product"><a href="https://www.amazon.com/dp/B07Y5RY7QT?tag=eloabder-20&linkCode=osi&th=1&psc=1"><img src="https://m.media-amazon.com/images/I/31IiUCIU1JL._SL500_.jpg" alt="Product Image"></a><p>Graco DuoDiner DLX 6-in-1 Highchair, Mathis</p><p> -7% 0FF </p><p>$139.99</p><a href="https://www.amazon.com/dp/B07Y5RY7QT?tag=eloabder-20&linkCode=osi&th=1&psc=1">View Product</a></div><div class="product"><a href="https://www.amazon.com/dp/B091M5MT2L?tag=eloabder-20&linkCode=osi&th=1&psc=1"><img src="https://m.media-amazon.com/images/I/31ukjyiALGL._SL500_.jpg" alt="Product Image"></a><p>Century Dine On 4-in-1 High Chair, Grows with Child with 4 Modes, Metro</p><p> -11% 0FF </p><p>$79.99</p><a href="https://www.amazon.com/dp/B091M5MT2L?tag=eloabder-20&linkCode=osi&th=1&psc=1">View Product</a></div>
<div class="product"><a href="https://www.amazon.com/dp/B000MR4IX6?tag=eloabder-20&linkCode=osi&th=1&psc=1"><img src="https://m.media-amazon.com/images/I/31QxBnnFyKL._SL500_.jpg" alt="Product Image"></a><p>Crane Adorables Ultrasonic Humidifiers for Bedroom and Baby Nursery, 1 Gallon Cool Mist Air Humidifier for Large Room or Kid's Room, Humidifier Filters Optional, Hello Kitty</p><p> -10% 0FF </p><p>$53.99</p><a href="https://www.amazon.com/dp/B000MR4IX6?tag=eloabder-20&linkCode=osi&th=1&psc=1">View Product</a></div><div class="product"><a href="https://www.amazon.com/dp/B001ADL1SG?tag=eloabder-20&linkCode=osi&th=1&psc=1"><img src="https://m.media-amazon.com/images/I/31jxnLUt3iL._SL500_.jpg" alt="Product Image"></a><p>Crane Ultrasonic Cool Mist Humidifier for Bedroom, Baby Nursery, Kids Room, Plants, or Office, Large 1 Gallon Tank, Filter Optional, Blue and White</p><p> -25% 0FF </p><p>$44.99</p><a href="https://www.amazon.com/dp/B001ADL1SG?tag=eloabder-20&linkCode=osi&th=1&psc=1">View Product</a></div><div class="product"><a href="https://www.amazon.com/dp/B089QWNQXC?tag=eloabder-20&linkCode=osi&th=1&psc=1"><img src="https://m.media-amazon.com/images/I/31SHRor76xL._SL500_.jpg" alt="Product Image"></a><p>Dr. Brown's All-in-One Sterilizer and Dryer for Baby Bottles, Parts & Other Newborn Essentials</p><p> -28% 0FF </p><p>$57.99</p><a href="https://www.amazon.com/dp/B089QWNQXC?tag=eloabder-20&linkCode=osi&th=1&psc=1">View Product</a></div><div class="product"><a href="https://www.amazon.com/dp/B008KJEYLO?tag=eloabder-20&linkCode=osi&th=1&psc=1"><img src="https://m.media-amazon.com/images/I/516vqHBFtxL._SL500_.jpg" alt="Product Image"></a><p>WaterWipes Plastic-Free Original Baby Wipes, 99.9% Water Based Wipes, Unscented & Hypoallergenic for Sensitive Skin, 60 Count (Pack of 12), Packaging May Vary</p><p> -13% 0FF </p><p>$39.97 ($5.55 / 100 Count)</p><a href="https://www.amazon.com/dp/B008KJEYLO?tag=eloabder-20&linkCode=osi&th=1&psc=1">View Product</a></div><div class="product"><a href="https://www.amazon.com/dp/B094YK9MB1?tag=eloabder-20&linkCode=osi&th=1&psc=1"><img src="https://m.media-amazon.com/images/I/31h+m99qpwL._SL500_.jpg" alt="Product Image"></a><p>Westinghouse 28-inch Cool Mist Ultrasonic Tower Humidifier, 6L Top Fill Air Humidifier with Essential Oil Diffuser, Adjustable Mist Volume for Large Bedrooms</p><p> -50% 0FF </p><p>$59.99</p><a href="https://www.amazon.com/dp/B094YK9MB1?tag=eloabder-20&linkCode=osi&th=1&psc=1">View Product</a></div>
<div class="product"><a href="https://www.amazon.com/dp/B0961KZ9X2?tag=eloabder-20&linkCode=osi&th=1&psc=1"><img src="https://m.media-amazon.com/images/I/41AUjJ8u93S._SL500_.jpg" alt="Product Image"></a><p>Philips Avent Anti-Colic Baby Bottle with AirFree Vent, 9oz, 4pk, Clear, SCY703/04</p><p> -20% 0FF </p><p>$23.99</p><a href="https://www.amazon.com/dp/B0961KZ9X2?tag=eloabder-20&linkCode=osi&th=1&psc=1">View Product</a></div><div class="product"><a href="https://www.amazon.com/dp/B00K5KVC52?tag=eloabder-20&linkCode=osi&th=1&psc=1"><img src="https://m.media-amazon.com/images/I/411dDDTfnQL._SL500_.jpg" alt="Product Image"></a><p>Tommee Tippee Natural Start Anti-Colic BPA Free Baby Bottles, 9oz, Slow-Flow Breast-Like Nipple for a Natural Latch, Designed for Seamless Transitions Between Bottle and Breast, Fiesta, Pack of 6</p><p> -44% 0FF </p><p>$23.97</p><a href="https://www.amazon.com/dp/B00K5KVC52?tag=eloabder-20&linkCode=osi&th=1&psc=1">View Product</a></div><div class="product"><a href="https://www.amazon.com/dp/B00H0DH2NS?tag=eloabder-20&linkCode=osi&th=1&psc=1"><img src="https://m.media-amazon.com/images/I/41-a1Bfp4SL._SL500_.jpg" alt="Product Image"></a><p>Lansinoh Anti-Colic Baby Bottles for Breastfeeding Babies, 5 Ounces, 3 Count, Includes 3 Slow Flow Nipples, Size S</p><p> -25% 0FF </p><p>$14.99</p><a href="https://www.amazon.com/dp/B00H0DH2NS?tag=eloabder-20&linkCode=osi&th=1&psc=1">View Product</a></div><div class="product"><a href="https://www.amazon.com/dp/B07M6QQP9Z?tag=eloabder-20&linkCode=osi&th=1&psc=1"><img src="https://m.media-amazon.com/images/I/41DGyuAuyJL._SL500_.jpg" alt="Product Image"></a><p>Dr. Brown's Natural Flow Anti-Colic Options+ Wide-Neck Glass Baby Bottles 5 oz/150 mL, with Level 1 Slow Flow Nipple, 3 Pack, 0m+</p><p> -17% 0FF </p><p>$23.99</p><a href="https://www.amazon.com/dp/B07M6QQP9Z?tag=eloabder-20&linkCode=osi&th=1&psc=1">View Product</a></div>
<div class="product"><a href="https://www.amazon.com/dp/B00MN6IGPK?tag=eloabder-20&linkCode=osi&th=1&psc=1"><img src="https://m.media-amazon.com/images/I/41QKUlWUujL._SL500_.jpg" alt="Product Image"></a><p>Pioneer Photo Albums DA-200COLB/B 200-Pocket Embossed Baby Leatherette Frame Cover Album for 4 by 6-Inch Prints, Blue</p><p> -20% 0FF </p><p>$13.58</p><a href="https://www.amazon.com/dp/B00MN6IGPK?tag=eloabder-20&linkCode=osi&th=1&psc=1">View Product</a></div><div class="product"><a href="https://www.amazon.com/dp/B09G9LD7MR?tag=eloabder-20&linkCode=osi&th=1&psc=1"><img src="https://m.media-amazon.com/images/I/41G9dvP0dRL._SL500_.jpg" alt="Product Image"></a><p>Holoary Baby Photo Album 4” x 6” 160 Photos, Newborn Baby Keepsake Gifts for Baby Boy/Girl and New Parents, Woodland Animals Design</p><p> -15% 0FF </p><p>$16.99</p><a href="https://www.amazon.com/dp/B09G9LD7MR?tag=eloabder-20&linkCode=osi&th=1&psc=1">View Product</a></div>
<div class="product"><a href="https://www.amazon.com/dp/B099FM4W4H?tag=eloabder-20&linkCode=osi&th=1&psc=1"><img src="https://m.media-amazon.com/images/I/41oW5RAdkOL._SL500_.jpg" alt="Product Image"></a><p>Frida Baby 4-in-1 Grow-with-Me Baby Bathtub, Baby Tub for Newborns to Toddler with Removable Bath Seat & Backrest for Bath Support in Tub</p><p> -9% 0FF </p><p>$49.97</p><a href="https://www.amazon.com/dp/B099FM4W4H?tag=eloabder-20&linkCode=osi&th=1&psc=1">View Product</a></div><div class="product"><a href="https://www.amazon.com/dp/B008VWVS14?tag=eloabder-20&linkCode=osi&th=1&psc=1"><img src="https://m.media-amazon.com/images/I/41SmMRWIinL._SL500_.jpg" alt="Product Image"></a><p>Angelcare Baby Bath Support (Aqua) | Ideal for Babies Less than 6 Months Old</p><p> -33% 0FF </p><p>$19.99</p><a href="https://www.amazon.com/dp/B008VWVS14?tag=eloabder-20&linkCode=osi&th=1&psc=1">View Product</a></div><div class="product"><a href="https://www.amazon.com/dp/B0856SSQ1X?tag=eloabder-20&linkCode=osi&th=1&psc=1"><img src="https://m.media-amazon.com/images/I/31uBL4LsJbL._SL500_.jpg" alt="Product Image"></a><p>Fisher-Price Baby to Toddler Bath 4-in-1 Sling ‘n Seat Tub with Removable Infant Support and 2 Toys, Pacific Pebble</p><p> -11% 0FF </p><p>$39.99</p><a href="https://www.amazon.com/dp/B0856SSQ1X?tag=eloabder-20&linkCode=osi&th=1&psc=1">View Product</a></div><div class="product"><a href="https://www.amazon.com/dp/B0BFVBMM2Y?tag=eloabder-20&linkCode=osi&th=1&psc=1"><img src="https://m.media-amazon.com/images/I/31HpHQ7IjxL._SL500_.jpg" alt="Product Image"></a><p>The First Years Renewed Baby Bath Tub - Newborn to Toddler 3-in-1 Baby Tub with Removable Sling - Made with 50% Recycled Material - 0 to 25 LBs</p><p> -10% 0FF </p><p>$26.99</p><a href="https://www.amazon.com/dp/B0BFVBMM2Y?tag=eloabder-20&linkCode=osi&th=1&psc=1">View Product</a></div><div class="product"><a href="https://www.amazon.com/dp/B08XYFMK8K?tag=eloabder-20&linkCode=osi&th=1&psc=1"><img src="https://m.media-amazon.com/images/I/41pzMRjTbyS._SL500_.jpg" alt="Product Image"></a><p>The First Years Rain Shower Baby Bathtub — Baby Spa for Newborn to Toddler — includes Convertible Bathtub and Sling with Soothing Spray — Baby Bath Essentials</p><p> -20% 0FF </p><p>$69.99</p><a href="https://www.amazon.com/dp/B08XYFMK8K?tag=eloabder-20&linkCode=osi&th=1&psc=1">View Product</a></div>
<div class="product"><a href="https://www.amazon.com/dp/B08GFCX964?tag=eloabder-20&linkCode=osi&th=1&psc=1"><img src="https://m.media-amazon.com/images/I/41WRO-OeUjL._SL500_.jpg" alt="Product Image"></a><p>PandaEar Set of 3 Silicone Baby Bibs Waterproof, Soft, Unisex, 10-72 Months (Brown/Blue/Green)</p><p> -27% 0FF </p><p>$8.45</p><a href="https://www.amazon.com/dp/B08GFCX964?tag=eloabder-20&linkCode=osi&th=1&psc=1">View Product</a></div><div class="product"><a href="https://www.amazon.com/dp/B0B152XRC4?tag=eloabder-20&linkCode=osi&th=1&psc=1"><img src="https://m.media-amazon.com/images/I/51OYlHgekxL._SL500_.jpg" alt="Product Image"></a><p>8-Pack Organic Baby Bibs for Boys, Girls - Soft Cotton Drooling and Teething Baby Bibs, Baby Girl Bibs, Baby Boy Bibs, Baby Drool Bibs for Baby Girl, Boy, Newborn Infant Bibs (Sweet Charm)</p><p> -39% 0FF </p><p>$16.96</p><a href="https://www.amazon.com/dp/B0B152XRC4?tag=eloabder-20&linkCode=osi&th=1&psc=1">View Product</a></div>
<div class="product"><a href="https://www.amazon.com/dp/B01CJABFKM?tag=eloabder-20&linkCode=osi&th=1&psc=1"><img src="https://m.media-amazon.com/images/I/41Cy6DIfuuL._SL500_.jpg" alt="Product Image"></a><p>Custom Catch Personalized Baby Blanket for Boys - Blue</p><p> -27% 0FF </p><p>$21.94</p><a href="https://www.amazon.com/dp/B01CJABFKM?tag=eloabder-20&linkCode=osi&th=1&psc=1">View Product</a></div><div class="product"><a href="https://www.amazon.com/dp/B098NY9KW8?tag=eloabder-20&linkCode=osi&th=1&psc=1"><img src="https://m.media-amazon.com/images/I/41k5gWkxQgL._SL500_.jpg" alt="Product Image"></a><p>Momcozy Muslin Swaddle Blankets, Swaddle Blanket for Baby Boys and Girls, 4-Pack Breathable and Skin-Friendly Baby Receiving Blankets Swaddle Wrap, Baby Essentials, Registry & Gift, 47 x 47 inches</p><p> -40% 0FF </p><p>$29.99</p><a href="https://www.amazon.com/dp/B098NY9KW8?tag=eloabder-20&linkCode=osi&th=1&psc=1">View Product</a></div><div class="product"><a href="https://www.amazon.com/dp/B0CNPDMD1R?tag=eloabder-20&linkCode=osi&th=1&psc=1"><img src="https://m.media-amazon.com/images/I/41P19H8j35L._SL500_.jpg" alt="Product Image"></a><p>Yurhap Fleece Baby Blanket Heart Checkered Blanket, Ultra Soft Cozy Baby Blankets for Girls Boys, Fluffy Infant Toddler Newborn Receiving Blankets for Crib Stroller 30”×40” (Light Pink)</p><p> -33% 0FF </p><p>$9.99</p><a href="https://www.amazon.com/dp/B0CNPDMD1R?tag=eloabder-20&linkCode=osi&th=1&psc=1">View Product</a></div><div class="product"><a href="https://www.amazon.com/dp/B0B3J7RYTF?tag=eloabder-20&linkCode=osi&th=1&psc=1"><img src="https://m.media-amazon.com/images/I/41xEsOQY4yL._SL500_.jpg" alt="Product Image"></a><p>Konssy Waffle Baby Blankets, Nursery Blankets for Boys Girls, Swaddle Blankets Neutral Soft Lightweight Toddler and Kids Throw Blankets(Oat)</p><p> -23% 0FF </p><p>$22.99</p><a href="https://www.amazon.com/dp/B0B3J7RYTF?tag=eloabder-20&linkCode=osi&th=1&psc=1">View Product</a></div><div class="product"><a href="https://www.amazon.com/dp/B0BD6TPYXR?tag=eloabder-20&linkCode=osi&th=1&psc=1"><img src="https://m.media-amazon.com/images/I/51SPJrzTpKL._SL500_.jpg" alt="Product Image"></a><p>Konssy Baby Blankets for Unisex Boys Girls, Super Soft Nursery Minky Blankets with Muslin Cotton Front and Dotted Fleece Backing, Printed Bed Throws Newborn</p><p> -10% 0FF </p><p>$18.99</p><a href="https://www.amazon.com/dp/B0BD6TPYXR?tag=eloabder-20&linkCode=osi&th=1&psc=1">View Product</a></div>
<div class="product"><a href="https://www.amazon.com/dp/B081FTXL88?tag=eloabder-20&linkCode=osi&th=1&psc=1"><img src="https://m.media-amazon.com/images/I/31S6fvevhIL._SL500_.jpg" alt="Product Image"></a><p>Munchkin® Bristle™ Bottle Brush, Grey</p><p> -23% 0FF </p><p>$4.47</p><a href="https://www.amazon.com/dp/B081FTXL88?tag=eloabder-20&linkCode=osi&th=1&psc=1">View Product</a></div><div class="product"><a href="https://www.amazon.com/dp/B082PZ44M9?tag=eloabder-20&linkCode=osi&th=1&psc=1"><img src="https://m.media-amazon.com/images/I/21NI5khXnaL._SL500_.jpg" alt="Product Image"></a><p>Boon Cacti Bottle Cleaning Brush Set - Includes Bottle Brush, Nipple Brush, Detail Brush, and Straw Brush - Baby Bottle Brush Set for Bottle Drying Rack - Baby Essentials - 4 Count</p><p> -12% 0FF </p><p>$13.49</p><a href="https://www.amazon.com/dp/B082PZ44M9?tag=eloabder-20&linkCode=osi&th=1&psc=1">View Product</a></div><div class="product"><a href="https://www.amazon.com/dp/B0CQKF5CWS?tag=eloabder-20&linkCode=osi&th=1&psc=1"><img src="https://m.media-amazon.com/images/I/31RoBDDbg3L._SL500_.jpg" alt="Product Image"></a><p>Munchkin® Bristle™ Bottle Brush, Modern Design, Grey</p><p> -23% 0FF </p><p>$4.47</p><a href="https://www.amazon.com/dp/B0CQKF5CWS?tag=eloabder-20&linkCode=osi&th=1&psc=1">View Product</a></div><div class="product"><a href="https://www.amazon.com/dp/B01968GERY?tag=eloabder-20&linkCode=osi&th=1&psc=1"><img src="https://m.media-amazon.com/images/I/21rubIV8FNL._SL500_.jpg" alt="Product Image"></a><p>NUK Triple Action Baby Bottle & Nipple Brush, 3 Powerful Cleaning Materials - Bristles, Sponge, & Scruber, Non-Slip Handle, Odor Resistant, Top Rack Dishwasher Safe</p><p> -54% 0FF </p><p>$4.49</p><a href="https://www.amazon.com/dp/B01968GERY?tag=eloabder-20&linkCode=osi&th=1&psc=1">View Product</a></div>
<div class="product"><a href="https://www.amazon.com/dp/B09CGTPJSL?tag=eloabder-20&linkCode=osi&th=1&psc=1"><img src="https://m.media-amazon.com/images/I/31O1L+MYMxL._SL500_.jpg" alt="Product Image"></a><p>Baby Bottle Sterilizer | Esterilizador de Biberones, 6-in-1 HAUTURE Bottle Sterilizer and Dryer, Electric Steam Bottle Sanitizer for Baby Stuffs, Baby Bottles & Breast Pump Accessories</p><p> -10% 0FF </p><p>$69.98</p><a href="https://www.amazon.com/dp/B09CGTPJSL?tag=eloabder-20&linkCode=osi&th=1&psc=1">View Product</a></div><div class="product"><a href="https://www.amazon.com/dp/B007VBXKG2?tag=eloabder-20&linkCode=osi&th=1&psc=1"><img src="https://m.media-amazon.com/images/I/315F64OEQHL._SL500_.jpg" alt="Product Image"></a><p>Philips AVENT Microwave Steam Sterilizer for Baby Bottles, Pacifiers, Cups and More, SCF281/05</p><p> -29% 0FF </p><p>$22.79</p><a href="https://www.amazon.com/dp/B007VBXKG2?tag=eloabder-20&linkCode=osi&th=1&psc=1">View Product</a></div><div class="product"><a href="https://www.amazon.com/dp/B09HJDX5S6?tag=eloabder-20&linkCode=osi&th=1&psc=1"><img src="https://m.media-amazon.com/images/I/41rjM6KCAmL._SL500_.jpg" alt="Product Image"></a><p>Baby Brezza Bottle Sterilizer and Dryer Advanced – Electric Steam Sterilization Machine Universal Sterilizing for All Bottles: Plastic + Glass Pacifiers Breast Pump Parts - HEPA Filtration</p><p> -15% 0FF </p><p>$118.99</p><a href="https://www.amazon.com/dp/B09HJDX5S6?tag=eloabder-20&linkCode=osi&th=1&psc=1">View Product</a></div><div class="product"><a href="https://www.amazon.com/dp/B0D474DSB6?tag=eloabder-20&linkCode=osi&th=1&psc=1"><img src="https://m.media-amazon.com/images/I/41p78Of58KL._SL500_.jpg" alt="Product Image"></a><p>Bottle Sterilizer and Dryer, HIYAKOI Electric Steam Baby Bottle Sterilizer and Dryer, All-in-One Sterilizer 2 Layers Large for Baby Bottles, Parts & Other Newborn Essentials - HEPA Filtration</p><p> -38% 0FF </p><p>$49.99</p><a href="https://www.amazon.com/dp/B0D474DSB6?tag=eloabder-20&linkCode=osi&th=1&psc=1">View Product</a></div><div class="product"><a href="https://www.amazon.com/dp/B0CQQFFQKJ?tag=eloabder-20&linkCode=osi&th=1&psc=1"><img src="https://m.media-amazon.com/images/I/41tQNekOelL._SL500_.jpg" alt="Product Image"></a><p>Momcozy Bottle Sterilizer and Dryer, 8-in-1 Electric Steam Baby Bottle Sterilizer for Baby Bottles, Baby stuffs & Breast Pump Accessories</p><p> -36% 0FF </p><p>$63.99</p><a href="https://www.amazon.com/dp/B0CQQFFQKJ?tag=eloabder-20&linkCode=osi&th=1&psc=1">View Product</a></div><div class="product"><a href="https://www.amazon.com/dp/B09HH7HSGV?tag=eloabder-20&linkCode=osi&th=1&psc=1"><img src="https://m.media-amazon.com/images/I/31tOSRxwFYL._SL500_.jpg" alt="Product Image"></a><p>GROWNSY Bottle Sterilizer and Dryer, 2024 Compact Electric Steam Baby Bottle Sterilizer (Esterilizador de Biberones), Bottle Sanitizer for Baby Bottles, Pacifiers, Pump Parts</p><p> -33% 0FF </p><p>$59.99</p><a href="https://www.amazon.com/dp/B09HH7HSGV?tag=eloabder-20&linkCode=osi&th=1&psc=1">View Product</a></div>
<div class="product"><a href="https://www.amazon.com/dp/B07G4KBQJ7?tag=eloabder-20&linkCode=osi&th=1&psc=1"><img src="https://m.media-amazon.com/images/I/41WM4mOjQiL._SL500_.jpg" alt="Product Image"></a><p>Evenflo Feeding Classic Tinted Plastic Standard Neck Bottles for Baby, Infant and Newborn, Pink/Lavender/Teal, 8 Ounce (Pack of 12)</p><p> -27% 0FF </p><p>$10.19</p><a href="https://www.amazon.com/dp/B07G4KBQJ7?tag=eloabder-20&linkCode=osi&th=1&psc=1">View Product</a></div><div class="product"><a href="https://www.amazon.com/dp/B00N9X4YZW?tag=eloabder-20&linkCode=osi&th=1&psc=1"><img src="https://m.media-amazon.com/images/I/51kDCJ8oQmL._SL500_.jpg" alt="Product Image"></a><p>Evenflo Feeding Classic Tinted Plastic Standard Neck Bottles for Baby, Infant and Newborn - Teal/Green/Blue, 8 Ounce (Pack of 12)</p><p> -31% 0FF </p><p>$9.68</p><a href="https://www.amazon.com/dp/B00N9X4YZW?tag=eloabder-20&linkCode=osi&th=1&psc=1">View Product</a></div><div class="product"><a href="https://www.amazon.com/dp/B07DCQKC33?tag=eloabder-20&linkCode=osi&th=1&psc=1"><img src="https://m.media-amazon.com/images/I/41jfe6zVMgL._SL500_.jpg" alt="Product Image"></a><p>Dr. Brown's Anti-Colic Baby Feeding Set with Slow Flow Nipples, Travel Caps, Silicone Pacifier - Pink</p><p> -20% 0FF </p><p>$18.41</p><a href="https://www.amazon.com/dp/B07DCQKC33?tag=eloabder-20&linkCode=osi&th=1&psc=1">View Product</a></div>
<div class="product"><a href="https://www.amazon.com/dp/B095F28Q6J?tag=eloabder-20&linkCode=osi&th=1&psc=1"><img src="https://m.media-amazon.com/images/I/311FVQReZOL._SL500_.jpg" alt="Product Image"></a><p>Baby Delight Alpine Deluxe Portable Bouncer, Infant, 0-6 Months, 100% GOTS Certified Cotton Fabrics, Organic Oat</p><p> -22% 0FF </p><p>$69.99</p><a href="https://www.amazon.com/dp/B095F28Q6J?tag=eloabder-20&linkCode=osi&th=1&psc=1">View Product</a></div><div class="product"><a href="https://www.amazon.com/dp/B0BLP5G5FJ?tag=eloabder-20&linkCode=osi&th=1&psc=1"><img src="https://m.media-amazon.com/images/I/41F7YHDOEGL._SL500_.jpg" alt="Product Image"></a><p>Bright Starts Playful Paradise Comfy Baby Bouncer Seat with Soothing Vibration and Toys, Unisex, 0-6 Months</p><p> -26% 0FF </p><p>$22.11</p><a href="https://www.amazon.com/dp/B0BLP5G5FJ?tag=eloabder-20&linkCode=osi&th=1&psc=1">View Product</a></div><div class="product"><a href="https://www.amazon.com/dp/B016DAWD3W?tag=eloabder-20&linkCode=osi&th=1&psc=1"><img src="https://m.media-amazon.com/images/I/31SssXA+BHL._SL500_.jpg" alt="Product Image"></a><p>BabyBjörn Bouncer Balance Soft, Cotton/Jersey, Dark Gray/Gray (005084US)</p><p> -14% 0FF </p><p>$179.99</p><a href="https://www.amazon.com/dp/B016DAWD3W?tag=eloabder-20&linkCode=osi&th=1&psc=1">View Product</a></div><div class="product"><a href="https://www.amazon.com/dp/B07C9ZR2VC?tag=eloabder-20&linkCode=osi&th=1&psc=1"><img src="https://m.media-amazon.com/images/I/41wSBC1+j4L._SL500_.jpg" alt="Product Image"></a><p>Smart Steps Trend EZ Bouncer, Bluebell</p><p> -45% 0FF </p><p>$29.99</p><a href="https://www.amazon.com/dp/B07C9ZR2VC?tag=eloabder-20&linkCode=osi&th=1&psc=1">View Product</a></div>
<div class="product"><a href="https://www.amazon.com/dp/B07XMN3SK6?tag=eloabder-20&linkCode=osi&th=1&psc=1"><img src="https://m.media-amazon.com/images/I/41bHS4nTJ2L._SL500_.jpg" alt="Product Image"></a><p>Infantino Flip 4-in-1 Carrier - Ergonomic for Newborns and Older Babies 8-32 lbs</p><p> -21% 0FF </p><p>$29.99</p><a href="https://www.amazon.com/dp/B07XMN3SK6?tag=eloabder-20&linkCode=osi&th=1&psc=1">View Product</a></div><div class="product"><a href="https://www.amazon.com/dp/B0743L6R1T?tag=eloabder-20&linkCode=osi&th=1&psc=1"><img src="https://m.media-amazon.com/images/I/31ZGsR+w+1L._SL500_.jpg" alt="Product Image"></a><p>Ergobaby Omni 360 All-Position Baby Carrier for Newborn to Toddler with Lumbar Support (7-45 Pounds), Pearl Grey, One Size (Pack of 1)</p><p> -39% 0FF </p><p>$110.00</p><a href="https://www.amazon.com/dp/B0743L6R1T?tag=eloabder-20&linkCode=osi&th=1&psc=1">View Product</a></div><div class="product"><a href="https://www.amazon.com/dp/B0CDQ1XH6W?tag=eloabder-20&linkCode=osi&th=1&psc=1"><img src="https://m.media-amazon.com/images/I/41kAV5NXZBL._SL500_.jpg" alt="Product Image"></a><p>Momcozy Baby Carrier Newborn to Toddler - Ergonomic, Cozy and Lightweight Infant Carrier for 7-44lbs, Effortless to Put On, Ideal for Hands-Free Parenting, Enhanced Lumbar Support, Leopard</p><p> -8% 0FF </p><p>$59.99</p><a href="https://www.amazon.com/dp/B0CDQ1XH6W?tag=eloabder-20&linkCode=osi&th=1&psc=1">View Product</a></div><div class="product"><a href="https://www.amazon.com/dp/B005SP2LWW?tag=eloabder-20&linkCode=osi&th=1&psc=1"><img src="https://m.media-amazon.com/images/I/31fYPOjdFrL._SL500_.jpg" alt="Product Image"></a><p>Boba Baby Wrap Carrier - Original Baby Carrier Wrap Sling for Newborns - Baby Wearing Essentials - Newborn Wrap Swaddle Holder, Newborn to Toddler Infant Sling (Grey)</p><p> -19% 0FF </p><p>$32.49</p><a href="https://www.amazon.com/dp/B005SP2LWW?tag=eloabder-20&linkCode=osi&th=1&psc=1">View Product</a></div><div class="product"><a href="https://www.amazon.com/dp/B098X8WS7Y?tag=eloabder-20&linkCode=osi&th=1&psc=1"><img src="https://m.media-amazon.com/images/I/41az3xS82UL._SL500_.jpg" alt="Product Image"></a><p>Momcozy Baby Wrap Carrier, Easy to Wear Infant Carrier Slings, Lightweight Hands Free Baby Sling, Adjustable Baby Carriers for Newborn to Toddler 8-35 lbs, Black</p><p> -28% 0FF </p><p>$32.99</p><a href="https://www.amazon.com/dp/B098X8WS7Y?tag=eloabder-20&linkCode=osi&th=1&psc=1">View Product</a></div>
<div class="product"><a href="https://www.amazon.com/dp/B01N3MYVZM?tag=eloabder-20&linkCode=osi&th=1&psc=1"><img src="https://m.media-amazon.com/images/I/41CLrlYJDnL._SL500_.jpg" alt="Product Image"></a><p>Graco SlimFit 3-in-1 Convertible Car Seat, Ultra-Space-Saving Design, Darcie, Suitable for Rear and Forward-Facing, Highback Booster Seat with 10-Position Headrest</p><p> -21% 0FF </p><p>$157.99</p><a href="https://www.amazon.com/dp/B01N3MYVZM?tag=eloabder-20&linkCode=osi&th=1&psc=1">View Product</a></div><div class="product"><a href="https://www.amazon.com/dp/B07J37RTPG?tag=eloabder-20&linkCode=osi&th=1&psc=1"><img src="https://m.media-amazon.com/images/I/41fGAx7LcGL._SL500_.jpg" alt="Product Image"></a><p>Graco 4Ever DLX 4-in-1 Car Seat, Grey, Infant to Toddler Car Seat, with 10 Years of Use, Rear-facing, Forward-facing and Booster Modes, Safe, Comfortable and Convenient</p><p> -7% 0FF </p><p>$279.00</p><a href="https://www.amazon.com/dp/B07J37RTPG?tag=eloabder-20&linkCode=osi&th=1&psc=1">View Product</a></div><div class="product"><a href="https://www.amazon.com/dp/B07R9H1JC9?tag=eloabder-20&linkCode=osi&th=1&psc=1"><img src="https://m.media-amazon.com/images/I/41NwO9xrBGL._SL500_.jpg" alt="Product Image"></a><p>Graco Grows4Me 4-in-1 Car Seat, Convertible Infant to Toddler Car Seat and Booster, West Point Design, for 10 Years of Safe, Comfortable Journeys</p><p> -29% 0FF </p><p>$199.99</p><a href="https://www.amazon.com/dp/B07R9H1JC9?tag=eloabder-20&linkCode=osi&th=1&psc=1">View Product</a></div>
<div class="product"><a href="https://www.amazon.com/dp/B08RN8G58P?tag=eloabder-20&linkCode=osi&th=1&psc=1"><img src="https://m.media-amazon.com/images/I/41Qid-FWhYL._SL500_.jpg" alt="Product Image"></a><p>Baby Portable Changing Pad Travel - Waterproof Compact Diaper Changing Mat with Built-in Pillow - Lightweight & Foldable Changing Station, Newborn Shower Gifts</p><p> -29% 0FF </p><p>$9.99</p><a href="https://www.amazon.com/dp/B08RN8G58P?tag=eloabder-20&linkCode=osi&th=1&psc=1">View Product</a></div><div class="product"><a href="https://www.amazon.com/dp/B089XVKJSL?tag=eloabder-20&linkCode=osi&th=1&psc=1"><img src="https://m.media-amazon.com/images/I/51qlzLJHUWL._SL500_.jpg" alt="Product Image"></a><p>Portable Diaper Changing Pad - Waterproof Foldable Baby Changing Mat - Travel Diaper Change Mat - Lightweight Changing Pads for Baby - Baby Changer - Machine Washable (Black Geo)</p><p> -7% 0FF </p><p>$12.96</p><a href="https://www.amazon.com/dp/B089XVKJSL?tag=eloabder-20&linkCode=osi&th=1&psc=1">View Product</a></div><div class="product"><a href="https://www.amazon.com/dp/B08PH9Y6QS?tag=eloabder-20&linkCode=osi&th=1&psc=1"><img src="https://m.media-amazon.com/images/I/21cBsus1AHL._SL500_.jpg" alt="Product Image"></a><p>Regalo Baby Basics Infant Changing Pad, White , 31x16x4 Inch (Pack of 1)</p><p> -33% 0FF </p><p>$19.99</p><a href="https://www.amazon.com/dp/B08PH9Y6QS?tag=eloabder-20&linkCode=osi&th=1&psc=1">View Product</a></div>
<div class="product"><a href="https://www.amazon.com/dp/B07GFNVLS2?tag=eloabder-20&linkCode=osi&th=1&psc=1"><img src="https://m.media-amazon.com/images/I/31T-p4V5gsL._SL500_.jpg" alt="Product Image"></a><p>Gerber Unisex Baby Multi-Pack Long-Sleeve Onesies Bodysuit Mitten Cuff Sizes 6-Pack Mitten Cuff 0-3 Months</p><p> -12% 0FF </p><p>$15.81</p><a href="https://www.amazon.com/dp/B07GFNVLS2?tag=eloabder-20&linkCode=osi&th=1&psc=1">View Product</a></div><div class="product"><a href="https://www.amazon.com/dp/B0CP3NQCN3?tag=eloabder-20&linkCode=osi&th=1&psc=1"><img src="https://m.media-amazon.com/images/I/41MpsB3rYcL._SL500_.jpg" alt="Product Image"></a><p>Kaipiclos Newborn Infant Girl Clothes Rib Knit Romper Daisy Print Pants Headband Baby Clothes for Girls 0 3 6 12 18 24 Months</p><p> -10% 0FF </p><p>$14.99</p><a href="https://www.amazon.com/dp/B0CP3NQCN3?tag=eloabder-20&linkCode=osi&th=1&psc=1">View Product</a></div><div class="product"><a href="https://www.amazon.com/dp/B0D88Z7VLZ?tag=eloabder-20&linkCode=osi&th=1&psc=1"><img src="https://m.media-amazon.com/images/I/41Au0yzblbL._SL500_.jpg" alt="Product Image"></a><p>Burt's Bees Baby Baby Boys Pajamas, Sleep and Play Loose Fit, 100% Organic Cotton, Soft One-piece PJs, Diagonal Zip Up Jumpsuit Newborn Essentials with Interior Zipper Guard in sizes NB to 6-9 Months</p><p> -49% 0FF </p><p>$7.60</p><a href="https://www.amazon.com/dp/B0D88Z7VLZ?tag=eloabder-20&linkCode=osi&th=1&psc=1">View Product</a></div>
<div class="product"><a href="https://www.amazon.com/dp/B002FQK8IQ?tag=eloabder-20&linkCode=osi&th=1&psc=1"><img src="https://m.media-amazon.com/images/I/41WTSrhkJ4L._SL500_.jpg" alt="Product Image"></a><p>Safety 1st Easy Grip Brush and Comb, Colors May Vary</p><p> -23% 0FF </p><p>$4.59</p><a href="https://www.amazon.com/dp/B002FQK8IQ?tag=eloabder-20&linkCode=osi&th=1&psc=1">View Product</a></div><div class="product"><a href="https://www.amazon.com/dp/B07T16DQ31?tag=eloabder-20&linkCode=osi&th=1&psc=1"><img src="https://m.media-amazon.com/images/I/41Grt+V3Q7L._SL500_.jpg" alt="Product Image"></a><p>Frida Baby The 3-Step Cradle Cap System, DermaFrida The FlakeFixer, Sponge, Brush, Comb and Storage Stand for Babies with Cradle Cap, White-Blue</p><p> -15% 0FF </p><p>$14.44</p><a href="https://www.amazon.com/dp/B07T16DQ31?tag=eloabder-20&linkCode=osi&th=1&psc=1">View Product</a></div>
<div class="product"><a href="https://www.amazon.com/dp/B071K5T5Q2?tag=eloabder-20&linkCode=osi&th=1&psc=1"><img src="https://m.media-amazon.com/images/I/21rvQFmQBLL._SL500_.jpg" alt="Product Image"></a><p>The Honest Company Silicone-Free Conditioner | Gentle for Baby | Naturally Derived, Tear-free, Hypoallergenic | Fragrance Free Sensitive, 10 fl oz</p><p> -16% 0FF </p><p>$10.10 ($1.01 / Fl Oz)</p><a href="https://www.amazon.com/dp/B071K5T5Q2?tag=eloabder-20&linkCode=osi&th=1&psc=1">View Product</a></div><div class="product"><a href="https://www.amazon.com/dp/B07DGJ57P7?tag=eloabder-20&linkCode=osi&th=1&psc=1"><img src="https://m.media-amazon.com/images/I/31AEfjD6FyL._SL500_.jpg" alt="Product Image"></a><p>Johnson's Baby No More Tangles 2-in-1 Detangling Hair Shampoo & Conditioner for Kids & Toddlers, Gentle & Tear-Free, Hypoallergenic & Free of Parabens, Phthalates, Sulfates & Dyes, 20.3 fl. oz</p><p> -7% 0FF </p><p>$6.29 ($0.31 / Fl Oz)</p><a href="https://www.amazon.com/dp/B07DGJ57P7?tag=eloabder-20&linkCode=osi&th=1&psc=1">View Product</a></div><div class="product"><a href="https://www.amazon.com/dp/B07S89SL7D?tag=eloabder-20&linkCode=osi&th=1&psc=1"><img src="https://m.media-amazon.com/images/I/313C69-mF6L._SL500_.jpg" alt="Product Image"></a><p>Johnson's Baby Curl Defining Tear-Free Kids' Leave-in Conditioner with Shea Butter, Paraben-, Sulfate- & Dye-Free Formula, Hypoallergenic & Gentle for Toddlers' Hair, 6.8 fl. Oz</p><p> -28% 0FF </p><p>$6.11 ($0.90 / Fl Oz)</p><a href="https://www.amazon.com/dp/B07S89SL7D?tag=eloabder-20&linkCode=osi&th=1&psc=1">View Product</a></div><div class="product"><a href="https://www.amazon.com/dp/B07S7BPB2Q?tag=eloabder-20&linkCode=osi&th=1&psc=1"><img src="https://m.media-amazon.com/images/I/31DemfdZoNL._SL500_.jpg" alt="Product Image"></a><p>Johnson's Baby Shiny & Soft Tear-Free Kids' Hair Conditioning Spray with Argan Oil & Silk Proteins, Paraben, Sulfate & Dye-Free Formula, Hypoallergenic & Gentle for Toddlers, 10 Fl Oz</p><p> -33% 0FF </p><p>$5.66 ($0.57 / Fl Oz)</p><a href="https://www.amazon.com/dp/B07S7BPB2Q?tag=eloabder-20&linkCode=osi&th=1&psc=1">View Product</a></div><div class="product"><a href="https://www.amazon.com/dp/B0CJP91HN7?tag=eloabder-20&linkCode=osi&th=1&psc=1"><img src="https://m.media-amazon.com/images/I/41Z4G7wsFWL._SL500_.jpg" alt="Product Image"></a><p>ECOLATIÈR Kids Hair Balm Easy Detangling 3+ - Toddler Hair Conditioner, Tear-Free, 96.8% Natural, Vegan, Strengthens & Softens Kids' Hair, No Irritation - 8.5 Fl Oz</p><p> -14% 0FF </p><p>$9.49 ($1.12 / Ounce)</p><a href="https://www.amazon.com/dp/B0CJP91HN7?tag=eloabder-20&linkCode=osi&th=1&psc=1">View Product</a></div>
<div class="product"><a href="https://www.amazon.com/dp/B07Y3WQHZ6?tag=eloabder-20&linkCode=osi&th=1&psc=1"><img src="https://m.media-amazon.com/images/I/41Ai-kbx6LL._SL500_.jpg" alt="Product Image"></a><p>Delta Children Essex 4-in-1 Convertible Baby Crib, Bianca White with Natural Legs</p><p> -34% 0FF </p><p>$145.96</p><a href="https://www.amazon.com/dp/B07Y3WQHZ6?tag=eloabder-20&linkCode=osi&th=1&psc=1">View Product</a></div><div class="product"><a href="https://www.amazon.com/dp/B00LFP61PW?tag=eloabder-20&linkCode=osi&th=1&psc=1"><img src="https://m.media-amazon.com/images/I/41jj-ehw-vL._SL500_.jpg" alt="Product Image"></a><p>Graco Benton 5-in-1 Convertible Crib (White) – GREENGUARD Gold Certified, Converts from Baby Crib to Toddler Bed, Daybed and Full-Size Bed, Fits Standard Full-Size Crib Mattress</p><p> -20% 0FF </p><p>$159.99</p><a href="https://www.amazon.com/dp/B00LFP61PW?tag=eloabder-20&linkCode=osi&th=1&psc=1">View Product</a></div><div class="product"><a href="https://www.amazon.com/dp/B00EANJX5Q?tag=eloabder-20&linkCode=osi&th=1&psc=1"><img src="https://m.media-amazon.com/images/I/41+kxqP4icL._SL500_.jpg" alt="Product Image"></a><p>Dream On Me Synergy 5-In-1 Convertible Crib In White, Greenguard Gold Certified</p><p> -31% 0FF </p><p>$137.20</p><a href="https://www.amazon.com/dp/B00EANJX5Q?tag=eloabder-20&linkCode=osi&th=1&psc=1">View Product</a></div><div class="product"><a href="https://www.amazon.com/dp/B08D4N5RKW?tag=eloabder-20&linkCode=osi&th=1&psc=1"><img src="https://m.media-amazon.com/images/I/41sUNWg3sBL._SL500_.jpg" alt="Product Image"></a><p>Graco Hadley 5-in-1 Convertible Crib and Changer with Drawer (White) – GREENGUARD Gold Certified, Crib and Changing -Table Combo with Drawer, Includes Baby Changing Pad, Converts to Full-Size Bed</p><p> -18% 0FF </p><p>$359.99</p><a href="https://www.amazon.com/dp/B08D4N5RKW?tag=eloabder-20&linkCode=osi&th=1&psc=1">View Product</a></div><div class="product"><a href="https://www.amazon.com/dp/B08PMJBN33?tag=eloabder-20&linkCode=osi&th=1&psc=1"><img src="https://m.media-amazon.com/images/I/416ZYsREZOL._SL500_.jpg" alt="Product Image"></a><p>Oxford Baby North Bay 4-in-1 Convertible Baby Crib, Dove Gray, GreenGuard Gold Certified</p><p> -18% 0FF </p><p>$188.09</p><a href="https://www.amazon.com/dp/B08PMJBN33?tag=eloabder-20&linkCode=osi&th=1&psc=1">View Product</a></div><div class="product"><a href="https://www.amazon.com/dp/B078WTVBVW?tag=eloabder-20&linkCode=osi&th=1&psc=1"><img src="https://m.media-amazon.com/images/I/41NpHX4YnfL._SL500_.jpg" alt="Product Image"></a><p>Dream On Me Jayden 4-in-1 Mini Convertible Crib And Changer in Storm Grey, Greenguard Gold Certified, Non-Toxic Finish, New Zealand Pinewood, 1" Mattress Pad</p><p> -35% 0FF </p><p>$259.99</p><a href="https://www.amazon.com/dp/B078WTVBVW?tag=eloabder-20&linkCode=osi&th=1&psc=1">View Product</a></div>
<div class="product"><a href="https://www.amazon.com/dp/B01M4QMQ4B?tag=eloabder-20&linkCode=osi&th=1&psc=1"><img src="https://m.media-amazon.com/images/I/317ardc5Y-L._SL500_.jpg" alt="Product Image"></a><p>The Honest Company 2-in-1 Cleansing Shampoo + Body Wash | Gentle for Baby | Naturally Derived, Tear-free, Hypoallergenic | Lavender Calm, 10 fl oz</p><p> -8% 0FF </p><p>$10.99 ($1.10 / Fl Oz)</p><a href="https://www.amazon.com/dp/B01M4QMQ4B?tag=eloabder-20&linkCode=osi&th=1&psc=1">View Product</a></div><div class="product"><a href="https://www.amazon.com/dp/B09MVMNW5M?tag=eloabder-20&linkCode=osi&th=1&psc=1"><img src="https://m.media-amazon.com/images/I/41GDxpQsmOL._SL500_.jpg" alt="Product Image"></a><p>Cetaphil Baby Wash & Shampoo, 13.5oz Pack of 2, Hypoallergenic, Gentle Enough for Everyday Use, Soap Free</p><p> -10% 0FF </p><p>$16.99</p><a href="https://www.amazon.com/dp/B09MVMNW5M?tag=eloabder-20&linkCode=osi&th=1&psc=1">View Product</a></div><div class="product"><a href="https://www.amazon.com/dp/B0CZY44GD2?tag=eloabder-20&linkCode=osi&th=1&psc=1"><img src="https://m.media-amazon.com/images/I/31Gh3bZjFXL._SL500_.jpg" alt="Product Image"></a><p>Aveeno Baby Healthy Start Nourishing Newborn Wash, Hypoallergenic Baby Body Wash with Prebiotic Oat Gently Cleanses Delicate Newborn Skin, Fragrance-Free, Tear-Free, Paraben-Free, 8 fl. oz</p><p> -21% 0FF </p><p>$7.01 ($0.88 / Fl Oz)</p><a href="https://www.amazon.com/dp/B0CZY44GD2?tag=eloabder-20&linkCode=osi&th=1&psc=1">View Product</a></div>
<div class="product"><a href="https://www.amazon.com/dp/B07M6FL57T?tag=eloabder-20&linkCode=osi&th=1&psc=1"><img src="https://m.media-amazon.com/images/I/51iE4BjVpYL._SL500_.jpg" alt="Product Image"></a><p>Huggies Newborn Diapers, Little Snugglers Baby Diapers, Size Newborn (up to 10 lbs), 31 Count</p><p> -19% 0FF </p><p>$9.94 ($0.32 / Count)</p><a href="https://www.amazon.com/dp/B07M6FL57T?tag=eloabder-20&linkCode=osi&th=1&psc=1">View Product</a></div><div class="product"><a href="https://www.amazon.com/dp/B0CHGCDYJJ?tag=eloabder-20&linkCode=osi&th=1&psc=1"><img src="https://m.media-amazon.com/images/I/41csgXalIEL._SL500_.jpg" alt="Product Image"></a><p>Huggies Size Newborn Diapers, Skin Essentials Baby Diapers, Size Newborn (6-9 lbs), 31 Count</p><p> -19% 0FF </p><p>$9.94 ($0.32 / Count)</p><a href="https://www.amazon.com/dp/B0CHGCDYJJ?tag=eloabder-20&linkCode=osi&th=1&psc=1">View Product</a></div><div class="product"><a href="https://www.amazon.com/dp/B082QBHW74?tag=eloabder-20&linkCode=osi&th=1&psc=1"><img src="https://m.media-amazon.com/images/I/41z+Jw1td2L._SL500_.jpg" alt="Product Image"></a><p>Pampers Pure Protection Diapers Newborn - Size 0, 76 Count, Hypoallergenic Premium Disposable Baby Diapers</p><p> -19% 0FF </p><p>$22.79 ($0.30 / Count)</p><a href="https://www.amazon.com/dp/B082QBHW74?tag=eloabder-20&linkCode=osi&th=1&psc=1">View Product</a></div><div class="product"><a href="https://www.amazon.com/dp/B07M6FL9V2?tag=eloabder-20&linkCode=osi&th=1&psc=1"><img src="https://m.media-amazon.com/images/I/51JPrk+N-RL._SL500_.jpg" alt="Product Image"></a><p>Huggies Size 4 Diapers, Little Movers Baby Diapers, Size 4 (22-37 lbs), 22 Count (Packaging May Vary)</p><p> -19% 0FF </p><p>$9.94 ($0.45 / Count)</p><a href="https://www.amazon.com/dp/B07M6FL9V2?tag=eloabder-20&linkCode=osi&th=1&psc=1">View Product</a></div><div class="product"><a href="https://www.amazon.com/dp/B07T2QM32L?tag=eloabder-20&linkCode=osi&th=1&psc=1"><img src="https://m.media-amazon.com/images/I/41w5IxTMsnL._SL500_.jpg" alt="Product Image"></a><p>Amazon Brand - Mama Bear Gentle Touch Diapers, Hypoallergenic, Size 6, 27 Count, White</p><p> -10% 0FF </p><p>$11.32</p><a href="https://www.amazon.com/dp/B07T2QM32L?tag=eloabder-20&linkCode=osi&th=1&psc=1">View Product</a></div>
<div class="product"><a href="https://www.amazon.com/dp/B001OC5UMQ?tag=eloabder-20&linkCode=osi&th=1&psc=1"><img src="https://m.media-amazon.com/images/I/413nT5TZ9sL._SL500_.jpg" alt="Product Image"></a><p>Regalo Easy Step 38.5-Inch Wide Walk Thru Baby Gate, Includes 6-Inch Extension Kit, Pressure Mount Kit, Wall Cups</p><p> -22% 0FF </p><p>$34.99</p><a href="https://www.amazon.com/dp/B001OC5UMQ?tag=eloabder-20&linkCode=osi&th=1&psc=1">View Product</a></div><div class="product"><a href="https://www.amazon.com/dp/B075XQ2XYV?tag=eloabder-20&linkCode=osi&th=1&psc=1"><img src="https://m.media-amazon.com/images/I/51+9Fa+FH3L._SL500_.jpg" alt="Product Image"></a><p>Evenflo Position & Lock Baby Gate, Pressure-Mounted, Farmhouse Collection</p><p> -9% 0FF </p><p>$19.98</p><a href="https://www.amazon.com/dp/B075XQ2XYV?tag=eloabder-20&linkCode=osi&th=1&psc=1">View Product</a></div><div class="product"><a href="https://www.amazon.com/dp/B01BTUNHSQ?tag=eloabder-20&linkCode=osi&th=1&psc=1"><img src="https://m.media-amazon.com/images/I/31nuC-O3n9L._SL500_.jpg" alt="Product Image"></a><p>Safety 1st Easy Install 28" High Walk Thru Gate, Fits Between 29" and 38"</p><p> -10% 0FF </p><p>$44.99</p><a href="https://www.amazon.com/dp/B01BTUNHSQ?tag=eloabder-20&linkCode=osi&th=1&psc=1">View Product</a></div><div class="product"><a href="https://www.amazon.com/dp/B07WFZSW72?tag=eloabder-20&linkCode=osi&th=1&psc=1"><img src="https://m.media-amazon.com/images/I/41nc627IqxL._SL500_.jpg" alt="Product Image"></a><p>Cumbor 29.7-46" Baby Gate for Stairs, Mom's Choice Awards Winner-Auto Close Dog Gate for the House, Easy Install Pressure Mounted Pet Gates for Doorways, Easy Walk Thru Wide Safety Gate for Dog, Black</p><p> -10% 0FF </p><p>$89.99</p><a href="https://www.amazon.com/dp/B07WFZSW72?tag=eloabder-20&linkCode=osi&th=1&psc=1">View Product</a></div><div class="product"><a href="https://www.amazon.com/dp/B09F36M2T5?tag=eloabder-20&linkCode=osi&th=1&psc=1"><img src="https://m.media-amazon.com/images/I/416tulkEC2L._SL500_.jpg" alt="Product Image"></a><p>COMOMY 36" Extra Tall Baby Gate for Stairs Doorways, Fits Openings 29.5" to 48.8" Wide, Auto Close Extra Wide Dog Gate for House, Pressure Mounted Easy Walk Through Pet Gate with Door, Black</p><p> -13% 0FF </p><p>$69.99</p><a href="https://www.amazon.com/dp/B09F36M2T5?tag=eloabder-20&linkCode=osi&th=1&psc=1">View Product</a></div><div class="product"><a href="https://www.amazon.com/dp/B01EMK5JQI?tag=eloabder-20&linkCode=osi&th=1&psc=1"><img src="https://m.media-amazon.com/images/I/417uxACGTTL._SL500_.jpg" alt="Product Image"></a><p>Regalo Easy Step 49-Inch Extra Wide Baby Gate, Includes 4-Inch and 12-Inch Extension Kit, 4 Pack of Pressure Mount Kit and 4 Pack of Wall Mount Kit, Black</p><p> -20% 0FF </p><p>$39.99</p><a href="https://www.amazon.com/dp/B01EMK5JQI?tag=eloabder-20&linkCode=osi&th=1&psc=1">View Product</a></div><div class="product"><a href="https://www.amazon.com/dp/B07JGDGG23?tag=eloabder-20&linkCode=osi&th=1&psc=1"><img src="https://m.media-amazon.com/images/I/51eFFFBIYUL._SL500_.jpg" alt="Product Image"></a><p>Toddleroo by North States Superyard 6 Panel Baby Play Yard. Playpen or Extra Wide Baby Gate, Wall Mount Kit Included. Made in USA. 38.5" - 201" wide, 5.5 ft corner to corner play yard (26" tall, Gray)</p><p> -29% 0FF </p><p>$61.46</p><a href="https://www.amazon.com/dp/B07JGDGG23?tag=eloabder-20&linkCode=osi&th=1&psc=1">View Product</a></div>
<div class="product"><a href="https://www.amazon.com/dp/B0D8J8RGMN?tag=eloabder-20&linkCode=osi&th=1&psc=1"><img src="https://m.media-amazon.com/images/I/51IQYrOgXVL._SL500_.jpg" alt="Product Image"></a><p>3 Pack Baby Beanie Hats with Earflaps, 2 Size Baby Winter Hat for Newborn Infant Toddler Kids Children with Cute Smiley Face, Soft Warm Fleece Lined Knit Hat for Girls Boys-01</p><p> -47% 0FF </p><p>$15.99</p><a href="https://www.amazon.com/dp/B0D8J8RGMN?tag=eloabder-20&linkCode=osi&th=1&psc=1">View Product</a></div><div class="product"><a href="https://www.amazon.com/dp/B08V4HJF5T?tag=eloabder-20&linkCode=osi&th=1&psc=1"><img src="https://m.media-amazon.com/images/I/41JnGlILpnL._SL500_.jpg" alt="Product Image"></a><p>6 Pieces Newborn Baby Hat Bear Ears Infant Caps Baby Boy Girl Toddler Hats Infant Beanie Caps for 0-3 Months (Black White, Black, Navy Blue, Black Gray, Gray, White,Classic)</p><p> -8% 0FF </p><p>$11.99</p><a href="https://www.amazon.com/dp/B08V4HJF5T?tag=eloabder-20&linkCode=osi&th=1&psc=1">View Product</a></div><div class="product"><a href="https://www.amazon.com/dp/B091D4KRJS?tag=eloabder-20&linkCode=osi&th=1&psc=1"><img src="https://m.media-amazon.com/images/I/41IspZQwuhL._SL500_.jpg" alt="Product Image"></a><p>Baby Boy Sun Hat Bucket Hats for Toddler 6-12,12-24 months</p><p> -20% 0FF </p><p>$14.39</p><a href="https://www.amazon.com/dp/B091D4KRJS?tag=eloabder-20&linkCode=osi&th=1&psc=1">View Product</a></div>
<div class="product"><a href="https://www.amazon.com/dp/B07BVN1YMN?tag=eloabder-20&linkCode=osi&th=1&psc=1"><img src="https://m.media-amazon.com/images/I/41+i0x5p4TL._SL500_.jpg" alt="Product Image"></a><p>Baby Trend Tot Spot 3-in-1 High Chair, Bluebell</p><p> -40% 0FF </p><p>$59.99</p><a href="https://www.amazon.com/dp/B07BVN1YMN?tag=eloabder-20&linkCode=osi&th=1&psc=1">View Product</a></div><div class="product"><a href="https://www.amazon.com/dp/B01JRY07BQ?tag=eloabder-20&linkCode=osi&th=1&psc=1"><img src="https://m.media-amazon.com/images/I/41zyGMxJY0L._SL500_.jpg" alt="Product Image"></a><p>Cosco Simple Fold High Chair, Comet</p><p> -23% 0FF </p><p>$49.99</p><a href="https://www.amazon.com/dp/B01JRY07BQ?tag=eloabder-20&linkCode=osi&th=1&psc=1">View Product</a></div><div class="product"><a href="https://www.amazon.com/dp/B017VNNWXA?tag=eloabder-20&linkCode=osi&th=1&psc=1"><img src="https://m.media-amazon.com/images/I/41VGIO1sPhL._SL500_.jpg" alt="Product Image"></a><p>Cosco Simple Fold Deluxe High Chair with 3-Position Tray, Monster Syd</p><p> -17% 0FF </p><p>$49.99</p><a href="https://www.amazon.com/dp/B017VNNWXA?tag=eloabder-20&linkCode=osi&th=1&psc=1">View Product</a></div><div class="product"><a href="https://www.amazon.com/dp/B089PKYWJ8?tag=eloabder-20&linkCode=osi&th=1&psc=1"><img src="https://m.media-amazon.com/images/I/31MgSLR6W8L._SL500_.jpg" alt="Product Image"></a><p>Dream On Me Portable 2-in-1 Tabletalk High Chair, Convertible Compact High Chair, Light Weight Portable Highchair, Aqua</p><p> -45% 0FF </p><p>$55.13</p><a href="https://www.amazon.com/dp/B089PKYWJ8?tag=eloabder-20&linkCode=osi&th=1&psc=1">View Product</a></div><div class="product"><a href="https://www.amazon.com/dp/B0CPXDDPDY?tag=eloabder-20&linkCode=osi&th=1&psc=1"><img src="https://m.media-amazon.com/images/I/41qNrW3wklL._SL500_.jpg" alt="Product Image"></a><p>Fodoss 3-in-1 Wooden High Chair for Babies and Toddlers,Convertible Easy Clean Infant Highchair,Silla Modern Design para Comer De Bebe</p><p> -10% 0FF </p><p>$80.98</p><a href="https://www.amazon.com/dp/B0CPXDDPDY?tag=eloabder-20&linkCode=osi&th=1&psc=1">View Product</a></div>
<div class="product"><a href="https://www.amazon.com/dp/B0BG7B1GHP?tag=eloabder-20&linkCode=osi&th=1&psc=1"><img src="https://m.media-amazon.com/images/I/51MRfMlZsSL._SL500_.jpg" alt="Product Image"></a><p>Yoofoss Hooded Baby Towels for Newborn 2 Pack 100% Muslin Cotton Baby Bath Towel with Hood for Babies, Infant, Toddler and Kids, Large 32x32Inch, Soft and Absorbent Newborn Essential</p><p> -20% 0FF </p><p>$15.99</p><a href="https://www.amazon.com/dp/B0BG7B1GHP?tag=eloabder-20&linkCode=osi&th=1&psc=1">View Product</a></div><div class="product"><a href="https://www.amazon.com/dp/B0C6RKZLXW?tag=eloabder-20&linkCode=osi&th=1&psc=1"><img src="https://m.media-amazon.com/images/I/51HX88nmMOL._SL500_.jpg" alt="Product Image"></a><p>Gerber Baby 4 Piece Animal Character Hooded Towel and Washcloth Set, Brown Lion, One Size</p><p> -49% 0FF </p><p>$9.24</p><a href="https://www.amazon.com/dp/B0C6RKZLXW?tag=eloabder-20&linkCode=osi&th=1&psc=1">View Product</a></div><div class="product"><a href="https://www.amazon.com/dp/B0CKXKR1RV?tag=eloabder-20&linkCode=osi&th=1&psc=1"><img src="https://m.media-amazon.com/images/I/41PjOK7YCBL._SL500_.jpg" alt="Product Image"></a><p>Momcozy Baby Hooded Towel, 2 Pack Baby Towel Set, Super Soft Bath Towel with Original Design, Shower Gifts for Infant, Toddler (28 X 28 Inch, Lemon Leaves)</p><p> -19% 0FF </p><p>$21.99</p><a href="https://www.amazon.com/dp/B0CKXKR1RV?tag=eloabder-20&linkCode=osi&th=1&psc=1">View Product</a></div><div class="product"><a href="https://www.amazon.com/dp/B00X21O4L0?tag=eloabder-20&linkCode=osi&th=1&psc=1"><img src="https://m.media-amazon.com/images/I/51fEvVAVyfL._SL500_.jpg" alt="Product Image"></a><p>Luvable Friends Unisex Baby Hooded Towel with Five Washcloths, Boy Fox, One Size</p><p> -17% 0FF </p><p>$9.99</p><a href="https://www.amazon.com/dp/B00X21O4L0?tag=eloabder-20&linkCode=osi&th=1&psc=1">View Product</a></div>
<div class="product"><a href="https://www.amazon.com/dp/B07DGKXBD7?tag=eloabder-20&linkCode=osi&th=1&psc=1"><img src="https://m.media-amazon.com/images/I/31FyDL3570L._SL500_.jpg" alt="Product Image"></a><p>Johnson's Moisturizing Mild Pink Baby Lotion with Coconut Oil for Delicate Baby Skin, Paraben-, Phthalate- & Dye-Free, Hypoallergenic & Dermatologist-Tested, Baby Skin Care, 27.1 Fl. Oz</p><p> -33% 0FF </p><p>$7.19 ($0.27 / Fl Oz)</p><a href="https://www.amazon.com/dp/B07DGKXBD7?tag=eloabder-20&linkCode=osi&th=1&psc=1">View Product</a></div><div class="product"><a href="https://www.amazon.com/dp/B00JF3RYPM?tag=eloabder-20&linkCode=osi&th=1&psc=1"><img src="https://m.media-amazon.com/images/I/31n9VJQSijL._SL500_.jpg" alt="Product Image"></a><p>CeraVe Baby Lotion | Gentle Baby Skin Care with Ceramides, Niacinamide & Vitamin E | Fragrance, Paraben, Dye & Phthalates Free | Lightweight Baby Moisturizer | 8 Ounce | Packaging May Vary</p><p> -10% 0FF </p><p>$8.97 ($1.12 / Fl Oz)</p><a href="https://www.amazon.com/dp/B00JF3RYPM?tag=eloabder-20&linkCode=osi&th=1&psc=1">View Product</a></div><div class="product"><a href="https://www.amazon.com/dp/B094RH4GHC?tag=eloabder-20&linkCode=osi&th=1&psc=1"><img src="https://m.media-amazon.com/images/I/31xi7tuBJAL._SL500_.jpg" alt="Product Image"></a><p>Johnson's Baby Moisturizing Mild Pink Baby Lotion with Coconut Oil for Delicate Baby Skin, Paraben-, Phthalate- & Dye-Free, Hypoallergenic & Dermatologist-Tested, Baby Skin Care, 13.6 Fl. Oz</p><p> -34% 0FF </p><p>$4.49 ($0.33 / Fl Oz)</p><a href="https://www.amazon.com/dp/B094RH4GHC?tag=eloabder-20&linkCode=osi&th=1&psc=1">View Product</a></div><div class="product"><a href="https://www.amazon.com/dp/B0030UF6EW?tag=eloabder-20&linkCode=osi&th=1&psc=1"><img src="https://m.media-amazon.com/images/I/31RKFp5lxLL._SL500_.jpg" alt="Product Image"></a><p>Aveeno Baby Daily Moisture Body Lotion for Sensitive Skin, Hypoallergenic Moisturizing Baby Lotion with Nourishing Oatmeal to Deeply Moisturize Baby's Skin, Fragrance-Free, 18 fl. oz</p><p> -32% 0FF </p><p>$11.06</p><a href="https://www.amazon.com/dp/B0030UF6EW?tag=eloabder-20&linkCode=osi&th=1&psc=1">View Product</a></div><div class="product"><a href="https://www.amazon.com/dp/B00U2VQW72?tag=eloabder-20&linkCode=osi&th=1&psc=1"><img src="https://m.media-amazon.com/images/I/31nMuDcXtPL._SL500_.jpg" alt="Product Image"></a><p>Aveeno Baby Calming Comfort Moisturizing Body Lotion with Relaxing Lavender & Vanilla Scents, Non-Greasy Baby Lotion, Nourishing Prebiotic Oatmeal, Paraben- & Phthalate-Free, 18 fl. oz</p><p> -29% 0FF </p><p>$11.69 ($0.65 / Fl Oz)</p><a href="https://www.amazon.com/dp/B00U2VQW72?tag=eloabder-20&linkCode=osi&th=1&psc=1">View Product</a></div><div class="product"><a href="https://www.amazon.com/dp/B07DGL23H4?tag=eloabder-20&linkCode=osi&th=1&psc=1"><img src="https://m.media-amazon.com/images/I/31YO49z1TsL._SL500_.jpg" alt="Product Image"></a><p>Johnson's Moisturizing Bedtime Baby Lotion with Coconut Oil & NaturalCalm Aromas to Help Relax Baby, Hypoallergenic & Free of Parabens, Phthalates & Dyes, Mild Baby Skin Care, 27.1 fl. oz</p><p> -36% 0FF </p><p>$9.50 ($0.35 / Fl Oz)</p><a href="https://www.amazon.com/dp/B07DGL23H4?tag=eloabder-20&linkCode=osi&th=1&psc=1">View Product</a></div><div class="product"><a href="https://www.amazon.com/dp/B01A59VMSO?tag=eloabder-20&linkCode=osi&th=1&psc=1"><img src="https://m.media-amazon.com/images/I/31P-2Bf0eYL._SL500_.jpg" alt="Product Image"></a><p>Eucerin Baby Body Lotion, Hypoallergenic and Fragrance Free Baby Lotion, Baby Moisturizer with Pro-Vitamin B5 and Shea Butter, 13.5 Fl Oz Bottle</p><p> -17% 0FF </p><p>$9.78 ($0.72 / Fl Oz)</p><a href="https://www.amazon.com/dp/B01A59VMSO?tag=eloabder-20&linkCode=osi&th=1&psc=1">View Product</a></div><div class="product"><a href="https://www.amazon.com/dp/B07DGKXBDD?tag=eloabder-20&linkCode=osi&th=1&psc=1"><img src="https://m.media-amazon.com/images/I/31IvagYz0ML._SL500_.jpg" alt="Product Image"></a><p>Johnson's Baby CottonTouch Newborn Baby Face and Body Lotion, Hypoallergenic and Paraben-Free Moisturization for Baby's Sensitive Skin, Made with Real Cotton, 27.1 fl. oz</p><p> -37% 0FF </p><p>$9.35 ($0.35 / Fl Oz)</p><a href="https://www.amazon.com/dp/B07DGKXBDD?tag=eloabder-20&linkCode=osi&th=1&psc=1">View Product</a></div>
<div class="product"><a href="https://www.amazon.com/dp/B08HSNXSM6?tag=eloabder-20&linkCode=osi&th=1&psc=1"><img src="https://m.media-amazon.com/images/I/4193Km1SQcL._SL500_.jpg" alt="Product Image"></a><p>The Peanutshell Crib Mobile for Boys or Girls - White Musical Baby Crib Mobile with 12 Lullabies, Jungle Animal, Baby Mobile Crib Safari Animals Nursery Decor</p><p> -11% 0FF </p><p>$39.99</p><a href="https://www.amazon.com/dp/B08HSNXSM6?tag=eloabder-20&linkCode=osi&th=1&psc=1">View Product</a></div><div class="product"><a href="https://www.amazon.com/dp/B088TCNZ52?tag=eloabder-20&linkCode=osi&th=1&psc=1"><img src="https://m.media-amazon.com/images/I/41Nuh1UJwkL._SL500_.jpg" alt="Product Image"></a><p>EVERLOVE Montessori Mobile Baby for Crib (TINITIGIES) - Black and White Mobile Give Visual Stimulation to Engage Your Newborn - Baby Crib Mobile for Boys & Girls - Baby Mobile for Crib</p><p> -12% 0FF </p><p>$37.99</p><a href="https://www.amazon.com/dp/B088TCNZ52?tag=eloabder-20&linkCode=osi&th=1&psc=1">View Product</a></div><div class="product"><a href="https://www.amazon.com/dp/B07DM86Z43?tag=eloabder-20&linkCode=osi&th=1&psc=1"><img src="https://m.media-amazon.com/images/I/41wBVQgCTUL._SL500_.jpg" alt="Product Image"></a><p>Baby Einstein Sea Dreams Soother Musical Crib Toy and Sound Machine, Newborn and up</p><p> -15% 0FF </p><p>$33.90</p><a href="https://www.amazon.com/dp/B07DM86Z43?tag=eloabder-20&linkCode=osi&th=1&psc=1">View Product</a></div><div class="product"><a href="https://www.amazon.com/dp/B0B38G1MBD?tag=eloabder-20&linkCode=osi&th=1&psc=1"><img src="https://m.media-amazon.com/images/I/51ES4bHBHqL._SL500_.jpg" alt="Product Image"></a><p>Eners Baby Crib Mobile with Music and Lights, Mobile for Crib with Remote Control, Rotation, Moon and Star Projection, Baby Crib Toys for Boys Girls (Blue)</p><p> -6% 0FF </p><p>$33.99</p><a href="https://www.amazon.com/dp/B0B38G1MBD?tag=eloabder-20&linkCode=osi&th=1&psc=1">View Product</a></div>
<div class="product"><a href="https://www.amazon.com/dp/B09GM8JZM9?tag=eloabder-20&linkCode=osi&th=1&psc=1"><img src="https://m.media-amazon.com/images/I/41XmH3g0-aL._SL500_.jpg" alt="Product Image"></a><p>HelloBaby Upgrade Baby Monitor, 5'' Screen with 30-Hour Battery, Pan-Tilt-Zoom Video Baby Monitor with Camera and Audio, Night Vision, VOX, 2-Way Talk, 8 Lullabies and 1000ft Range No WiFi</p><p> -20% 0FF </p><p>$79.99</p><a href="https://www.amazon.com/dp/B09GM8JZM9?tag=eloabder-20&linkCode=osi&th=1&psc=1">View Product</a></div><div class="product"><a href="https://www.amazon.com/dp/B00JEV5UI8?tag=eloabder-20&linkCode=osi&th=1&psc=1"><img src="https://m.media-amazon.com/images/I/41va56lWJ6L._SL500_.jpg" alt="Product Image"></a><p>VTech Upgraded Audio Baby Monitor with Rechargeable Battery, Long Range, and Crystal-Clear Sound</p><p> -9% 0FF </p><p>$19.99</p><a href="https://www.amazon.com/dp/B00JEV5UI8?tag=eloabder-20&linkCode=osi&th=1&psc=1">View Product</a></div><div class="product"><a href="https://www.amazon.com/dp/B0BZ8BN87L?tag=eloabder-20&linkCode=osi&th=1&psc=1"><img src="https://m.media-amazon.com/images/I/41Bi8mMjlBL._SL500_.jpg" alt="Product Image"></a><p>OKAIDI Video Baby Monitor with Camera and Audio, 5" Display Baby Monitor No WiFi, 30H Battery and 1000ft Range Baby Monitor, Remote Pan-Tilt-Zoom Baby Camera, Night Vision, 2-Way Talk, VOX,Temperature</p><p> -25% 0FF </p><p>$44.99</p><a href="https://www.amazon.com/dp/B0BZ8BN87L?tag=eloabder-20&linkCode=osi&th=1&psc=1">View Product</a></div><div class="product"><a href="https://www.amazon.com/dp/B0B316NPZ6?tag=eloabder-20&linkCode=osi&th=1&psc=1"><img src="https://m.media-amazon.com/images/I/41IWDeVuDfL._SL500_.jpg" alt="Product Image"></a><p>HelloBaby Monitor with Camera and Audio, 1000ft Long Range Video Baby Monitor-No WiFi, Night Vision, VOX Mode-Power Saving, 2.4'' Portable Travel Screen, Baby Safety Camera, for Baby/Pet, Plug & Play</p><p> -10% 0FF </p><p>$29.98</p><a href="https://www.amazon.com/dp/B0B316NPZ6?tag=eloabder-20&linkCode=osi&th=1&psc=1">View Product</a></div><div class="product"><a href="https://www.amazon.com/dp/B0CYCDTZ6G?tag=eloabder-20&linkCode=osi&th=1&psc=1"><img src="https://m.media-amazon.com/images/I/41PTcAHdqoL._SL500_.jpg" alt="Product Image"></a><p>HelloBaby Baby Monitor with Camera and Audio, 6'' World First IPS Screen Baby Camera Monitor No WiFi, 30-Hrs Battery, ECO, VOX, 2-Way Talk, Night Vision, 1000ft, Video Baby Monitor Portable</p><p> -25% 0FF </p><p>$89.99</p><a href="https://www.amazon.com/dp/B0CYCDTZ6G?tag=eloabder-20&linkCode=osi&th=1&psc=1">View Product</a></div><div class="product"><a href="https://www.amazon.com/dp/B007NG5UF4?tag=eloabder-20&linkCode=osi&th=1&psc=1"><img src="https://m.media-amazon.com/images/I/41SdqvzVNuL._SL500_.jpg" alt="Product Image"></a><p>VTech DM221 Audio Baby Monitor with up to 1,000 ft of Range, Vibrating Sound-Alert, Talk Back Intercom & Night Light Loop, White/Silver</p><p> -13% 0FF </p><p>$33.95</p><a href="https://www.amazon.com/dp/B007NG5UF4?tag=eloabder-20&linkCode=osi&th=1&psc=1">View Product</a></div><div class="product"><a href="https://www.amazon.com/dp/B0CZDYF95R?tag=eloabder-20&linkCode=osi&th=1&psc=1"><img src="https://m.media-amazon.com/images/I/41hYOyPQ9dL._SL500_.jpg" alt="Product Image"></a><p>VTimes Baby Monitor with Camera and Audio, Video Baby Monitor No WiFi Night Vision, 2.4" LCD Screen Portable Baby Camera VOX Mode Pan-Tilt-Zoom Alarm and 1000ft Range, Ideal for Baby/Elderly/Pet</p><p> -40% 0FF </p><p>$29.99</p><a href="https://www.amazon.com/dp/B0CZDYF95R?tag=eloabder-20&linkCode=osi&th=1&psc=1">View Product</a></div>
<div class="product"><a href="https://www.amazon.com/dp/B0119493OY?tag=eloabder-20&linkCode=osi&th=1&psc=1"><img src="https://m.media-amazon.com/images/I/31o0TllpwAL._SL500_.jpg" alt="Product Image"></a><p>Safety 1st Fold-Up Nail Clippers - 2pk</p><p> -25% 0FF </p><p>$2.99</p><a href="https://www.amazon.com/dp/B0119493OY?tag=eloabder-20&linkCode=osi&th=1&psc=1">View Product</a></div><div class="product"><a href="https://www.amazon.com/dp/B01644OCVS?tag=eloabder-20&linkCode=osi&th=1&psc=1"><img src="https://m.media-amazon.com/images/I/41oX5dLMB1L._SL500_.jpg" alt="Product Image"></a><p>Frida Baby NailFrida The SnipperClipper Set, Baby Nail Clippers & Nail Filer, Baby Essential Nail Kit for Newborns and Up</p><p> -36% 0FF </p><p>$8.31</p><a href="https://www.amazon.com/dp/B01644OCVS?tag=eloabder-20&linkCode=osi&th=1&psc=1">View Product</a></div><div class="product"><a href="https://www.amazon.com/dp/B084JZ27SM?tag=eloabder-20&linkCode=osi&th=1&psc=1"><img src="https://m.media-amazon.com/images/I/31JsNl8WpML._SL500_.jpg" alt="Product Image"></a><p>Safety 1st Light Zoom Nail Clippers, One Size</p><p> -27% 0FF </p><p>$7.29</p><a href="https://www.amazon.com/dp/B084JZ27SM?tag=eloabder-20&linkCode=osi&th=1&psc=1">View Product</a></div><div class="product"><a href="https://www.amazon.com/dp/B0D9BCJWC7?tag=eloabder-20&linkCode=osi&th=1&psc=1"><img src="https://m.media-amazon.com/images/I/41vknqnodfL._SL500_.jpg" alt="Product Image"></a><p>Yeeeasy Baby Nail Clippers Kit Baby Grooming Set with Nail Clippers, Scissors, Nail File & Tweezers Baby Care Kit Fingernail Cutter for Baby,Newborn,Infant,Toddler,Kid(Purple)</p><p> -55% 0FF </p><p>$4.49</p><a href="https://www.amazon.com/dp/B0D9BCJWC7?tag=eloabder-20&linkCode=osi&th=1&psc=1">View Product</a></div>
<div class="product"><a href="https://www.amazon.com/dp/B08CMWHD3B?tag=eloabder-20&linkCode=osi&th=1&psc=1"><img src="https://m.media-amazon.com/images/I/41+F2Dv0iiL._SL500_.jpg" alt="Product Image"></a><p>GROWNSY Nasal Aspirator for Baby, Baby Nose Sucker Pro with 3 Soft Silicone Tips, Adjustable Suction, Electric Nose Suction for Baby, Built-in Music & Light Soothing</p><p> -20% 0FF </p><p>$39.99 ($39.99 / Count)</p><a href="https://www.amazon.com/dp/B08CMWHD3B?tag=eloabder-20&linkCode=osi&th=1&psc=1">View Product</a></div><div class="product"><a href="https://www.amazon.com/dp/B00RP0GHBO?tag=eloabder-20&linkCode=osi&th=1&psc=1"><img src="https://m.media-amazon.com/images/I/41pIJoWu-UL._SL500_.jpg" alt="Product Image"></a><p>Frida Baby NoseFrida SnotSucker Nasal Aspirator for Baby, Baby Nose Sucker with 24 Extra Hygiene Filters, Baby Congestion Relief, FSA/HSA Eligible</p><p> -25% 0FF </p><p>$14.99</p><a href="https://www.amazon.com/dp/B00RP0GHBO?tag=eloabder-20&linkCode=osi&th=1&psc=1">View Product</a></div><div class="product"><a href="https://www.amazon.com/dp/B0C3CHQHJP?tag=eloabder-20&linkCode=osi&th=1&psc=1"><img src="https://m.media-amazon.com/images/I/51IO9JHchbL._SL500_.jpg" alt="Product Image"></a><p>X-Bosak Baby Nasal Aspirator, Electric Nose Sucker with 5 Levels Suction, Soothing Light & Nursery Rhymes</p><p> -18% 0FF </p><p>$30.99</p><a href="https://www.amazon.com/dp/B0C3CHQHJP?tag=eloabder-20&linkCode=osi&th=1&psc=1">View Product</a></div><div class="product"><a href="https://www.amazon.com/dp/B094Z43BQF?tag=eloabder-20&linkCode=osi&th=1&psc=1"><img src="https://m.media-amazon.com/images/I/41elOKysySL._SL500_.jpg" alt="Product Image"></a><p>Frida Baby Electric NoseFrida Nasal Aspirator for Baby, Nose Sucker for Baby & Toddler, Nasal Aspirator for Congestion Relief with 3 Suction Levels, 2 Silicone Tips, USB Rechargeable</p><p> -13% 0FF </p><p>$34.99</p><a href="https://www.amazon.com/dp/B094Z43BQF?tag=eloabder-20&linkCode=osi&th=1&psc=1">View Product</a></div><div class="product"><a href="https://www.amazon.com/dp/B01N093BYV?tag=eloabder-20&linkCode=osi&th=1&psc=1"><img src="https://m.media-amazon.com/images/I/316hpVBAmNL._SL500_.jpg" alt="Product Image"></a><p>Frida Baby Nasal Aspirator for Baby, NoseFrida Baby Nose Sucker with 10 Extra Filters + All-Natural Saline Nasal Spray for Babies, Nasal Spray Decongestant, 0.68 fl oz</p><p> -15% 0FF </p><p>$16.97</p><a href="https://www.amazon.com/dp/B01N093BYV?tag=eloabder-20&linkCode=osi&th=1&psc=1">View Product</a></div><div class="product"><a href="https://www.amazon.com/dp/B0BSVG8S59?tag=eloabder-20&linkCode=osi&th=1&psc=1"><img src="https://m.media-amazon.com/images/I/31Rju6jEphL._SL500_.jpg" alt="Product Image"></a><p>Dr. Talbot's Nasal Aspirator for Babies - Silicone - Includes Storage Case - Clear</p><p> -20% 0FF </p><p>$6.39</p><a href="https://www.amazon.com/dp/B0BSVG8S59?tag=eloabder-20&linkCode=osi&th=1&psc=1">View Product</a></div>
<div class="product"><a href="https://www.amazon.com/dp/B00WEBVM5U?tag=eloabder-20&linkCode=osi&th=1&psc=1"><img src="https://m.media-amazon.com/images/I/31oMSFi3dGL._SL500_.jpg" alt="Product Image"></a><p>Johnson's Baby Oil, Mineral Oil Enriched with Shea & Cocoa Butter to Prevent Moisture Loss, Hypoallergenic, 20 fl. oz</p><p> -35% 0FF </p><p>$5.90 ($0.30 / Fl Oz)</p><a href="https://www.amazon.com/dp/B00WEBVM5U?tag=eloabder-20&linkCode=osi&th=1&psc=1">View Product</a></div><div class="product"><a href="https://www.amazon.com/dp/B00J51Q1IA?tag=eloabder-20&linkCode=osi&th=1&psc=1"><img src="https://m.media-amazon.com/images/I/31WSLNGqaEL._SL500_.jpg" alt="Product Image"></a><p>Johnson & Johnson SLC (Cosmetics) Baby Oil, 20 Fl Oz</p><p> -33% 0FF </p><p>$6.02 ($0.30 / Fl Oz)</p><a href="https://www.amazon.com/dp/B00J51Q1IA?tag=eloabder-20&linkCode=osi&th=1&psc=1">View Product</a></div><div class="product"><a href="https://www.amazon.com/dp/B00LPC15FQ?tag=eloabder-20&linkCode=osi&th=1&psc=1"><img src="https://m.media-amazon.com/images/I/315PcqnZ4qL._SL500_.jpg" alt="Product Image"></a><p>Johnson's Baby Johnson & Johnson Baby Oil, Aloe Vera & Vitamin E, Multicolor, 14 Fl Oz</p><p> -23% 0FF </p><p>$5.49 ($0.39 / Fl Oz)</p><a href="https://www.amazon.com/dp/B00LPC15FQ?tag=eloabder-20&linkCode=osi&th=1&psc=1">View Product</a></div><div class="product"><a href="https://www.amazon.com/dp/B001UAA2UC?tag=eloabder-20&linkCode=osi&th=1&psc=1"><img src="https://m.media-amazon.com/images/I/31-74Q7XbxL._SL500_.jpg" alt="Product Image"></a><p>Johnson's Baby Oil Gel, Moisturizing Baby Massage Mineral Oil Enriched with Shea & Cocoa Butter, Dry Skin Relief for Babies, Kids & Adults, Nourishing & Gentle on Delicate Skin, 6.5 fl. oz</p><p> -16% 0FF </p><p>$5.98 ($0.92 / Fl Oz)</p><a href="https://www.amazon.com/dp/B001UAA2UC?tag=eloabder-20&linkCode=osi&th=1&psc=1">View Product</a></div>
<div class="product"><a href="https://www.amazon.com/dp/B0D88Y4955?tag=eloabder-20&linkCode=osi&th=1&psc=1"><img src="https://m.media-amazon.com/images/I/41Au0yzblbL._SL500_.jpg" alt="Product Image"></a><p>Burt's Bees Baby Baby Boys Pajamas, Sleep and Play Loose Fit, 100% Organic Cotton, Soft One-piece PJs, Diagonal Zip Up Jumpsuit Newborn Essentials with Interior Zipper Guard in sizes NB to 6-9 Months</p><p> -49% 0FF </p><p>$7.60</p><a href="https://www.amazon.com/dp/B0D88Y4955?tag=eloabder-20&linkCode=osi&th=1&psc=1">View Product</a></div><div class="product"><a href="https://www.amazon.com/dp/B08GHLBW8P?tag=eloabder-20&linkCode=osi&th=1&psc=1"><img src="https://m.media-amazon.com/images/I/512q+TZZ2UL._SL500_.jpg" alt="Product Image"></a><p>Gerber Baby Boys' 4-Pack Footed Pajamas, Dinosaurs Space Grey, 18 Months</p><p> -9% 0FF </p><p>$29.98</p><a href="https://www.amazon.com/dp/B08GHLBW8P?tag=eloabder-20&linkCode=osi&th=1&psc=1">View Product</a></div>
<div class="product"><a href="https://www.amazon.com/dp/B09XHGG4B8?tag=eloabder-20&linkCode=osi&th=1&psc=1"><img src="https://m.media-amazon.com/images/I/51drx-WonLL._SL500_.jpg" alt="Product Image"></a><p>Yeeeasy Tummy Time Water Mat丨Inflatable Tummy Time Water Play Mat for Babies, Infants and Toddlers 3 to 12 Months Promote Development Toys Baby Gifts</p><p> -33% 0FF </p><p>$9.99</p><a href="https://www.amazon.com/dp/B09XHGG4B8?tag=eloabder-20&linkCode=osi&th=1&psc=1">View Product</a></div>
<div class="product"><a href="https://www.amazon.com/dp/B0009STDJW?tag=eloabder-20&linkCode=osi&th=1&psc=1"><img src="https://m.media-amazon.com/images/I/31XlMHyMw4L._SL500_.jpg" alt="Product Image"></a><p>Johnson's Baby Powder, Naturally Derived Cornstarch with Aloe & Vitamin E for Delicate Skin, Hypoallergenic and Free of Parabens, Phthalates, and Dyes for Gentle Baby Skin Care, 15 oz</p><p> -31% 0FF </p><p>$4.98 ($0.33 / Ounce)</p><a href="https://www.amazon.com/dp/B0009STDJW?tag=eloabder-20&linkCode=osi&th=1&psc=1">View Product</a></div><div class="product"><a href="https://www.amazon.com/dp/B005IHT880?tag=eloabder-20&linkCode=osi&th=1&psc=1"><img src="https://m.media-amazon.com/images/I/31Yy8plMS3L._SL500_.jpg" alt="Product Image"></a><p>Johnson's Baby Naturally Derived Cornstarch Baby Powder with Aloe and Vitamin E for Delicate Skin, Hypoallergenic and Free of Parabens, Phthalates, and Dyes for Gentle Baby Skin Care, 1.5 oz</p><p> -31% 0FF </p><p>$1.97 ($1.31 / Ounce)</p><a href="https://www.amazon.com/dp/B005IHT880?tag=eloabder-20&linkCode=osi&th=1&psc=1">View Product</a></div><div class="product"><a href="https://www.amazon.com/dp/B00I5MVFB8?tag=eloabder-20&linkCode=osi&th=1&psc=1"><img src="https://m.media-amazon.com/images/I/41kU-erHU1L._SL500_.jpg" alt="Product Image"></a><p>Johnson's Baby Powder, Pure Cornstarch, Aloe & Vitamin E, 22 Ounce (Pack of 3) - Packaging May Vary</p><p> -31% 0FF </p><p>$18.87 ($0.29 / Ounce)</p><a href="https://www.amazon.com/dp/B00I5MVFB8?tag=eloabder-20&linkCode=osi&th=1&psc=1">View Product</a></div><div class="product"><a href="https://www.amazon.com/dp/B004Z4MNGQ?tag=eloabder-20&linkCode=osi&th=1&psc=1"><img src="https://m.media-amazon.com/images/I/31szXN97ucL._SL500_.jpg" alt="Product Image"></a><p>Johnson's Baby Powder with Naturally Derived Cornstarch Aloe & Vitamin E, Hypoallergenic, 9 oz</p><p> -26% 0FF </p><p>$3.95 ($0.44 / Ounce)</p><a href="https://www.amazon.com/dp/B004Z4MNGQ?tag=eloabder-20&linkCode=osi&th=1&psc=1">View Product</a></div><div class="product"><a href="https://www.amazon.com/dp/B0CCPK861Q?tag=eloabder-20&linkCode=osi&th=1&psc=1"><img src="https://m.media-amazon.com/images/I/51jIdMql0FL._SL500_.jpg" alt="Product Image"></a><p>Burt's Bees Christmas Gifts, Baby Dusting Powder, 100% Natural Origin, Talc-Free, Pediatrician Tested Stocking Stuffers, 7.5 Ounces, Pack of 3, Pack May Vary</p><p> -29% 0FF </p><p>$19.17 ($0.85 / Ounce)</p><a href="https://www.amazon.com/dp/B0CCPK861Q?tag=eloabder-20&linkCode=osi&th=1&psc=1">View Product</a></div><div class="product"><a href="https://www.amazon.com/dp/B012FUZ8NG?tag=eloabder-20&linkCode=osi&th=1&psc=1"><img src="https://m.media-amazon.com/images/I/41t4DM92+aL._SL500_.jpg" alt="Product Image"></a><p>Gold Bond Comfort Body Powder, 10 oz., Talc-Free, Fresh Clean Scent With Aloe & Chamomile</p><p> -7% 0FF </p><p>$6.79 ($0.68 / Ounce)</p><a href="https://www.amazon.com/dp/B012FUZ8NG?tag=eloabder-20&linkCode=osi&th=1&psc=1">View Product</a></div>
<div class="product"><a href="https://www.amazon.com/dp/B00JHKTDQG?tag=eloabder-20&linkCode=osi&th=1&psc=1"><img src="https://m.media-amazon.com/images/I/41u2OOs0uOL._SL500_.jpg" alt="Product Image"></a><p>Safety 1st Plug Protectors, 36 Count</p><p> -22% 0FF </p><p>$3.49</p><a href="https://www.amazon.com/dp/B00JHKTDQG?tag=eloabder-20&linkCode=osi&th=1&psc=1">View Product</a></div><div class="product"><a href="https://www.amazon.com/dp/B0CZRKFS5Z?tag=eloabder-20&linkCode=osi&th=1&psc=1"><img src="https://m.media-amazon.com/images/I/413bGIIY4WL._SL500_.jpg" alt="Product Image"></a><p>Baby Proofing Kit, Oven Door Lock Child proof Safety Product for Kitchen, Double Button, Heat-Resistant, Easy to Install (1 Pack,Grey)</p><p> -20% 0FF </p><p>$7.99</p><a href="https://www.amazon.com/dp/B0CZRKFS5Z?tag=eloabder-20&linkCode=osi&th=1&psc=1">View Product</a></div><div class="product"><a href="https://www.amazon.com/dp/B00YKG2YS6?tag=eloabder-20&linkCode=osi&th=1&psc=1"><img src="https://m.media-amazon.com/images/I/41+wB4D0smL._SL500_.jpg" alt="Product Image"></a><p>Safety 1st Safety Essentials Kit , White , 1 Count</p><p> -38% 0FF </p><p>$7.48</p><a href="https://www.amazon.com/dp/B00YKG2YS6?tag=eloabder-20&linkCode=osi&th=1&psc=1">View Product</a></div>
<div class="product"><a href="https://www.amazon.com/dp/B000BNCA4K?tag=eloabder-20&linkCode=osi&th=1&psc=1"><img src="https://m.media-amazon.com/images/I/51+hwco0h6L._SL500_.jpg" alt="Product Image"></a><p>Manhattan Toy Winkel Rattle & Sensory Teether Toy, Blue/Green/Orange, 5 Inch x 4 Inch x 3.5 Inch</p><p> -29% 0FF </p><p>$9.99</p><a href="https://www.amazon.com/dp/B000BNCA4K?tag=eloabder-20&linkCode=osi&th=1&psc=1">View Product</a></div><div class="product"><a href="https://www.amazon.com/dp/B000FMQWS2?tag=eloabder-20&linkCode=osi&th=1&psc=1"><img src="https://m.media-amazon.com/images/I/4108+CwoQfL._SL500_.jpg" alt="Product Image"></a><p>Bright Starts Grab & Spin Baby Rattle & BPA-Free Teether Toy, Ages 3 Months+</p><p> -15% 0FF </p><p>$2.97</p><a href="https://www.amazon.com/dp/B000FMQWS2?tag=eloabder-20&linkCode=osi&th=1&psc=1">View Product</a></div><div class="product"><a href="https://www.amazon.com/dp/B071YCHDX1?tag=eloabder-20&linkCode=osi&th=1&psc=1"><img src="https://m.media-amazon.com/images/I/512uBUjyccL._SL500_.jpg" alt="Product Image"></a><p>iPlay, iLearn 10pcs Baby Rattles Toys Set, Infant Grab Shake Rattle, Sensory Teether, Babies Development Learning Music Toy, Newborn First Christmas Gifts 0 1 2 3 4 5 6 7 8 9 10 12 Month Boy Girl</p><p> -15% 0FF </p><p>$22.99</p><a href="https://www.amazon.com/dp/B071YCHDX1?tag=eloabder-20&linkCode=osi&th=1&psc=1">View Product</a></div><div class="product"><a href="https://www.amazon.com/dp/B019ICFYNI?tag=eloabder-20&linkCode=osi&th=1&psc=1"><img src="https://m.media-amazon.com/images/I/51oYX33BlzL._SL500_.jpg" alt="Product Image"></a><p>VTech Baby Rattle and Sing Puppy</p><p> -18% 0FF </p><p>$8.99</p><a href="https://www.amazon.com/dp/B019ICFYNI?tag=eloabder-20&linkCode=osi&th=1&psc=1">View Product</a></div><div class="product"><a href="https://www.amazon.com/dp/B000V2Y5BW?tag=eloabder-20&linkCode=osi&th=1&psc=1"><img src="https://m.media-amazon.com/images/I/41Bz5Kz2OzL._SL500_.jpg" alt="Product Image"></a><p>The First Years First Keys Infant and Baby Toy</p><p> -67% 0FF </p><p>$2.44</p><a href="https://www.amazon.com/dp/B000V2Y5BW?tag=eloabder-20&linkCode=osi&th=1&psc=1">View Product</a></div>
<div class="product"><a href="https://www.amazon.com/dp/B005SPESKK?tag=eloabder-20&linkCode=osi&th=1&psc=1"><img src="https://m.media-amazon.com/images/I/410ZKnRS3aL._SL500_.jpg" alt="Product Image"></a><p>Aveeno Baby Bathtime Solutions Baby & Me Gift Set with Baby Wash & Shampoo, Calming Baby Bath, Baby Daily Moisturizing Lotion & Stress Relief Body Wash for Mom, Oatmeal, 4 Items</p><p> -35% 0FF </p><p>$20.69</p><a href="https://www.amazon.com/dp/B005SPESKK?tag=eloabder-20&linkCode=osi&th=1&psc=1">View Product</a></div><div class="product"><a href="https://www.amazon.com/dp/B005UEB96K?tag=eloabder-20&linkCode=osi&th=1&psc=1"><img src="https://m.media-amazon.com/images/I/41irWX472ZL._SL500_.jpg" alt="Product Image"></a><p>Aquaphor Baby Healing Ointment Advanced Therapy Skin Protectant, Dry Skin and Diaper Rash Ointment, 14 Oz Jar</p><p> -8% 0FF </p><p>$18.37</p><a href="https://www.amazon.com/dp/B005UEB96K?tag=eloabder-20&linkCode=osi&th=1&psc=1">View Product</a></div><div class="product"><a href="https://www.amazon.com/dp/B0CNXKT6S7?tag=eloabder-20&linkCode=osi&th=1&psc=1"><img src="https://m.media-amazon.com/images/I/41UPubKIJYL._SL500_.jpg" alt="Product Image"></a><p>Blissful Diary Baby Diaper Caddy Organizer, Stylish Nursery Storage Basket - Gift for Baby Shower, Baby Registry Must Have, Newborn Essentials - Baby Caddy Organizer for Diaper Station - Sage Green</p><p> -7% 0FF </p><p>$22.99</p><a href="https://www.amazon.com/dp/B0CNXKT6S7?tag=eloabder-20&linkCode=osi&th=1&psc=1">View Product</a></div><div class="product"><a href="https://www.amazon.com/dp/B07RX5BD32?tag=eloabder-20&linkCode=osi&th=1&psc=1"><img src="https://m.media-amazon.com/images/I/41p16YTuexL._SL500_.jpg" alt="Product Image"></a><p>Portable Diaper Changing Pad, Portable Changing pad for Newborn Girl & Boy - Baby Changing Pad with Smart Wipes Pocket – Waterproof Travel Changing Kit - Baby Gift by Kopi Baby</p><p> -42% 0FF </p><p>$21.89</p><a href="https://www.amazon.com/dp/B07RX5BD32?tag=eloabder-20&linkCode=osi&th=1&psc=1">View Product</a></div>
<div class="product"><a href="https://www.amazon.com/dp/B07DGKWFJM?tag=eloabder-20&linkCode=osi&th=1&psc=1"><img src="https://m.media-amazon.com/images/I/313M7YzzHPL._SL500_.jpg" alt="Product Image"></a><p>Johnson's Baby Shampoo with Tear-Free Formula, Shampoo for Baby's Delicate Scalp & Skin, Gently Washes Away Dirt & Germs, Paraben-, Phthalate-, Sulfate- & Dye-Free, 20.3 fl. oz</p><p> -35% 0FF </p><p>$5.90 ($0.29 / Fl Oz)</p><a href="https://www.amazon.com/dp/B07DGKWFJM?tag=eloabder-20&linkCode=osi&th=1&psc=1">View Product</a></div><div class="product"><a href="https://www.amazon.com/dp/B07DGK9FQG?tag=eloabder-20&linkCode=osi&th=1&psc=1"><img src="https://m.media-amazon.com/images/I/31ZmgkaoecL._SL500_.jpg" alt="Product Image"></a><p>Johnson's Baby Tear Free Shampoo, No Parabens/Phthalates/Sulfates/Dyes, Fresh, 13.6 Fl Oz</p><p> -30% 0FF </p><p>$4.78 ($0.35 / Fl Oz)</p><a href="https://www.amazon.com/dp/B07DGK9FQG?tag=eloabder-20&linkCode=osi&th=1&psc=1">View Product</a></div><div class="product"><a href="https://www.amazon.com/dp/B07D2JMJPS?tag=eloabder-20&linkCode=osi&th=1&psc=1"><img src="https://m.media-amazon.com/images/I/31GFcXvNoSL._SL500_.jpg" alt="Product Image"></a><p>Johnson's Head-to-Toe Gentle Tear-Free Baby & Newborn Wash & Shampoo, Sulfate-, Paraben- Phthalate- & Dye-Free, Hypoallergenic Wash for Sensitive Skin & Hair, 27.1 fl. Oz</p><p> -33% 0FF </p><p>$7.19 ($0.27 / Fl Oz)</p><a href="https://www.amazon.com/dp/B07D2JMJPS?tag=eloabder-20&linkCode=osi&th=1&psc=1">View Product</a></div><div class="product"><a href="https://www.amazon.com/dp/B07NSBTZ22?tag=eloabder-20&linkCode=osi&th=1&psc=1"><img src="https://m.media-amazon.com/images/I/316UK0+xv+L._SL500_.jpg" alt="Product Image"></a><p>Aveeno Baby Daily Moisture Gentle Bath Wash & Shampoo with Natural Oat Extract, Hypoallergenic, Tear-Free & Paraben-Free Formula For Sensitive Hair & Skin, Lightly Scented, 33 fl. oz</p><p> -43% 0FF </p><p>$13.98 ($0.42 / Fl Oz)</p><a href="https://www.amazon.com/dp/B07NSBTZ22?tag=eloabder-20&linkCode=osi&th=1&psc=1">View Product</a></div><div class="product"><a href="https://www.amazon.com/dp/B07DGPL4Y7?tag=eloabder-20&linkCode=osi&th=1&psc=1"><img src="https://m.media-amazon.com/images/I/310oJnMMURS._SL500_.jpg" alt="Product Image"></a><p>Johnson's Baby Calming Baby Shampoo with Soothing NaturalCalm Scent, Hypoallergenic & Tear-Free Baby Hair Shampoo, Free of Parabens, Phthalates, Sulfates & Dyes, 20.3 fl. oz</p><p> -9% 0FF </p><p>$5.39 ($0.27 / Fl Oz)</p><a href="https://www.amazon.com/dp/B07DGPL4Y7?tag=eloabder-20&linkCode=osi&th=1&psc=1">View Product</a></div><div class="product"><a href="https://www.amazon.com/dp/B072QXWXS6?tag=eloabder-20&linkCode=osi&th=1&psc=1"><img src="https://m.media-amazon.com/images/I/31nATTwRNrL._SL500_.jpg" alt="Product Image"></a><p>The Honest Company 2-in-1 Cleansing Shampoo + Body Wash | Gentle for Baby | Naturally Derived, Tear-free, Hypoallergenic | Fragrance Free Sensitive, 10 fl oz</p><p> -8% 0FF </p><p>$10.99 ($1.10 / Fl Oz)</p><a href="https://www.amazon.com/dp/B072QXWXS6?tag=eloabder-20&linkCode=osi&th=1&psc=1">View Product</a></div><div class="product"><a href="https://www.amazon.com/dp/B0BXB874ZB?tag=eloabder-20&linkCode=osi&th=1&psc=1"><img src="https://m.media-amazon.com/images/I/61I9qaFfznL._SL500_.jpg" alt="Product Image"></a><p>SheaMoisture Baby Shampoo & Bath Milk Manuka Honey & Lavender for Delicate Hair and Skin Nighttime Skin and Hair Care Regimen 13 oz</p><p> -10% 0FF </p><p>$8.97 ($0.69 / Fl Oz)</p><a href="https://www.amazon.com/dp/B0BXB874ZB?tag=eloabder-20&linkCode=osi&th=1&psc=1">View Product</a></div>
<div class="product"><a href="https://www.amazon.com/dp/B07JP112TD?tag=eloabder-20&linkCode=osi&th=1&psc=1"><img src="https://m.media-amazon.com/images/I/31-1TtUqz2L._SL500_.jpg" alt="Product Image"></a><p>Stride Rite Baby Girls Sr Taye 2.0 First Walker Shoe, Pink, 3 Infant US</p><p> -30% 0FF </p><p>$25.72</p><a href="https://www.amazon.com/dp/B07JP112TD?tag=eloabder-20&linkCode=osi&th=1&psc=1">View Product</a></div><div class="product"><a href="https://www.amazon.com/dp/B08M5M2ZNJ?tag=eloabder-20&linkCode=osi&th=1&psc=1"><img src="https://m.media-amazon.com/images/I/31qHgEG+WSL._SL500_.jpg" alt="Product Image"></a><p>Baby Booties 6-12 Months Unisex Cozy Fleece Newborn Booties Non-Slip Newborn First Walkers Shoes Toddler Slippers for Baby Boys & Baby Girls Gifts, Black</p><p> -33% 0FF </p><p>$9.99</p><a href="https://www.amazon.com/dp/B08M5M2ZNJ?tag=eloabder-20&linkCode=osi&th=1&psc=1">View Product</a></div><div class="product"><a href="https://www.amazon.com/dp/B0BV2J28DN?tag=eloabder-20&linkCode=osi&th=1&psc=1"><img src="https://m.media-amazon.com/images/I/41n15Z33RlL._SL500_.jpg" alt="Product Image"></a><p>Baby Walking Shoes First Boy Girl Walker Infant Sock Tennis Mesh Sneakers Breathable 6 9 12 18 24 Months Camel Size 6-12 Months Infant</p><p> -18% 0FF </p><p>$26.99</p><a href="https://www.amazon.com/dp/B0BV2J28DN?tag=eloabder-20&linkCode=osi&th=1&psc=1">View Product</a></div><div class="product"><a href="https://www.amazon.com/dp/B0C9ZTGHWF?tag=eloabder-20&linkCode=osi&th=1&psc=1"><img src="https://m.media-amazon.com/images/I/41jzu4SNmLL._SL500_.jpg" alt="Product Image"></a><p>BMCiTYBM Baby Boy Girl Shoes Infant First Walker Shoes Breathable Walking Shoes Lightweight Non-Slip Sneakers 6 9 12 18 24 Months Gray Size 12-18 Months Infant</p><p> -12% 0FF </p><p>$29.99</p><a href="https://www.amazon.com/dp/B0C9ZTGHWF?tag=eloabder-20&linkCode=osi&th=1&psc=1">View Product</a></div>
<div class="product"><a href="https://www.amazon.com/dp/B0B6Z9SVXG?tag=eloabder-20&linkCode=osi&th=1&psc=1"><img src="https://m.media-amazon.com/images/I/41yQhQfpuJL._SL500_.jpg" alt="Product Image"></a><p>Shiaon Baby Sling Carrier Newborn to Toddler, Lightweight Baby Carrier Sling, Baby Wrap Sling, Baby Hip Seat Carrier for Toddler Sling, Baby Holder Carrier, Nursing Sling, Carrying 7-45 lbs, Grey</p><p> -20% 0FF </p><p>$32.99</p><a href="https://www.amazon.com/dp/B0B6Z9SVXG?tag=eloabder-20&linkCode=osi&th=1&psc=1">View Product</a></div><div class="product"><a href="https://www.amazon.com/dp/B07SK6GVCJ?tag=eloabder-20&linkCode=osi&th=1&psc=1"><img src="https://m.media-amazon.com/images/I/41o7bWiYEUL._SL500_.jpg" alt="Product Image"></a><p>CUBY Water Baby Sling Carrier Breathable Mesh Baby Wraps Carrier Adjustable Ring Sling Baby Carrier Infant Carrier for Summer Swimming Pool Beach (Light Grey)</p><p> -27% 0FF </p><p>$18.99</p><a href="https://www.amazon.com/dp/B07SK6GVCJ?tag=eloabder-20&linkCode=osi&th=1&psc=1">View Product</a></div><div class="product"><a href="https://www.amazon.com/dp/B07YQYRVDX?tag=eloabder-20&linkCode=osi&th=1&psc=1"><img src="https://m.media-amazon.com/images/I/41nKHqgPniL._SL500_.jpg" alt="Product Image"></a><p>Baby Sling and Ring Sling 100% Cotton Muslin Infant Carrier, Front and Chest Newborn Carrier Wrap, Toddler Carrier – Grey</p><p> -31% 0FF </p><p>$44.95</p><a href="https://www.amazon.com/dp/B07YQYRVDX?tag=eloabder-20&linkCode=osi&th=1&psc=1">View Product</a></div>
<div class="product"><a href="https://www.amazon.com/dp/B07N13W76L?tag=eloabder-20&linkCode=osi&th=1&psc=1"><img src="https://m.media-amazon.com/images/I/41d8emuEA8L._SL500_.jpg" alt="Product Image"></a><p>Baby Dove Sensitive Skin Care Baby Wash Calming Moisture For a Calming Bath Wash Hypoallergenic and Tear-Free, Washes Away Bacteria 13 oz</p><p> -6% 0FF </p><p>$7.99 ($0.61 / Ounce)</p><a href="https://www.amazon.com/dp/B07N13W76L?tag=eloabder-20&linkCode=osi&th=1&psc=1">View Product</a></div><div class="product"><a href="https://www.amazon.com/dp/B097NRRRNT?tag=eloabder-20&linkCode=osi&th=1&psc=1"><img src="https://m.media-amazon.com/images/I/31qcQUGmwRS._SL500_.jpg" alt="Product Image"></a><p>Johnson's Skin Nourishing Moisture Baby Body Wash With Vanilla & Oat Scents, Hypoallergenic & Tear Free Baby Bath Wash, Paraben-, Dye-, Sulfate & Phthalate-Free, 20.3 fl. oz</p><p> -26% 0FF </p><p>$6.78 ($0.33 / Fl Oz)</p><a href="https://www.amazon.com/dp/B097NRRRNT?tag=eloabder-20&linkCode=osi&th=1&psc=1">View Product</a></div><div class="product"><a href="https://www.amazon.com/dp/B07D2G6CLG?tag=eloabder-20&linkCode=osi&th=1&psc=1"><img src="https://m.media-amazon.com/images/I/31EQ6Pb153L._SL500_.jpg" alt="Product Image"></a><p>Johnson's Bedtime Baby Bath with Soothing NaturalCalm Aromas, Hypoallergenic & Tear Free Formula, 27.1 fl. oz</p><p> -33% 0FF </p><p>$9.98 ($0.37 / Fl Oz)</p><a href="https://www.amazon.com/dp/B07D2G6CLG?tag=eloabder-20&linkCode=osi&th=1&psc=1">View Product</a></div>
<div class="product"><a href="https://www.amazon.com/dp/B006VB29D8?tag=eloabder-20&linkCode=osi&th=1&psc=1"><img src="https://m.media-amazon.com/images/I/41avOtC2ssL._SL500_.jpg" alt="Product Image"></a><p>Munchkin® Soft Tip™ Baby Spoons, BPA Free, 12 Pack</p><p> -17% 0FF </p><p>$6.98</p><a href="https://www.amazon.com/dp/B006VB29D8?tag=eloabder-20&linkCode=osi&th=1&psc=1">View Product</a></div><div class="product"><a href="https://www.amazon.com/dp/B0CKJXWM44?tag=eloabder-20&linkCode=osi&th=1&psc=1"><img src="https://m.media-amazon.com/images/I/41n4jr8b6VL._SL500_.jpg" alt="Product Image"></a><p>Nuby Baby's First Spoons Set - (3-Pack) Feeding Utensils for Babies - 6+ Months</p><p> -40% 0FF </p><p>$5.97</p><a href="https://www.amazon.com/dp/B0CKJXWM44?tag=eloabder-20&linkCode=osi&th=1&psc=1">View Product</a></div><div class="product"><a href="https://www.amazon.com/dp/B0CKWJNQP4?tag=eloabder-20&linkCode=osi&th=1&psc=1"><img src="https://m.media-amazon.com/images/I/413epEJW7PL._SL500_.jpg" alt="Product Image"></a><p>Munchkin® Gentle Dip™ Multistage First Spoon Set for Baby Led Weaning, Self Feeding, Solids & Purees, 3 Pack, Coral/Purple</p><p> -35% 0FF </p><p>$6.49</p><a href="https://www.amazon.com/dp/B0CKWJNQP4?tag=eloabder-20&linkCode=osi&th=1&psc=1">View Product</a></div><div class="product"><a href="https://www.amazon.com/dp/B08MVST7H1?tag=eloabder-20&linkCode=osi&th=1&psc=1"><img src="https://m.media-amazon.com/images/I/319zTmlUj8L._SL500_.jpg" alt="Product Image"></a><p>PrimaStella Silicone Chew Spoon Set for Babies and Toddlers | Safety Tested | BPA Free | Microwave, Dishwasher and Freezer Safe</p><p> -33% 0FF </p><p>$7.99</p><a href="https://www.amazon.com/dp/B08MVST7H1?tag=eloabder-20&linkCode=osi&th=1&psc=1">View Product</a></div>
<div class="product"><a href="https://www.amazon.com/dp/B0D5Q2GKMX?tag=eloabder-20&linkCode=osi&th=1&psc=1"><img src="https://m.media-amazon.com/images/I/51PSbL1vo1L._SL500_.jpg" alt="Product Image"></a><p>Accombe 2 in 1 Baby Stroller, Convertible Bassinet Pushchair for Infants and Newborns 0-36 Months</p><p> -23% 0FF </p><p>$154.99</p><a href="https://www.amazon.com/dp/B0D5Q2GKMX?tag=eloabder-20&linkCode=osi&th=1&psc=1">View Product</a></div><div class="product"><a href="https://www.amazon.com/dp/B01FCDWZFC?tag=eloabder-20&linkCode=osi&th=1&psc=1"><img src="https://m.media-amazon.com/images/I/41jrn+R3+0L._SL500_.jpg" alt="Product Image"></a><p>Baby Trend Range Jogger Stroller, Millennium</p><p> -36% 0FF </p><p>$90.08</p><a href="https://www.amazon.com/dp/B01FCDWZFC?tag=eloabder-20&linkCode=osi&th=1&psc=1">View Product</a></div><div class="product"><a href="https://www.amazon.com/dp/B0BSP4K34F?tag=eloabder-20&linkCode=osi&th=1&psc=1"><img src="https://m.media-amazon.com/images/I/41zs0EAVv0L._SL500_.jpg" alt="Product Image"></a><p>Summer by Ingenuity 3Dquickclose CS+ Compact Fold Stroller, Car-Seat Compatible, Lightweight Stroller with Oversized Canopy, Extra-Large Storage</p><p> -19% 0FF </p><p>$80.74</p><a href="https://www.amazon.com/dp/B0BSP4K34F?tag=eloabder-20&linkCode=osi&th=1&psc=1">View Product</a></div><div class="product"><a href="https://www.amazon.com/dp/B08K2YFNDW?tag=eloabder-20&linkCode=osi&th=1&psc=1"><img src="https://m.media-amazon.com/images/I/41USzhsByBL._SL500_.jpg" alt="Product Image"></a><p>Graco Ready2Grow LX 2.0 Double Stroller Features Bench Seat and Standing Platform Options, Clark</p><p> -20% 0FF </p><p>$215.99</p><a href="https://www.amazon.com/dp/B08K2YFNDW?tag=eloabder-20&linkCode=osi&th=1&psc=1">View Product</a></div><div class="product"><a href="https://www.amazon.com/dp/B09FL82SRC?tag=eloabder-20&linkCode=osi&th=1&psc=1"><img src="https://m.media-amazon.com/images/I/41oWEq1J+SL._SL500_.jpg" alt="Product Image"></a><p>Mompush Wiz 2-in-1 Convertible Baby Stroller with Bassinet Mode - Foldable Infant Stroller to Explore More as a Family - Toddler Stroller with Reversible Stroller Seat</p><p> -30% 0FF </p><p>$159.99</p><a href="https://www.amazon.com/dp/B09FL82SRC?tag=eloabder-20&linkCode=osi&th=1&psc=1">View Product</a></div><div class="product"><a href="https://www.amazon.com/dp/B01JRY00C2?tag=eloabder-20&linkCode=osi&th=1&psc=1"><img src="https://m.media-amazon.com/images/I/41oyBwt71IL._SL500_.jpg" alt="Product Image"></a><p>Safety 1st Smooth Ride Travel System Stroller and Car Seat OnBoard™ FLX - Efficient Infant Car Seat Stroller and Infant Car Seat and Stroller Combo, Monument</p><p> -9% 0FF </p><p>$199.99</p><a href="https://www.amazon.com/dp/B01JRY00C2?tag=eloabder-20&linkCode=osi&th=1&psc=1">View Product</a></div>
<div class="product"><a href="https://www.amazon.com/dp/B08K2CN246?tag=eloabder-20&linkCode=osi&th=1&psc=1"><img src="https://m.media-amazon.com/images/I/41kw6Z5JVpL._SL500_.jpg" alt="Product Image"></a><p>Graco Soothe My Way with Removable Rocker, Madden - Versatile Baby Swing & Portable Rocker</p><p> -5% 0FF </p><p>$199.99</p><a href="https://www.amazon.com/dp/B08K2CN246?tag=eloabder-20&linkCode=osi&th=1&psc=1">View Product</a></div><div class="product"><a href="https://www.amazon.com/dp/B0CPTD1PS8?tag=eloabder-20&linkCode=osi&th=1&psc=1"><img src="https://m.media-amazon.com/images/I/31mjNCs4A0L._SL500_.jpg" alt="Product Image"></a><p>Maxi-Cosi Cassia Baby Swings for Infants: Smart Portable Baby Swing with Music, Lightweight & Foldable Baby Swing, 360 Rotation Infant Swing, Classic Oat</p><p> -14% 0FF </p><p>$172.65</p><a href="https://www.amazon.com/dp/B0CPTD1PS8?tag=eloabder-20&linkCode=osi&th=1&psc=1">View Product</a></div>
<div class="product"><a href="https://www.amazon.com/dp/B0795ZW85G?tag=eloabder-20&linkCode=osi&th=1&psc=1"><img src="https://m.media-amazon.com/images/I/41MJ3gfs90L._SL500_.jpg" alt="Product Image"></a><p>Kinsa Smart,Fever, Digital Medical Baby, Kid and Adult Termometro - Accurate, Fast, FDA Cleared Thermometer for Oral, Armpit or Rectal Temperature Reading - QuickCare</p><p> -27% 0FF </p><p>$21.97</p><a href="https://www.amazon.com/dp/B0795ZW85G?tag=eloabder-20&linkCode=osi&th=1&psc=1">View Product</a></div>
<div class="product"><a href="https://www.amazon.com/dp/B0866RV9SM?tag=eloabder-20&linkCode=osi&th=1&psc=1"><img src="https://m.media-amazon.com/images/I/41n5jaf1l8L._SL500_.jpg" alt="Product Image"></a><p>Dr. Brown's Infant-to-Toddler Training Toothbrush Set with Fluoride-Free Baby Toothpaste, Strawberry - Giraffe - 1.4oz - 0-3 years</p><p> -9% 0FF </p><p>$8.19</p><a href="https://www.amazon.com/dp/B0866RV9SM?tag=eloabder-20&linkCode=osi&th=1&psc=1">View Product</a></div>
<div class="product"><a href="https://www.amazon.com/dp/B079KV58DJ?tag=eloabder-20&linkCode=osi&th=1&psc=1"><img src="https://m.media-amazon.com/images/I/31a0bFQr94L._SL500_.jpg" alt="Product Image"></a><p>Dr. Talbot's Baby Toothpaste Naturally Inspired with Citroganix and Silicone Finger Gum Massager, Vanilla Milk Flavor</p><p> -35% 0FF </p><p>$3.87</p><a href="https://www.amazon.com/dp/B079KV58DJ?tag=eloabder-20&linkCode=osi&th=1&psc=1">View Product</a></div><div class="product"><a href="https://www.amazon.com/dp/B07GT9YRXD?tag=eloabder-20&linkCode=osi&th=1&psc=1"><img src="https://m.media-amazon.com/images/I/416EJX6PtPL._SL500_.jpg" alt="Product Image"></a><p>Baby Toothpaste 6 to 12 Months - Rain Fluoride Free Tooth Paste Gel for Infant Toddler Kids 0-6 Years and Up, Safe to Swallow, 2.8 Oz, Babies Training, Xylitol, Vitamin C, Vegan, SLS Free, Gluten Free</p><p> -25% 0FF </p><p>$13.94</p><a href="https://www.amazon.com/dp/B07GT9YRXD?tag=eloabder-20&linkCode=osi&th=1&psc=1">View Product</a></div>
<div class="product"><a href="https://www.amazon.com/dp/B0B9BMFS4X?tag=eloabder-20&linkCode=osi&th=1&psc=1"><img src="https://m.media-amazon.com/images/I/51QOy--SVyL._SL500_.jpg" alt="Product Image"></a><p>HOMEXCEL Baby Washcloths 24 Pack-Microfiber Coral Fleece Baby Bath Face Towel 7 x 9 Inch Extra Absorbent and Soft Burp Cloth and Wash Cloths for Newborn-Infants and Toddlers-Gentle On Sensitive Skin</p><p> -10% 0FF </p><p>$8.99</p><a href="https://www.amazon.com/dp/B0B9BMFS4X?tag=eloabder-20&linkCode=osi&th=1&psc=1">View Product</a></div>
<div class="product"><a href="https://www.amazon.com/dp/B00M2AAYG6?tag=eloabder-20&linkCode=osi&th=1&psc=1"><img src="https://m.media-amazon.com/images/I/41fixA-oZyL._SL500_.jpg" alt="Product Image"></a><p>Smart Steps 3.0 Activity Walker, Emily</p><p> -20% 0FF </p><p>$39.98</p><a href="https://www.amazon.com/dp/B00M2AAYG6?tag=eloabder-20&linkCode=osi&th=1&psc=1">View Product</a></div><div class="product"><a href="https://www.amazon.com/dp/B0C4PB4QN3?tag=eloabder-20&linkCode=osi&th=1&psc=1"><img src="https://m.media-amazon.com/images/I/41a0CSHVcBL._SL500_.jpg" alt="Product Image"></a><p>Wismind Baby Walker Foldable with 9 Adjustable Heights, Baby Walkers and Activity Center for Boys Girls Babies 7-18 Months, Baby Walker with Wheels Portable</p><p> -30% 0FF </p><p>$69.99</p><a href="https://www.amazon.com/dp/B0C4PB4QN3?tag=eloabder-20&linkCode=osi&th=1&psc=1">View Product</a></div><div class="product"><a href="https://www.amazon.com/dp/B074ZDNJBD?tag=eloabder-20&linkCode=osi&th=1&psc=1"><img src="https://m.media-amazon.com/images/I/41WJhym-67L._SL500_.jpg" alt="Product Image"></a><p>Fisher-Price Baby Toy Laugh & Learn Smart Stages Learn with Puppy Walker with Music Lights & Activities for Infants Ages 6+ Months</p><p> -20% 0FF </p><p>$19.97</p><a href="https://www.amazon.com/dp/B074ZDNJBD?tag=eloabder-20&linkCode=osi&th=1&psc=1">View Product</a></div><div class="product"><a href="https://www.amazon.com/dp/B0CPP7HFVY?tag=eloabder-20&linkCode=osi&th=1&psc=1"><img src="https://m.media-amazon.com/images/I/51L9TuZYYDL._SL500_.jpg" alt="Product Image"></a><p>Tiny Land Wooden Baby Walker, Baby Push Walker, Montessori Walker Toy, Adjustable Speed Baby Walker for Boys and Girls, Baby Activity Center, Push Toys for Kids Development</p><p> -6% 0FF </p><p>$79.99</p><a href="https://www.amazon.com/dp/B0CPP7HFVY?tag=eloabder-20&linkCode=osi&th=1&psc=1">View Product</a></div><div class="product"><a href="https://www.amazon.com/dp/B09QNK7BD9?tag=eloabder-20&linkCode=osi&th=1&psc=1"><img src="https://m.media-amazon.com/images/I/417kGxszQCL._SL500_.jpg" alt="Product Image"></a><p>Bright Starts Disney Baby Minnie Mouse Forever Besties 2-in-1 Baby Activity Walker - Easy Fold Frame and Removable -Toy Station, 6 Months and up</p><p> -17% 0FF </p><p>$49.98</p><a href="https://www.amazon.com/dp/B09QNK7BD9?tag=eloabder-20&linkCode=osi&th=1&psc=1">View Product</a></div>
<div class="product"><a href="https://www.amazon.com/dp/B078XYF78X?tag=eloabder-20&linkCode=osi&th=1&psc=1"><img src="https://m.media-amazon.com/images/I/41cDmYF13wL._SL500_.jpg" alt="Product Image"></a><p>Huggies Simply Clean Fragrance-Free Baby Wipes, Unscented Diaper Wipes, 1 Flip-Top Pack (64 Wipes Total)</p><p> -21% 0FF </p><p>$2.17 ($3.39 / 100 Count)</p><a href="https://www.amazon.com/dp/B078XYF78X?tag=eloabder-20&linkCode=osi&th=1&psc=1">View Product</a></div><div class="product"><a href="https://www.amazon.com/dp/B08QRT84WJ?tag=eloabder-20&linkCode=osi&th=1&psc=1"><img src="https://m.media-amazon.com/images/I/51vfRHDV3QL._SL500_.jpg" alt="Product Image"></a><p>Huggies Natural Care Sensitive Baby Wipes, Unscented, Hypoallergenic, 6 Flip-Top Packs (288 Wipes Total)</p><p> -15% 0FF </p><p>$11.33 ($3.93 / 100 Count)</p><a href="https://www.amazon.com/dp/B08QRT84WJ?tag=eloabder-20&linkCode=osi&th=1&psc=1">View Product</a></div><div class="product"><a href="https://www.amazon.com/dp/B0CNSCVGPH?tag=eloabder-20&linkCode=osi&th=1&psc=1"><img src="https://m.media-amazon.com/images/I/51oFmARUYLL._SL500_.jpg" alt="Product Image"></a><p>Huggies Simply Clean Fresh Scent Baby Wipes, 3 Flip-Top Packs of 64 (192 Wipes Total)</p><p> -13% 0FF </p><p>$6.77 ($3.53 / 100 Count)</p><a href="https://www.amazon.com/dp/B0CNSCVGPH?tag=eloabder-20&linkCode=osi&th=1&psc=1">View Product</a></div><div class="product"><a href="https://www.amazon.com/dp/B07KGL6L56?tag=eloabder-20&linkCode=osi&th=1&psc=1"><img src="https://m.media-amazon.com/images/I/41mNPe9fqbL._SL500_.jpg" alt="Product Image"></a><p>Pampers Baby Clean Wipes, Baby Fresh Scented Baby Wipes, 72 Baby Wipes Total (1 Flip-Top Pack)</p><p> -27% 0FF </p><p>$2.49 ($3.46 / 100 Count)</p><a href="https://www.amazon.com/dp/B07KGL6L56?tag=eloabder-20&linkCode=osi&th=1&psc=1">View Product</a></div><div class="product"><a href="https://www.amazon.com/dp/B07XMFVN95?tag=eloabder-20&linkCode=osi&th=1&psc=1"><img src="https://m.media-amazon.com/images/I/51-VIf1JGuL._SL500_.jpg" alt="Product Image"></a><p>Amazon Brand - Mama Bear Gentle Fragrance Free Baby Wipes, Hypoallergenic, Sensitive Skin, Unscented, 800 Count (8 Packs of 100)</p><p> -11% 0FF </p><p>$20.59</p><a href="https://www.amazon.com/dp/B07XMFVN95?tag=eloabder-20&linkCode=osi&th=1&psc=1">View Product</a></div>
<div class="product"><a href="https://www.amazon.com/dp/B082PSKBXV?tag=eloabder-20&linkCode=osi&th=1&psc=1"><img src="https://m.media-amazon.com/images/I/41e-U+REwlL._SL500_.jpg" alt="Product Image"></a><p>Baby Wrap Carrier Jeroray Hands Free Infant Carrier,Lightweight,Breathable,Softness,Heather Grey</p><p> -11% 0FF </p><p>$19.59</p><a href="https://www.amazon.com/dp/B082PSKBXV?tag=eloabder-20&linkCode=osi&th=1&psc=1">View Product</a></div>
<div class="product"><a href="https://www.amazon.com/dp/B0771L5HN5?tag=eloabder-20&linkCode=osi&th=1&psc=1"><img src="https://m.media-amazon.com/images/I/51pAl1My4tL._SL500_.jpg" alt="Product Image"></a><p>Corner Protector for Baby, Protectors Guards, Furniture Corner Guard & Edge Safety Bumpers - Baby Proof Bumper Cushion - Clear & Transparent (12 Pack)</p><p> -11% 0FF </p><p>$7.98 ($0.66 / Count)</p><a href="https://www.amazon.com/dp/B0771L5HN5?tag=eloabder-20&linkCode=osi&th=1&psc=1">View Product</a></div><div class="product"><a href="https://www.amazon.com/dp/B07CNS8W5Y?tag=eloabder-20&linkCode=osi&th=1&psc=1"><img src="https://m.media-amazon.com/images/I/41Hxr+wFkkL._SL500_.jpg" alt="Product Image"></a><p>12 Pack Corner Guards Corner Protectors Baby Proof Furniture Corner & Edge Safety Bumpers, Table Corner Protector for Furniture Corner Covers Baby Safety</p><p> -17% 0FF </p><p>$4.99</p><a href="https://www.amazon.com/dp/B07CNS8W5Y?tag=eloabder-20&linkCode=osi&th=1&psc=1">View Product</a></div>
<div class="product"><a href="https://www.amazon.com/dp/B0BDFB3LW6?tag=eloabder-20&linkCode=osi&th=1&psc=1"><img src="https://m.media-amazon.com/images/I/31HyDb7637L._SL500_.jpg" alt="Product Image"></a><p>Baby Proofing Cabinets,Cabinet Locks for Babies,U-Shaped Child Locks for Cabinets, Child Proof Cabinet Latches,Child Safety Cabinet Locks with Adjustable by SPISPI (Pack of 2)</p><p> -30% 0FF </p><p>$6.99</p><a href="https://www.amazon.com/dp/B0BDFB3LW6?tag=eloabder-20&linkCode=osi&th=1&psc=1">View Product</a></div><div class="product"><a href="https://www.amazon.com/dp/B07GRNTXJZ?tag=eloabder-20&linkCode=osi&th=1&psc=1"><img src="https://m.media-amazon.com/images/I/41WR7vsRvML._SL500_.jpg" alt="Product Image"></a><p>Upgraded Invisible Baby Proofing Cabinet Latch Locks (10 Pack) - No Drilling or Tools Required for Installation, Works with Most Cabinets and Drawers, Works with Countertop Overhangs, Highly Secure</p><p> -33% 0FF </p><p>$19.99</p><a href="https://www.amazon.com/dp/B07GRNTXJZ?tag=eloabder-20&linkCode=osi&th=1&psc=1">View Product</a></div><div class="product"><a href="https://www.amazon.com/dp/B07TV9QY16?tag=eloabder-20&linkCode=osi&th=1&psc=1"><img src="https://m.media-amazon.com/images/I/31CzUhfEf9S._SL500_.jpg" alt="Product Image"></a><p>Child Safety Cabinet Locks - (10 Pack) Baby Proofing Latches to Drawer Door Fridge Oven Toilet Seat Kitchen Cupboard Appliance Trash Can with 3M Adhesive - Adjustable Strap No Drill No Tool</p><p> -25% 0FF </p><p>$14.99</p><a href="https://www.amazon.com/dp/B07TV9QY16?tag=eloabder-20&linkCode=osi&th=1&psc=1">View Product</a></div><div class="product"><a href="https://www.amazon.com/dp/B0D7W79D9T?tag=eloabder-20&linkCode=osi&th=1&psc=1"><img src="https://m.media-amazon.com/images/I/31awaiU9CVL._SL500_.jpg" alt="Product Image"></a><p>Baby Proofing Cabinets, Sliding Cabinet Locks for Babies, Adjustable U Shaped Baby Safety Locks, Childproof Cabinet Latch for Kitchen, Bathroom, Drawer, Cupboard Doors Knobs & Handles (2Pack White)</p><p> -25% 0FF </p><p>$2.99</p><a href="https://www.amazon.com/dp/B0D7W79D9T?tag=eloabder-20&linkCode=osi&th=1&psc=1">View Product</a></div><div class="product"><a href="https://www.amazon.com/dp/B07K2PWN19?tag=eloabder-20&linkCode=osi&th=1&psc=1"><img src="https://m.media-amazon.com/images/I/41UlC3lEJaS._SL500_.jpg" alt="Product Image"></a><p>Cabinet Locks - Adoric Life Child Safety Locks 4 Pack - Baby Safety Cabinet Locks - Baby Proofing Cabinet Kitchen System with Strong Adhesive Tape</p><p> -46% 0FF </p><p>$6.99</p><a href="https://www.amazon.com/dp/B07K2PWN19?tag=eloabder-20&linkCode=osi&th=1&psc=1">View Product</a></div>
<div class="product"><a href="https://www.amazon.com/dp/B007IUOG5A?tag=eloabder-20&linkCode=osi&th=1&psc=1"><img src="https://m.media-amazon.com/images/I/31+8zGGzplL._SL500_.jpg" alt="Product Image"></a><p>Safety Innovations Twin Door Baby Safety Outlet Cover Box for Babyproofing Outlets - More Interior Space for Extra Large Electrical Plugs and Adapters - Easy to Install - Easy to Use, (1-Pack)</p><p> -33% 0FF </p><p>$9.95</p><a href="https://www.amazon.com/dp/B007IUOG5A?tag=eloabder-20&linkCode=osi&th=1&psc=1">View Product</a></div><div class="product"><a href="https://www.amazon.com/dp/B000HKVG9C?tag=eloabder-20&linkCode=osi&th=1&psc=1"><img src="https://m.media-amazon.com/images/I/41RdFKMVyCL._SL500_.jpg" alt="Product Image"></a><p>Safety 1st Outlet Cover with Cord Shortener for Baby Proofing</p><p> -9% 0FF </p><p>$4.98</p><a href="https://www.amazon.com/dp/B000HKVG9C?tag=eloabder-20&linkCode=osi&th=1&psc=1">View Product</a></div><div class="product"><a href="https://www.amazon.com/dp/B01N7H7J47?tag=eloabder-20&linkCode=osi&th=1&psc=1"><img src="https://m.media-amazon.com/images/I/414dT3xocLL._SL500_.jpg" alt="Product Image"></a><p>Outlet Covers Baby Proofing (50 Pack) Safe & Secure Electric Plug Protectors | Sturdy Childproof Socket Covers for Home & Office | Easy Installation | Protect Toddlers & Babies | White</p><p> -31% 0FF </p><p>$8.99</p><a href="https://www.amazon.com/dp/B01N7H7J47?tag=eloabder-20&linkCode=osi&th=1&psc=1">View Product</a></div>
<div class="product"><a href="https://www.amazon.com/dp/B08SQYKXCH?tag=eloabder-20&linkCode=osi&th=1&psc=1"><img src="https://m.media-amazon.com/images/I/51NMUNJ6CmL._SL500_.jpg" alt="Product Image"></a><p>Baby Proofing Edge Corner Protector, Table Bumper Guard, Soft Rubber Foam Guard, 3M Pre-Taped Corners, 20.5 ft (18.1ft Edge + 8 Corners) Baby Proof Corner Guard Heavy-Duty (18.1ft, Cream White)</p><p> -5% 0FF </p><p>$15.75</p><a href="https://www.amazon.com/dp/B08SQYKXCH?tag=eloabder-20&linkCode=osi&th=1&psc=1">View Product</a></div>
<div class="product"><a href="https://www.amazon.com/dp/B082LN53Y4?tag=eloabder-20&linkCode=osi&th=1&psc=1"><img src="https://m.media-amazon.com/images/I/51MQ1RC2tuL._SL500_.jpg" alt="Product Image"></a><p>Baby Car Mirror Most Stable Backseat Mirror with Premium Matte Finish-Super Clear PMMA Material Mirror-Safe, Secure and Shatterproof,Black</p><p> -53% 0FF </p><p>$7.99</p><a href="https://www.amazon.com/dp/B082LN53Y4?tag=eloabder-20&linkCode=osi&th=1&psc=1">View Product</a></div><div class="product"><a href="https://www.amazon.com/dp/B07MT8HXVC?tag=eloabder-20&linkCode=osi&th=1&psc=1"><img src="https://m.media-amazon.com/images/I/51lvNQUNxjL._SL500_.jpg" alt="Product Image"></a><p>Baby Car Mirror, DARVIQS Seat Safely Monitor Infant Child in Rear Facing Seat, Wide View Shatterproof Adjustable Acrylic 360°for Backseat, Crash Tested and Certified for Safety</p><p> -15% 0FF </p><p>$12.69</p><a href="https://www.amazon.com/dp/B07MT8HXVC?tag=eloabder-20&linkCode=osi&th=1&psc=1">View Product</a></div><div class="product"><a href="https://www.amazon.com/dp/B01K478YBA?tag=eloabder-20&linkCode=osi&th=1&psc=1"><img src="https://m.media-amazon.com/images/I/413tQ4nkWHL._SL500_.jpg" alt="Product Image"></a><p>Shynerk Baby Car Mirror, Rear Facing Car Seat Mirror Safety for Infant Newborn, Baby Mirror with Wide Rearview & 360° Rotation, Shatterproof & Easy Assembled Crash Tested</p><p> -38% 0FF </p><p>$15.99</p><a href="https://www.amazon.com/dp/B01K478YBA?tag=eloabder-20&linkCode=osi&th=1&psc=1">View Product</a></div><div class="product"><a href="https://www.amazon.com/dp/B08FLH1SHC?tag=eloabder-20&linkCode=osi&th=1&psc=1"><img src="https://m.media-amazon.com/images/I/31HQAIIlPlL._SL500_.jpg" alt="Product Image"></a><p>Munchkin® Brica® 360 Pivot Baby in-Sight® Wide Angle Adjustable Car Mirror, Crash Tested and Shatter Resistant, Black</p><p> -11% 0FF </p><p>$20.52</p><a href="https://www.amazon.com/dp/B08FLH1SHC?tag=eloabder-20&linkCode=osi&th=1&psc=1">View Product</a></div><div class="product"><a href="https://www.amazon.com/dp/B0DD43HCBS?tag=eloabder-20&linkCode=osi&th=1&psc=1"><img src="https://m.media-amazon.com/images/I/411RbPJWuRL._SL500_.jpg" alt="Product Image"></a><p>WZBB Baby Car Mirror with Light - Remote Control, 360° Adjustable, Shatter Resistant, Clear Night Vision, Easy Installation for Rear Facing Infants and Toddlers</p><p> -22% 0FF </p><p>$27.98</p><a href="https://www.amazon.com/dp/B0DD43HCBS?tag=eloabder-20&linkCode=osi&th=1&psc=1">View Product</a></div>
<div class="product"><a href="https://www.amazon.com/dp/B000JVCJDQ?tag=eloabder-20&linkCode=osi&th=1&psc=1"><img src="https://m.media-amazon.com/images/I/41o-rEGfj5L._SL500_.jpg" alt="Product Image"></a><p>Earth Mama Organic Diaper Balm | Diaper Cream with Calendula | Calm Skin Baby Essentials for Diaper Bag |Multipurpose Baby Ointment, 2-Fluid Ounce (2-Pack)</p><p> -30% 0FF </p><p>$26.58</p><a href="https://www.amazon.com/dp/B000JVCJDQ?tag=eloabder-20&linkCode=osi&th=1&psc=1">View Product</a></div><div class="product"><a href="https://www.amazon.com/dp/B006YTX0HQ?tag=eloabder-20&linkCode=osi&th=1&psc=1"><img src="https://m.media-amazon.com/images/I/41WJwvRm5aL._SL500_.jpg" alt="Product Image"></a><p>Burt's Bees Christmas Gifts, Baby 100% Natural Multipurpose Healing Ointment, Face & Body Baby Ointment – 7.5 Ounce Tub</p><p> -16% 0FF </p><p>$7.59 ($1.01 / Ounce)</p><a href="https://www.amazon.com/dp/B006YTX0HQ?tag=eloabder-20&linkCode=osi&th=1&psc=1">View Product</a></div><div class="product"><a href="https://www.amazon.com/dp/B01HI7VY84?tag=eloabder-20&linkCode=osi&th=1&psc=1"><img src="https://m.media-amazon.com/images/I/41tnCnueEWL._SL500_.jpg" alt="Product Image"></a><p>Aveeno Baby Eczema Therapy Nighttime Moisturizing Body Balm, Nourishing Skin Protectant Soothes & Relieves Dry, Itchy Skin from Eczema, Hypoallergenic, Fragrance- & Steroid-Free, 11 oz</p><p> -28% 0FF </p><p>$19.37 ($1.76 / Ounce)</p><a href="https://www.amazon.com/dp/B01HI7VY84?tag=eloabder-20&linkCode=osi&th=1&psc=1">View Product</a></div><div class="product"><a href="https://www.amazon.com/dp/B078B9JPLX?tag=eloabder-20&linkCode=osi&th=1&psc=1"><img src="https://m.media-amazon.com/images/I/31V-kg6EG5L._SL500_.jpg" alt="Product Image"></a><p>Earth Mama Organic Baby Face Nose & Cheek Balm | Moisturizer with Calendula Oil for Dry Skin Care, Natural Petroleum Jelly Alternative (2-Fluid Ounce)</p><p> -9% 0FF </p><p>$9.99 ($5.00 / Ounce)</p><a href="https://www.amazon.com/dp/B078B9JPLX?tag=eloabder-20&linkCode=osi&th=1&psc=1">View Product</a></div>
<div class="product"><a href="https://www.amazon.com/dp/B0C6V4KH59?tag=eloabder-20&linkCode=osi&th=1&psc=1"><img src="https://m.media-amazon.com/images/I/41-m52lOZwL._SL500_.jpg" alt="Product Image"></a><p>HALO Baby Flex BassiNest, Adjustable Travel Bassinet, Easy Folding, Lightweight with Mattress and Carrying Bag, Morning Mist</p><p> -50% 0FF </p><p>$49.99</p><a href="https://www.amazon.com/dp/B0C6V4KH59?tag=eloabder-20&linkCode=osi&th=1&psc=1">View Product</a></div><div class="product"><a href="https://www.amazon.com/dp/B0C7VRMHYY?tag=eloabder-20&linkCode=osi&th=1&psc=1"><img src="https://m.media-amazon.com/images/I/41XOT8oQMML._SL500_.jpg" alt="Product Image"></a><p>AirClub Bassinet Bedside Sleeper, Baby Crib for Newborn, Baby Bassinets Bedside Sleeper with 4 Auto-Lock & Adjustable Height, Breathable Mesh & Mattress, Bedside Bassinet</p><p> -25% 0FF </p><p>$149.99</p><a href="https://www.amazon.com/dp/B0C7VRMHYY?tag=eloabder-20&linkCode=osi&th=1&psc=1">View Product</a></div><div class="product"><a href="https://www.amazon.com/dp/B0CB3HVPL7?tag=eloabder-20&linkCode=osi&th=1&psc=1"><img src="https://m.media-amazon.com/images/I/41AO8J-9fZL._SL500_.jpg" alt="Product Image"></a><p>Fodoss Baby Bassinets Bedside Sleeper - All Mesh Bedside Bassinet with Wheels, 7 Height Adjustable Baby Bassinet for Infants, Beige</p><p> -10% 0FF </p><p>$89.99</p><a href="https://www.amazon.com/dp/B0CB3HVPL7?tag=eloabder-20&linkCode=osi&th=1&psc=1">View Product</a></div><div class="product"><a href="https://www.amazon.com/dp/B0CXG8NVBP?tag=eloabder-20&linkCode=osi&th=1&psc=1"><img src="https://m.media-amazon.com/images/I/3173PjIYwrL._SL500_.jpg" alt="Product Image"></a><p>Graco® SmartSense™ Soothing Baby Bassinet – Smart Newborn Bassinet Detects and Automatically Responds to Baby's Cries – for Newborn Babies to 6 Months</p><p> -20% 0FF </p><p>$319.99</p><a href="https://www.amazon.com/dp/B0CXG8NVBP?tag=eloabder-20&linkCode=osi&th=1&psc=1">View Product</a></div><div class="product"><a href="https://www.amazon.com/dp/B08K3314ZL?tag=eloabder-20&linkCode=osi&th=1&psc=1"><img src="https://m.media-amazon.com/images/I/41pUDfJ9dAL._SL500_.jpg" alt="Product Image"></a><p>Graco Pack 'n Play Close2Baby Bassinet Playard Features Portable Bassinet Diaper Changer and More, Derby</p><p> -6% 0FF </p><p>$188.09</p><a href="https://www.amazon.com/dp/B08K3314ZL?tag=eloabder-20&linkCode=osi&th=1&psc=1">View Product</a></div><div class="product"><a href="https://www.amazon.com/dp/B0CTKT6641?tag=eloabder-20&linkCode=osi&th=1&psc=1"><img src="https://m.media-amazon.com/images/I/31pNKDUBgDL._SL500_.jpg" alt="Product Image"></a><p>Baby Delight Beside Me Dreamer Bassinet | Bedside Sleeper & Baby Bassinet | 6-Position Height Adjustment | 100% GOTS Certified Organic Cotton Fabric | Organic Mocha</p><p> -22% 0FF </p><p>$139.99</p><a href="https://www.amazon.com/dp/B0CTKT6641?tag=eloabder-20&linkCode=osi&th=1&psc=1">View Product</a></div><div class="product"><a href="https://www.amazon.com/dp/B09XHKL683?tag=eloabder-20&linkCode=osi&th=1&psc=1"><img src="https://m.media-amazon.com/images/I/611wEYRVaUL._SL500_.jpg" alt="Product Image"></a><p>Baby Bassinet Bedside Sleeper, besrey Bedside Bassinet for Newborn Infant with Comfy Mattress, 9 Height Positions, Adjustable Bedside Crib with 360° Swivel Wheels Bassinet for Baby with Storage Basket</p><p> -27% 0FF </p><p>$153.99</p><a href="https://www.amazon.com/dp/B09XHKL683?tag=eloabder-20&linkCode=osi&th=1&psc=1">View Product</a></div>
<div class="product"><a href="https://www.amazon.com/dp/B08CNM6DZT?tag=eloabder-20&linkCode=osi&th=1&psc=1"><img src="https://m.media-amazon.com/images/I/51D5+ArDsWL._SL500_.jpg" alt="Product Image"></a><p>Comfortable Bath Kneeler and Elbow Kneeling Rest Pad for Baby Bathing Parents - Painless Foam Mat with Toy Organizer Pockets - Quick Drying, Foldable, Non-Slip for Baby and Toddler Bathing</p><p> -20% 0FF </p><p>$41.97</p><a href="https://www.amazon.com/dp/B08CNM6DZT?tag=eloabder-20&linkCode=osi&th=1&psc=1">View Product</a></div><div class="product"><a href="https://www.amazon.com/dp/B07FK58QB1?tag=eloabder-20&linkCode=osi&th=1&psc=1"><img src="https://m.media-amazon.com/images/I/41qpzgGaHVL._SL500_.jpg" alt="Product Image"></a><p>Skip Hop Moby Bath Kneeler, Grey</p><p> -20% 0FF </p><p>$14.39</p><a href="https://www.amazon.com/dp/B07FK58QB1?tag=eloabder-20&linkCode=osi&th=1&psc=1">View Product</a></div><div class="product"><a href="https://www.amazon.com/dp/B081T5449V?tag=eloabder-20&linkCode=osi&th=1&psc=1"><img src="https://m.media-amazon.com/images/I/41bxm5Tx9BL._SL500_.jpg" alt="Product Image"></a><p>Toodly Baby Bath Kneeler and Elbow Rest Pad Set - Baby Bath Support for Knees and Elbows - Bath Kneeler Pad with Memory Foam and Bath Toys Organizer - Ideal Bath Kneeling Pad for Bathing Baby - Grey</p><p> -33% 0FF </p><p>$39.99</p><a href="https://www.amazon.com/dp/B081T5449V?tag=eloabder-20&linkCode=osi&th=1&psc=1">View Product</a></div><div class="product"><a href="https://www.amazon.com/dp/B07K1W7WN5?tag=eloabder-20&linkCode=osi&th=1&psc=1"><img src="https://m.media-amazon.com/images/I/31c0BxxJKZL._SL500_.jpg" alt="Product Image"></a><p>Skip Hop Baby Bath All-in-One Elbow Saver and Kneeler, Moby, Grey</p><p> -22% 0FF </p><p>$29.49</p><a href="https://www.amazon.com/dp/B07K1W7WN5?tag=eloabder-20&linkCode=osi&th=1&psc=1">View Product</a></div><div class="product"><a href="https://www.amazon.com/dp/B0CP48MH77?tag=eloabder-20&linkCode=osi&th=1&psc=1"><img src="https://m.media-amazon.com/images/I/41hoDZTiOEL._SL500_.jpg" alt="Product Image"></a><p>Efforest Baby Bath Kneeler and Elbow Rest Pad Set, 1.5" Thick Kneeling Pad for Baby Bath, Bathtub Kneeling pad with Toy Organizer for Knee & Arm Support, Non-Slip Mat for Baby & Toddler Bath</p><p> -50% 0FF </p><p>$17.48</p><a href="https://www.amazon.com/dp/B0CP48MH77?tag=eloabder-20&linkCode=osi&th=1&psc=1">View Product</a></div><div class="product"><a href="https://www.amazon.com/dp/B07WQTV19X?tag=eloabder-20&linkCode=osi&th=1&psc=1"><img src="https://m.media-amazon.com/images/I/41KGpUoWZ-S._SL500_.jpg" alt="Product Image"></a><p>Bath Kneeler and Elbow Rest Pad, 1.75 inch Extra Thick Baby Bath Kneeling Pad and Elbow Pad for Bathtub. Bath Tub Elbow Pad with Infant Toy and Baby Accessories Organizer, Grey</p><p> -13% 0FF </p><p>$34.99</p><a href="https://www.amazon.com/dp/B07WQTV19X?tag=eloabder-20&linkCode=osi&th=1&psc=1">View Product</a></div>
<div class="product"><a href="https://www.amazon.com/dp/B00I3K25R0?tag=eloabder-20&linkCode=osi&th=1&psc=1"><img src="https://m.media-amazon.com/images/I/41wucHZw+xL._SL500_.jpg" alt="Product Image"></a><p>Munchkin® Float & Play Bubbles™ Baby and Toddler Bath Toy, 4 Count</p><p> -35% 0FF </p><p>$6.15</p><a href="https://www.amazon.com/dp/B00I3K25R0?tag=eloabder-20&linkCode=osi&th=1&psc=1">View Product</a></div><div class="product"><a href="https://www.amazon.com/dp/B0C3VFVWYB?tag=eloabder-20&linkCode=osi&th=1&psc=1"><img src="https://m.media-amazon.com/images/I/41Cr35zwy4L._SL500_.jpg" alt="Product Image"></a><p>XY-WQ Bath Toys No Hole, for Infants 6-12& Toddlers 1-3, No Hole Bathtub Toys (Animal Ⅱ, 8 Pcs with Mesh Bag)</p><p> -25% 0FF </p><p>$11.99</p><a href="https://www.amazon.com/dp/B0C3VFVWYB?tag=eloabder-20&linkCode=osi&th=1&psc=1">View Product</a></div><div class="product"><a href="https://www.amazon.com/dp/B0D95ZDWD3?tag=eloabder-20&linkCode=osi&th=1&psc=1"><img src="https://m.media-amazon.com/images/I/51J3Myxu1lL._SL500_.jpg" alt="Product Image"></a><p>candyfouse Baby Whale Bath Toys,Whale Bath Toy Sprinkler, Light Up Bath Toys for Toddlers 1-3, Four Water Spray Patterns, Waterproof Design, Bathtub Fountain Spray Toy, Baby Birthday Shower Gifts</p><p> -40% 0FF </p><p>$5.99</p><a href="https://www.amazon.com/dp/B0D95ZDWD3?tag=eloabder-20&linkCode=osi&th=1&psc=1">View Product</a></div><div class="product"><a href="https://www.amazon.com/dp/B07Z22YMPN?tag=eloabder-20&linkCode=osi&th=1&psc=1"><img src="https://m.media-amazon.com/images/I/5101dLkJnoL._SL500_.jpg" alt="Product Image"></a><p>Toy Boat Bath Toys for Toddlers with 4 Mini Car Toys and 4 Bath Boat Squirters, Kids Ferry Boat for Bathtub Bathroom Pool Beach Toys</p><p> -50% 0FF </p><p>$13.47</p><a href="https://www.amazon.com/dp/B07Z22YMPN?tag=eloabder-20&linkCode=osi&th=1&psc=1">View Product</a></div><div class="product"><a href="https://www.amazon.com/dp/B0C72TGNHL?tag=eloabder-20&linkCode=osi&th=1&psc=1"><img src="https://m.media-amazon.com/images/I/51AOyTHwqrL._SL500_.jpg" alt="Product Image"></a><p>SplashEZ Mold Free Bath Toys for Babies & Toddlers, Car No Hole Bath Toys, Non Squirting Bath Toys No Mold for Tub, Beach, Pool, BPA-Free, Safe, Fun Infant Baby Bath Toys No Holes 0 1 3 6 12 18 Months</p><p> -38% 0FF </p><p>$9.99</p><a href="https://www.amazon.com/dp/B0C72TGNHL?tag=eloabder-20&linkCode=osi&th=1&psc=1">View Product</a></div>
<div class="product"><a href="https://www.amazon.com/dp/B078941ZC8?tag=eloabder-20&linkCode=osi&th=1&psc=1"><img src="https://m.media-amazon.com/images/I/31ltY+yutGL._SL500_.jpg" alt="Product Image"></a><p>Summer by Ingenuity My Bath Seat for Sit-Up Baby Bathing, Sure & Secure Suction Cups, ASTM Safety Tested & Approved, Backrest for Assisted Sitting, Easy Setup & Storage, Aqua</p><p> -34% 0FF </p><p>$23.16</p><a href="https://www.amazon.com/dp/B078941ZC8?tag=eloabder-20&linkCode=osi&th=1&psc=1">View Product</a></div><div class="product"><a href="https://www.amazon.com/dp/B0DCZ4F9MT?tag=eloabder-20&linkCode=osi&th=1&psc=1"><img src="https://m.media-amazon.com/images/I/31BF+egPyoL._SL500_.jpg" alt="Product Image"></a><p>Baby Bath Seat for Babies 6 Months & Up, Bath Seats for Babies Sitting Up, 3 Baby Bath Toys, Open Design, Non-Slip, Compact Toddler Bath Seat.</p><p> -6% 0FF </p><p>$39.99</p><a href="https://www.amazon.com/dp/B0DCZ4F9MT?tag=eloabder-20&linkCode=osi&th=1&psc=1">View Product</a></div><div class="product"><a href="https://www.amazon.com/dp/B0CSCYM2NW?tag=eloabder-20&linkCode=osi&th=1&psc=1"><img src="https://m.media-amazon.com/images/I/31Vbrx5q63L._SL500_.jpg" alt="Product Image"></a><p>Trankerloop Baby Bath Seat, Bath Seat for Baby 6 Month & up, Baby Bath tub Seat with Suction Cups, Non-Slip, Detachable, Pink</p><p> -11% 0FF </p><p>$39.99</p><a href="https://www.amazon.com/dp/B0CSCYM2NW?tag=eloabder-20&linkCode=osi&th=1&psc=1">View Product</a></div><div class="product"><a href="https://www.amazon.com/dp/B0CJF7WSCV?tag=eloabder-20&linkCode=osi&th=1&psc=1"><img src="https://m.media-amazon.com/images/I/41r0TqNTb+L._SL500_.jpg" alt="Product Image"></a><p>BKFEDLU Infant Bath Seat with Thermometer, Suction Cups, Toys - Toddler Bath Chair for Babies 6 Months & Up</p><p> -50% 0FF </p><p>$19.99</p><a href="https://www.amazon.com/dp/B0CJF7WSCV?tag=eloabder-20&linkCode=osi&th=1&psc=1">View Product</a></div><div class="product"><a href="https://www.amazon.com/dp/B0CRYFHT1G?tag=eloabder-20&linkCode=osi&th=1&psc=1"><img src="https://m.media-amazon.com/images/I/41nKT+O2y1L._SL500_.jpg" alt="Product Image"></a><p>Baby Bath Seat LDIIDII Baby Bathtub Seat Infant Bath Seat for Babies 6 Months&Up Sit Up Bathing in Tub,Toddler Bath Seat with Water Thermometer/4 Strong Suction Cup/3 Bath Toys/Shower Cap (Grey)</p><p> -50% 0FF </p><p>$19.99</p><a href="https://www.amazon.com/dp/B0CRYFHT1G?tag=eloabder-20&linkCode=osi&th=1&psc=1">View Product</a></div><div class="product"><a href="https://www.amazon.com/dp/B0D9VMXND1?tag=eloabder-20&linkCode=osi&th=1&psc=1"><img src="https://m.media-amazon.com/images/I/41UIJrNYB2L._SL500_.jpg" alt="Product Image"></a><p>Baby Bath Seat for Babies 6 Months & Up, Non-Slip Toddler Bath Seat for Baby Sitting Up, Safe Baby Bath tub Seat with Suction Cups, Soft Cushion, Baby Bath Chair, Gray</p><p> -13% 0FF </p><p>$39.99</p><a href="https://www.amazon.com/dp/B0D9VMXND1?tag=eloabder-20&linkCode=osi&th=1&psc=1">View Product</a></div><div class="product"><a href="https://www.amazon.com/dp/B0CR78TDQS?tag=eloabder-20&linkCode=osi&th=1&psc=1"><img src="https://m.media-amazon.com/images/I/41nFTXKoQGL._SL500_.jpg" alt="Product Image"></a><p>Wddbb Baby Bath Seat, Bath seat for Babies 6 Months & up, with Thermometer Bath Seats for Babies Sitting up, Non-Slip Toddler Bath Seat for Baby,Baby Bathtub Baby Bath Seats 6-24 Months (Gray)</p><p> -50% 0FF </p><p>$19.98</p><a href="https://www.amazon.com/dp/B0CR78TDQS?tag=eloabder-20&linkCode=osi&th=1&psc=1">View Product</a></div>
<div class="product"><a href="https://www.amazon.com/dp/B073GGVN3Q?tag=eloabder-20&linkCode=osi&th=1&psc=1"><img src="https://m.media-amazon.com/images/I/31vxBAs9CqL._SL500_.jpg" alt="Product Image"></a><p>b&h Baby Thermometer, The Infant Baby Bath Floating Toy Safety Temperature Water Thermometer (Classic Duck)</p><p> -6% 0FF </p><p>$15.99</p><a href="https://www.amazon.com/dp/B073GGVN3Q?tag=eloabder-20&linkCode=osi&th=1&psc=1">View Product</a></div><div class="product"><a href="https://www.amazon.com/dp/B0CBVTGRW2?tag=eloabder-20&linkCode=osi&th=1&psc=1"><img src="https://m.media-amazon.com/images/I/415ogBhdwML._SL500_.jpg" alt="Product Image"></a><p>Nuby Bath and Room Digital Thermometer - Baby Thermometer for Safe and Cozy Bath and Room Temperatures - Penguin</p><p> -20% 0FF </p><p>$11.99</p><a href="https://www.amazon.com/dp/B0CBVTGRW2?tag=eloabder-20&linkCode=osi&th=1&psc=1">View Product</a></div><div class="product"><a href="https://www.amazon.com/dp/B08HWBT9YD?tag=eloabder-20&linkCode=osi&th=1&psc=1"><img src="https://m.media-amazon.com/images/I/31SEPnY30NL._SL500_.jpg" alt="Product Image"></a><p>Doli Yearning Upgrade Baby Bath Thermometer Room Temperature| Water Thermometer|Kids' Bathroom Safety Products| Baby Bath(Seal Shape)℃/℉, LCD</p><p> -28% 0FF </p><p>$12.99</p><a href="https://www.amazon.com/dp/B08HWBT9YD?tag=eloabder-20&linkCode=osi&th=1&psc=1">View Product</a></div><div class="product"><a href="https://www.amazon.com/dp/B0CNCVSKWJ?tag=eloabder-20&linkCode=osi&th=1&psc=1"><img src="https://m.media-amazon.com/images/I/413jcI7ZoZL._SL500_.jpg" alt="Product Image"></a><p>Baby Bath Thermometer, Digital Water Temperature Thermometer with 3 Color Backlit and Temperature Warning, Safety Bath Tube Thermometer Floating Toy for Infant, Toddler</p><p> -7% 0FF </p><p>$12.99</p><a href="https://www.amazon.com/dp/B0CNCVSKWJ?tag=eloabder-20&linkCode=osi&th=1&psc=1">View Product</a></div><div class="product"><a href="https://www.amazon.com/dp/B01MY98912?tag=eloabder-20&linkCode=osi&th=1&psc=1"><img src="https://m.media-amazon.com/images/I/41HQEQLxeCL._SL500_.jpg" alt="Product Image"></a><p>Bath Thermometer - Bath Water Thermometer for Bathtub Baby Safety Water Temperature for Baby Bath - Easy to Use Bath Temperature Thermometer</p><p> -12% 0FF </p><p>$5.25</p><a href="https://www.amazon.com/dp/B01MY98912?tag=eloabder-20&linkCode=osi&th=1&psc=1">View Product</a></div><div class="product"><a href="https://www.amazon.com/dp/B0CYLVX1ZJ?tag=eloabder-20&linkCode=osi&th=1&psc=1"><img src="https://m.media-amazon.com/images/I/41xhSGYiopL._SL500_.jpg" alt="Product Image"></a><p>Pircaath Baby Bath Thermometer & Swimming Turtle Floating Bath Toys, BPA-Free Bath Thermometer Baby Safety, Backlit Display Bathtub Thermometer Baby Water Thermometer, Bath Temperature Toy for Infant</p><p> -17% 0FF </p><p>$9.99</p><a href="https://www.amazon.com/dp/B0CYLVX1ZJ?tag=eloabder-20&linkCode=osi&th=1&psc=1">View Product</a></div><div class="product"><a href="https://www.amazon.com/dp/B07GC7H86T?tag=eloabder-20&linkCode=osi&th=1&psc=1"><img src="https://m.media-amazon.com/images/I/414jIzev-VL._SL500_.jpg" alt="Product Image"></a><p>Baby Bath Thermometer with Room Thermometer - Famidoc FDTH-V0-22 New Upgraded Sensor Technology for Baby Health Bath Tub Thermometer Floating Toy Thermometer (Blue)</p><p> -12% 0FF </p><p>$14.99</p><a href="https://www.amazon.com/dp/B07GC7H86T?tag=eloabder-20&linkCode=osi&th=1&psc=1">View Product</a></div>
<div class="product"><a href="https://www.amazon.com/dp/B00G0KPLZI?tag=eloabder-20&linkCode=osi&th=1&psc=1"><img src="https://m.media-amazon.com/images/I/41X53ExW5-S._SL500_.jpg" alt="Product Image"></a><p>Spasilk Hooded Terry Bathrobe with Booties, Blue Plane, One Size</p><p> -14% 0FF </p><p>$11.99</p><a href="https://www.amazon.com/dp/B00G0KPLZI?tag=eloabder-20&linkCode=osi&th=1&psc=1">View Product</a></div><div class="product"><a href="https://www.amazon.com/dp/B09N7BB9Y6?tag=eloabder-20&linkCode=osi&th=1&psc=1"><img src="https://m.media-amazon.com/images/I/41iGc7gTxlL._SL500_.jpg" alt="Product Image"></a><p>ROMASA Baby Bath Towel Ultra Soft Hooded Towel Highly Absorbent Bathrobe Blanket Toddlers Shower Gifts for Boys Girls- 27.5" x 55" (Yellow)</p><p> -20% 0FF </p><p>$14.39 ($1.27 / Ounce)</p><a href="https://www.amazon.com/dp/B09N7BB9Y6?tag=eloabder-20&linkCode=osi&th=1&psc=1">View Product</a></div>
<div class="product"><a href="https://www.amazon.com/dp/B0C9Q8MXWW?tag=eloabder-20&linkCode=osi&th=1&psc=1"><img src="https://m.media-amazon.com/images/I/31aI3dosJJL._SL500_.jpg" alt="Product Image"></a><p>Baby Bathtub Faucet Cover, Bath Faucet Cover for Kids, Baby Bath Spout Cover, Soft Silicone Bathtub Faucet Safety Toys, Cute Whale, Universal Fit, Make Your Baby's Bath Time Fun and Love It</p><p> -46% 0FF </p><p>$6.99</p><a href="https://www.amazon.com/dp/B0C9Q8MXWW?tag=eloabder-20&linkCode=osi&th=1&psc=1">View Product</a></div><div class="product"><a href="https://www.amazon.com/dp/B07D98DLDV?tag=eloabder-20&linkCode=osi&th=1&psc=1"><img src="https://m.media-amazon.com/images/I/21f3AzvkYLL._SL500_.jpg" alt="Product Image"></a><p>Skip Hop Baby Bath Spout Cover, Universal Fit, Moby, Grey</p><p> -7% 0FF </p><p>$12.99</p><a href="https://www.amazon.com/dp/B07D98DLDV?tag=eloabder-20&linkCode=osi&th=1&psc=1">View Product</a></div><div class="product"><a href="https://www.amazon.com/dp/B0CSYJQ9D6?tag=eloabder-20&linkCode=osi&th=1&psc=1"><img src="https://m.media-amazon.com/images/I/314iWaEh9xL._SL500_.jpg" alt="Product Image"></a><p>Baby Bathtub Faucet Cover, Baby Safety Protection Silicone Toys, Bath Spout Cover Baby Bathtub, Faucet Cover Baby Bathtub Silicone Whale for Kids, Toddler, Infant, Grey Whale</p><p> -20% 0FF </p><p>$7.99</p><a href="https://www.amazon.com/dp/B0CSYJQ9D6?tag=eloabder-20&linkCode=osi&th=1&psc=1">View Product</a></div>
<div class="product"><a href="https://www.amazon.com/dp/B0070WGV9K?tag=eloabder-20&linkCode=osi&th=1&psc=1"><img src="https://m.media-amazon.com/images/I/41pqg6p2q0L._SL500_.jpg" alt="Product Image"></a><p>Regalo Swing Down Bed Rail Guard, with Reinforced Anchor Safety System</p><p> -8% 0FF </p><p>$23.99</p><a href="https://www.amazon.com/dp/B0070WGV9K?tag=eloabder-20&linkCode=osi&th=1&psc=1">View Product</a></div><div class="product"><a href="https://www.amazon.com/dp/B0CWS2NZ3K?tag=eloabder-20&linkCode=osi&th=1&psc=1"><img src="https://m.media-amazon.com/images/I/41OVQSq+N9L._SL500_.jpg" alt="Product Image"></a><p>NUTIKAS Baby Bed Rail Guard for Toddlers - 47" Toddler Bed Side Rails for Twin, Full, Queen Bunk Size Bed Swing Down Bedrail Extral Tall Child Safety Side Railing Guards for Kids</p><p> -27% 0FF </p><p>$35.98</p><a href="https://www.amazon.com/dp/B0CWS2NZ3K?tag=eloabder-20&linkCode=osi&th=1&psc=1">View Product</a></div><div class="product"><a href="https://www.amazon.com/dp/B00MTJWT68?tag=eloabder-20&linkCode=osi&th=1&psc=1"><img src="https://m.media-amazon.com/images/I/21FdaFkL+tL._SL500_.jpg" alt="Product Image"></a><p>Dream On Me Lightweight Mesh Security Adjustable Bed Rail for Toddler, Breathable Mesh Fabric, Suitable for All Types Of Beds, Reinforced Anchor System Bed Guard Rail, White</p><p> -50% 0FF </p><p>$19.98</p><a href="https://www.amazon.com/dp/B00MTJWT68?tag=eloabder-20&linkCode=osi&th=1&psc=1">View Product</a></div><div class="product"><a href="https://www.amazon.com/dp/B07JJP7S3Q?tag=eloabder-20&linkCode=osi&th=1&psc=1"><img src="https://m.media-amazon.com/images/I/41Rn7Sf-wLL._SL500_.jpg" alt="Product Image"></a><p>BANBALOO | Bed Bumper for Toddlers 53" | Bed Rails for Queen, King, Twin, Full-Size Bed | Toddler Bed Bumper | Bumpers for Bed | Bed Rail for Toddlers | Bed Barrier for Toddler | Foam Bumper</p><p> -23% 0FF </p><p>$26.99</p><a href="https://www.amazon.com/dp/B07JJP7S3Q?tag=eloabder-20&linkCode=osi&th=1&psc=1">View Product</a></div>
<div class="product"><a href="https://www.amazon.com/dp/B07SPT3D3J?tag=eloabder-20&linkCode=osi&th=1&psc=1"><img src="https://m.media-amazon.com/images/I/517zG-7ToEL._SL500_.jpg" alt="Product Image"></a><p>Teddy Soft Baby Book Activity Quiet Cloth Books Developmental Toys,Interactive Baby Books for Babies Toddlers Infants kids,Baby Boy Girls Machine Washable Toys Fabric Soft Book Goodnight Gift Box</p><p> -5% 0FF </p><p>$17.95</p><a href="https://www.amazon.com/dp/B07SPT3D3J?tag=eloabder-20&linkCode=osi&th=1&psc=1">View Product</a></div>
<div class="product"><a href="https://www.amazon.com/dp/B00JFTFPHK?tag=eloabder-20&linkCode=osi&th=1&psc=1"><img src="https://m.media-amazon.com/images/I/51O+qRW-KEL._SL500_.jpg" alt="Product Image"></a><p>25pcs 1" Pacifier Suspender Clips, Marrywindix Pacifier Clips for Making Pacifier Holders Bib Clips Toy Holder Silver</p><p> -33% 0FF </p><p>$5.99</p><a href="https://www.amazon.com/dp/B00JFTFPHK?tag=eloabder-20&linkCode=osi&th=1&psc=1">View Product</a></div><div class="product"><a href="https://www.amazon.com/dp/B00W94QLX0?tag=eloabder-20&linkCode=osi&th=1&psc=1"><img src="https://m.media-amazon.com/images/I/51O+qRW-KEL._SL500_.jpg" alt="Product Image"></a><p>50pcs 1" Pacifier Suspender Clips, Marrywindix Pacifier Clips for Making Pacifier Holders Bib Clips Toy Holder Silver</p><p> -40% 0FF </p><p>$8.99</p><a href="https://www.amazon.com/dp/B00W94QLX0?tag=eloabder-20&linkCode=osi&th=1&psc=1">View Product</a></div>
<div class="product"><a href="https://www.amazon.com/dp/B08G4SDDQC?tag=eloabder-20&linkCode=osi&th=1&psc=1"><img src="https://m.media-amazon.com/images/I/41HQSFX14bL._SL500_.jpg" alt="Product Image"></a><p>8-Pack Organic Baby Bandana Drool Bibs for Girls - Super Absorbent Baby Bibs for Baby Girls, Baby Boys, Soft Cotton Bandana Bibs, Baby Drool Bib, Teething Bibs for Infant, Toddler(Muted Pastel)</p><p> -26% 0FF </p><p>$16.96</p><a href="https://www.amazon.com/dp/B08G4SDDQC?tag=eloabder-20&linkCode=osi&th=1&psc=1">View Product</a></div>
<div class="product"><a href="https://www.amazon.com/dp/B08NNDN5GF?tag=eloabder-20&linkCode=osi&th=1&psc=1"><img src="https://m.media-amazon.com/images/I/41ocef4uVmL._SL500_.jpg" alt="Product Image"></a><p>Hudson Baby Unisex Baby Plush Sleeping Bag, Sack, Blanket, Gray Clouds, 18-24 Months</p><p> -37% 0FF </p><p>$10.08</p><a href="https://www.amazon.com/dp/B08NNDN5GF?tag=eloabder-20&linkCode=osi&th=1&psc=1">View Product</a></div><div class="product"><a href="https://www.amazon.com/dp/B0CQMHYCMX?tag=eloabder-20&linkCode=osi&th=1&psc=1"><img src="https://m.media-amazon.com/images/I/41vq0RvJ3yL._SL500_.jpg" alt="Product Image"></a><p>Gerber Baby Girls Flame Resistant Fleece Footed Pajamas 2-Pack, Purple Rainbows</p><p> -6% 0FF </p><p>$16.98</p><a href="https://www.amazon.com/dp/B0CQMHYCMX?tag=eloabder-20&linkCode=osi&th=1&psc=1">View Product</a></div>
<div class="product"><a href="https://www.amazon.com/dp/B0BDRKG478?tag=eloabder-20&linkCode=osi&th=1&psc=1"><img src="https://m.media-amazon.com/images/I/31LBn9SzD9L._SL500_.jpg" alt="Product Image"></a><p>Graco TurboBooster 2.0 Backless Booster Car Seat, Denton</p><p> -29% 0FF </p><p>$20.49</p><a href="https://www.amazon.com/dp/B0BDRKG478?tag=eloabder-20&linkCode=osi&th=1&psc=1">View Product</a></div><div class="product"><a href="https://www.amazon.com/dp/B07C2RNRCJ?tag=eloabder-20&linkCode=osi&th=1&psc=1"><img src="https://m.media-amazon.com/images/I/31CuULOPD4L._SL500_.jpg" alt="Product Image"></a><p>Graco Tranzitions 3 in 1 Harness Booster Seat</p><p> -21% 0FF </p><p>$94.49</p><a href="https://www.amazon.com/dp/B07C2RNRCJ?tag=eloabder-20&linkCode=osi&th=1&psc=1">View Product</a></div>
<div class="product"><a href="https://www.amazon.com/dp/B09H6Y14KH?tag=eloabder-20&linkCode=osi&th=1&psc=1"><img src="https://m.media-amazon.com/images/I/410cJD5cOBL._SL500_.jpg" alt="Product Image"></a><p>Mancro Breastmilk Cooler Bag with Ice Pack, Fits 6 Baby Bottles Up to 9 Ounce Insulated Bottle Bag, Breast Milk on The go Strap, for Nursing Mom Daycare, Black</p><p> -6% 0FF </p><p>$16.99</p><a href="https://www.amazon.com/dp/B09H6Y14KH?tag=eloabder-20&linkCode=osi&th=1&psc=1">View Product</a></div>
<div class="product"><a href="https://www.amazon.com/dp/B006SFUCV8?tag=eloabder-20&linkCode=osi&th=1&psc=1"><img src="https://m.media-amazon.com/images/I/31Uu2+3+7RL._SL500_.jpg" alt="Product Image"></a><p>Munchkin® High Capacity Drying Rack for Baby Bottles and Accessories, White</p><p> -6% 0FF </p><p>$13.75</p><a href="https://www.amazon.com/dp/B006SFUCV8?tag=eloabder-20&linkCode=osi&th=1&psc=1">View Product</a></div><div class="product"><a href="https://www.amazon.com/dp/B0CHJS27KB?tag=eloabder-20&linkCode=osi&th=1&psc=1"><img src="https://m.media-amazon.com/images/I/51CDxHsKEAL._SL500_.jpg" alt="Product Image"></a><p>Termichy Baby Bottle Drying Rack: Large Vertical Bottle Dryer Rack Holder - Space Saving Standing Drying Rack for Baby Bottles and Pump Part Cleaning (Gray)</p><p> -7% 0FF </p><p>$26.99</p><a href="https://www.amazon.com/dp/B0CHJS27KB?tag=eloabder-20&linkCode=osi&th=1&psc=1">View Product</a></div><div class="product"><a href="https://www.amazon.com/dp/B00RQ83N76?tag=eloabder-20&linkCode=osi&th=1&psc=1"><img src="https://m.media-amazon.com/images/I/31bE-Iv6B6L._SL500_.jpg" alt="Product Image"></a><p>Munchkin Fold Baby Bottle Drying Rack - Compact Design Folds Flat for Easy Storage, White/Grey</p><p> -8% 0FF </p><p>$7.76</p><a href="https://www.amazon.com/dp/B00RQ83N76?tag=eloabder-20&linkCode=osi&th=1&psc=1">View Product</a></div><div class="product"><a href="https://www.amazon.com/dp/B00HNVWGNS?tag=eloabder-20&linkCode=osi&th=1&psc=1"><img src="https://m.media-amazon.com/images/I/41oD0n0VKWL._SL500_.jpg" alt="Product Image"></a><p>Dr. Brown's Folding Baby Bottle Drying Rack for Easy Storage, Dry Nipples, Pacifiers and Other Baby Essentials, BPA-free</p><p> -34% 0FF </p><p>$11.89</p><a href="https://www.amazon.com/dp/B00HNVWGNS?tag=eloabder-20&linkCode=osi&th=1&psc=1">View Product</a></div><div class="product"><a href="https://www.amazon.com/dp/B0CMRV5CPZ?tag=eloabder-20&linkCode=osi&th=1&psc=1"><img src="https://m.media-amazon.com/images/I/41XhN13vG4L._SL500_.jpg" alt="Product Image"></a><p>Dr. Brown's Drying Tower, Stand-Up Drying Rack, Countertop Baby Bottle Drying with Organized Storage for Baby Essentials, Space Saving Vertical Rack</p><p> -32% 0FF </p><p>$19.98</p><a href="https://www.amazon.com/dp/B0CMRV5CPZ?tag=eloabder-20&linkCode=osi&th=1&psc=1">View Product</a></div>
<div class="product"><a href="https://www.amazon.com/dp/B0876T9DQZ?tag=eloabder-20&linkCode=osi&th=1&psc=1"><img src="https://m.media-amazon.com/images/I/41EvYRi2WLL._SL500_.jpg" alt="Product Image"></a><p>Philips Avent Premium Fast Bottle Warmer, with Smart Temperature Control, Water Bath Technology, Automatic Shut-Off, Model SCF358</p><p> -20% 0FF </p><p>$39.99</p><a href="https://www.amazon.com/dp/B0876T9DQZ?tag=eloabder-20&linkCode=osi&th=1&psc=1">View Product</a></div><div class="product"><a href="https://www.amazon.com/dp/B0D2X9276K?tag=eloabder-20&linkCode=osi&th=1&psc=1"><img src="https://m.media-amazon.com/images/I/31kRB6a3EoL._SL500_.jpg" alt="Product Image"></a><p>WITGER 8-in-1 Baby Bottle Warmer and Sterilizer - Fast Heating, Accurate Temperature Control, BPA-Free, Defrosting, Food Heating, and Constant Temperature Maintenance.</p><p> -14% 0FF </p><p>$29.99</p><a href="https://www.amazon.com/dp/B0D2X9276K?tag=eloabder-20&linkCode=osi&th=1&psc=1">View Product</a></div><div class="product"><a href="https://www.amazon.com/dp/B09XJBQWQZ?tag=eloabder-20&linkCode=osi&th=1&psc=1"><img src="https://m.media-amazon.com/images/I/41rEmiL1MDL._SL500_.jpg" alt="Product Image"></a><p>Dr. Brown’s™ Insta-Feed™ Bottle Warmer and Sterilizer</p><p> -14% 0FF </p><p>$24.99</p><a href="https://www.amazon.com/dp/B09XJBQWQZ?tag=eloabder-20&linkCode=osi&th=1&psc=1">View Product</a></div><div class="product"><a href="https://www.amazon.com/dp/B0B97M3PX2?tag=eloabder-20&linkCode=osi&th=1&psc=1"><img src="https://m.media-amazon.com/images/I/31D1jFeOavL._SL500_.jpg" alt="Product Image"></a><p>Momcozy Bottle Warmer, Fast Bottle Warmers for All Bottles with Timer, Accurate Temperature Control and Automatic Shut-Off, Multifunctional Bottle Warmer for Breastmilk</p><p> -43% 0FF </p><p>$33.99</p><a href="https://www.amazon.com/dp/B0B97M3PX2?tag=eloabder-20&linkCode=osi&th=1&psc=1">View Product</a></div><div class="product"><a href="https://www.amazon.com/dp/B07YJKWTYW?tag=eloabder-20&linkCode=osi&th=1&psc=1"><img src="https://m.media-amazon.com/images/I/31Rfvw7DMyL._SL500_.jpg" alt="Product Image"></a><p>Bottle Warmer, GROWNSY 8-in-1 Fast Baby Milk Warmer with Timer for Breastmilk or Formula, Accurate Temperature Control, with Defrost, Sterili-zing, Keep, Heat Baby Food Jars Function</p><p> -20% 0FF </p><p>$39.99</p><a href="https://www.amazon.com/dp/B07YJKWTYW?tag=eloabder-20&linkCode=osi&th=1&psc=1">View Product</a></div><div class="product"><a href="https://www.amazon.com/dp/B0BY26RDWQ?tag=eloabder-20&linkCode=osi&th=1&psc=1"><img src="https://m.media-amazon.com/images/I/412nEaDc-cL._SL500_.jpg" alt="Product Image"></a><p>Momcozy Nutri Bottle Warmer, 9-in-1 Baby Bottle Warmer with Night Light, Accurate Temperature to Preserve Fullest Nutrients in Breast Milk, Bottle Warmers for All Bottles with Breastmilk or Formula</p><p> -20% 0FF </p><p>$39.99</p><a href="https://www.amazon.com/dp/B0BY26RDWQ?tag=eloabder-20&linkCode=osi&th=1&psc=1">View Product</a></div><div class="product"><a href="https://www.amazon.com/dp/B00005BXKM?tag=eloabder-20&linkCode=osi&th=1&psc=1"><img src="https://m.media-amazon.com/images/I/31nh2NZoUTL._SL500_.jpg" alt="Product Image"></a><p>The First Years Baby Bottle Warmer and Sterilizer - Pacifier and Bottle Nipple Sanitizer - Feeding Baby Essentials for Formula or Breast Milk - Holds Multiple Sizes</p><p> -10% 0FF </p><p>$19.75</p><a href="https://www.amazon.com/dp/B00005BXKM?tag=eloabder-20&linkCode=osi&th=1&psc=1">View Product</a></div>
<div class="product"><a href="https://www.amazon.com/dp/B0C7FL2XSL?tag=eloabder-20&linkCode=osi&th=1&psc=1"><img src="https://m.media-amazon.com/images/I/3195BfbxF2L._SL500_.jpg" alt="Product Image"></a><p>Motif Medical, Milk Storage Bags, 6 oz Milk Freezer Bag with Easy Pour Spout, BPA Free, Write-On Label - 100 Count</p><p> -20% 0FF </p><p>$15.99</p><a href="https://www.amazon.com/dp/B0C7FL2XSL?tag=eloabder-20&linkCode=osi&th=1&psc=1">View Product</a></div>
<div class="product"><a href="https://www.amazon.com/dp/B08H9QJVNZ?tag=eloabder-20&linkCode=osi&th=1&psc=1"><img src="https://m.media-amazon.com/images/I/31XZwvFZhIL._SL500_.jpg" alt="Product Image"></a><p>Medela Manual breast pump with Flex Shields Harmony Single Hand for More Comfort and Expressing More Milk</p><p> -34% 0FF </p><p>$28.72</p><a href="https://www.amazon.com/dp/B08H9QJVNZ?tag=eloabder-20&linkCode=osi&th=1&psc=1">View Product</a></div><div class="product"><a href="https://www.amazon.com/dp/B0BXH3XF7X?tag=eloabder-20&linkCode=osi&th=1&psc=1"><img src="https://m.media-amazon.com/images/I/41GBdp47u+L._SL500_.jpg" alt="Product Image"></a><p>Momcozy Hands Free Breast Pump S9 Pro Updated, Wearable Breast Pump of Longer Battery Life & LED Display, Double Portable Electric Breast Pump with 2 Modes & 9 Levels - 24mm, 2 Pack Gray</p><p> -31% 0FF </p><p>$95.98</p><a href="https://www.amazon.com/dp/B0BXH3XF7X?tag=eloabder-20&linkCode=osi&th=1&psc=1">View Product</a></div><div class="product"><a href="https://www.amazon.com/dp/B0CNGJMQDD?tag=eloabder-20&linkCode=osi&th=1&psc=1"><img src="https://m.media-amazon.com/images/I/41XS8v-5dyL._SL500_.jpg" alt="Product Image"></a><p>Momcozy Breast Pump Hands Free M5, Wearable Breast Pump of Baby Mouth Double-Sealed Flange with 3 Modes & 9 Levels, Electric Breast Pump Portable - 24mm, 2 Pack Cozy Red</p><p> -23% 0FF </p><p>$199.99 ($100.00 / Count)</p><a href="https://www.amazon.com/dp/B0CNGJMQDD?tag=eloabder-20&linkCode=osi&th=1&psc=1">View Product</a></div><div class="product"><a href="https://www.amazon.com/dp/B0DK9VJCRK?tag=eloabder-20&linkCode=osi&th=1&psc=1"><img src="https://m.media-amazon.com/images/I/41RyWq3DsfL._SL500_.jpg" alt="Product Image"></a><p>Hands Free Breast Pump Wearable MY-375 - Strong Suction, Low Noise, Wearable Breastfeeding Pump with 4 Mode &12 Levels, Portable Electric Breast Pump - 19/21/24mm Insert/Flange, 2 Pack (White)</p><p> -33% 0FF </p><p>$99.99 ($50.00 / Count)</p><a href="https://www.amazon.com/dp/B0DK9VJCRK?tag=eloabder-20&linkCode=osi&th=1&psc=1">View Product</a></div>
<div class="product"><a href="https://www.amazon.com/dp/B0BTZTSMM7?tag=eloabder-20&linkCode=osi&th=1&psc=1"><img src="https://m.media-amazon.com/images/I/41E+gI3y2mL._SL500_.jpg" alt="Product Image"></a><p>Konssy Muslin Nursing Cover for Baby Breastfeeding, Breathable 100% Cotton Breastfeeding Cover with Rigid Hoop for Mother Nursing Apron, Multi-use Carseat Canopy (Summer Wheat)</p><p> -25% 0FF </p><p>$14.99</p><a href="https://www.amazon.com/dp/B0BTZTSMM7?tag=eloabder-20&linkCode=osi&th=1&psc=1">View Product</a></div><div class="product"><a href="https://www.amazon.com/dp/B0CRY93RSV?tag=eloabder-20&linkCode=osi&th=1&psc=1"><img src="https://m.media-amazon.com/images/I/31GF3tvRWjL._SL500_.jpg" alt="Product Image"></a><p>Konssy Knit Nursing Cover for Breastfeeding, 360 Full Privacy Breathable Breastfeeding Cover, Multi-use Carseat Canopy(Beige)</p><p> -25% 0FF </p><p>$14.99</p><a href="https://www.amazon.com/dp/B0CRY93RSV?tag=eloabder-20&linkCode=osi&th=1&psc=1">View Product</a></div><div class="product"><a href="https://www.amazon.com/dp/B0CYM1Y178?tag=eloabder-20&linkCode=osi&th=1&psc=1"><img src="https://m.media-amazon.com/images/I/41BlDYTW3hL._SL500_.jpg" alt="Product Image"></a><p>Comfy Cubs Nursing Cover for Baby Breastfeeding - 100% Muslin Cotton, Soft & Breathable Cotton, Breastfeeding Pumping Cover for Mom, with Rigid Hoop - Privacy Unisex Lightweight Wrap (Pacific Blue)</p><p> -48% 0FF </p><p>$12.99</p><a href="https://www.amazon.com/dp/B0CYM1Y178?tag=eloabder-20&linkCode=osi&th=1&psc=1">View Product</a></div><div class="product"><a href="https://www.amazon.com/dp/B074M6FRND?tag=eloabder-20&linkCode=osi&th=1&psc=1"><img src="https://m.media-amazon.com/images/I/51odoDcAZ9L._SL500_.jpg" alt="Product Image"></a><p>Baby Nursing Cover & Nursing Poncho - Multi Use Cover for Baby Car Seat Canopy, Shopping Cart Cover, Stroller Cover, 360° Full Privacy Breastfeeding Coverage, Baby Shower Gifts for Boy&Girl</p><p> -30% 0FF </p><p>$13.95</p><a href="https://www.amazon.com/dp/B074M6FRND?tag=eloabder-20&linkCode=osi&th=1&psc=1">View Product</a></div><div class="product"><a href="https://www.amazon.com/dp/B0CB15QFNL?tag=eloabder-20&linkCode=osi&th=1&psc=1"><img src="https://m.media-amazon.com/images/I/31GyAL5zSlL._SL500_.jpg" alt="Product Image"></a><p>Breathable Car Seat Cover for Babies – Multi-Purpose Soft Rayon Nursing Cover for Breastfeeding, High Stretchy Infant Carseat Canopy, Stroller Cover (Smooth Rayon, Blush)</p><p> -20% 0FF </p><p>$7.99</p><a href="https://www.amazon.com/dp/B0CB15QFNL?tag=eloabder-20&linkCode=osi&th=1&psc=1">View Product</a></div>
<div class="product"><a href="https://www.amazon.com/dp/B00PC3K7OE?tag=eloabder-20&linkCode=osi&th=1&psc=1"><img src="https://m.media-amazon.com/images/I/41Ysisnr8oL._SL500_.jpg" alt="Product Image"></a><p>My Brest Friend Nursing Pillow - Deluxe - Enhanced Comfort w/ Slipcover - Ergonomic Breastfeeding Pillow For Ultimate Support For Mom & Baby - Adjustable Pillow W/ Handy Side Pocket, Evening Grey</p><p> -6% 0FF </p><p>$49.99</p><a href="https://www.amazon.com/dp/B00PC3K7OE?tag=eloabder-20&linkCode=osi&th=1&psc=1">View Product</a></div><div class="product"><a href="https://www.amazon.com/dp/B0B2W7X465?tag=eloabder-20&linkCode=osi&th=1&psc=1"><img src="https://m.media-amazon.com/images/I/41TWXbEgaJL._SL500_.jpg" alt="Product Image"></a><p>Momcozy Nursing Pillow for Breastfeeding, Original Plus Size Breastfeeding Pillows for More Support for Mom and Baby, with Adjustable Waist Strap and Removable Cotton Cover, Grey</p><p> -17% 0FF </p><p>$39.99</p><a href="https://www.amazon.com/dp/B0B2W7X465?tag=eloabder-20&linkCode=osi&th=1&psc=1">View Product</a></div><div class="product"><a href="https://www.amazon.com/dp/B08LF56YHJ?tag=eloabder-20&linkCode=osi&th=1&psc=1"><img src="https://m.media-amazon.com/images/I/31pJjCYHNMS._SL500_.jpg" alt="Product Image"></a><p>My Brest Friend Super Deluxe Nursing Pillow - Enhanced Comfort & Ergonomic Breastfeeding Pillow for Ultimate Support For Mom & Baby - Adjustable and with Handy Side Pocket, Platinum</p><p> -8% 0FF </p><p>$59.99</p><a href="https://www.amazon.com/dp/B08LF56YHJ?tag=eloabder-20&linkCode=osi&th=1&psc=1">View Product</a></div><div class="product"><a href="https://www.amazon.com/dp/B0C3RWRCQM?tag=eloabder-20&linkCode=osi&th=1&psc=1"><img src="https://m.media-amazon.com/images/I/516Q+AKi5kL._SL500_.jpg" alt="Product Image"></a><p>PILLANI Nursing Pillow, Plus Size Breastfeeding Pillows for Enhanced Support & Comfort for Mom & Baby, Removable Cotton Cover, Adjustable Waist Strap, Breastfeeding Essentials, Baby Registry Search</p><p> -20% 0FF </p><p>$31.99</p><a href="https://www.amazon.com/dp/B0C3RWRCQM?tag=eloabder-20&linkCode=osi&th=1&psc=1">View Product</a></div><div class="product"><a href="https://www.amazon.com/dp/B0CPVDN3J3?tag=eloabder-20&linkCode=osi&th=1&psc=1"><img src="https://m.media-amazon.com/images/I/41sq3SZUjlL._SL500_.jpg" alt="Product Image"></a><p>Momcozy Original Nursing Pillow and Positioner, Plus Size Breast Feeding Pillow for More Support for Mom and Baby Boy or Girl，Baby Essentials for Nursing or Bottle Feeding and Removable Cotton Cover</p><p> -15% 0FF </p><p>$39.99</p><a href="https://www.amazon.com/dp/B0CPVDN3J3?tag=eloabder-20&linkCode=osi&th=1&psc=1">View Product</a></div><div class="product"><a href="https://www.amazon.com/dp/B00PC3JYQQ?tag=eloabder-20&linkCode=osi&th=1&psc=1"><img src="https://m.media-amazon.com/images/I/51AoteowPXL._SL500_.jpg" alt="Product Image"></a><p>My Brest Friend Original Nursing Pillow Enhanced Ergonomics Essential Breastfeeding Pillow Support For Mom & Baby W/ Convenient Side Pocket, Double Straps & slipcover, Midnight Poppy</p><p> -7% 0FF </p><p>$41.99</p><a href="https://www.amazon.com/dp/B00PC3JYQQ?tag=eloabder-20&linkCode=osi&th=1&psc=1">View Product</a></div>
<div class="product"><a href="https://www.amazon.com/dp/B09KRKGJ3S?tag=eloabder-20&linkCode=osi&th=1&psc=1"><img src="https://m.media-amazon.com/images/I/41fXKHSGeCL._SL500_.jpg" alt="Product Image"></a><p>Looxii Muslin Burp Cloths 100% Cotton Large 20''x10'' Extra Soft and Absorbent 6 Pack Baby Burping Cloth for Boys Girls (Dark Green)</p><p> -6% 0FF </p><p>$13.14</p><a href="https://www.amazon.com/dp/B09KRKGJ3S?tag=eloabder-20&linkCode=osi&th=1&psc=1">View Product</a></div><div class="product"><a href="https://www.amazon.com/dp/B0CLPGQWNB?tag=eloabder-20&linkCode=osi&th=1&psc=1"><img src="https://m.media-amazon.com/images/I/416sGTkqHRL._SL500_.jpg" alt="Product Image"></a><p>Comfy Cubs Muslin Burp Cloths Large 100% Cotton Hand Washcloths for Babies, Baby Essentials 6 Layers Extra Absorbent and Soft Boys & Girls Baby Bibs & Burp Cloths Set (Multicolor, 10-Pack, 20" X10")</p><p> -33% 0FF </p><p>$19.99</p><a href="https://www.amazon.com/dp/B0CLPGQWNB?tag=eloabder-20&linkCode=osi&th=1&psc=1">View Product</a></div><div class="product"><a href="https://www.amazon.com/dp/B0CNKWNY43?tag=eloabder-20&linkCode=osi&th=1&psc=1"><img src="https://m.media-amazon.com/images/I/31iZQ-IdT6L._SL500_.jpg" alt="Product Image"></a><p>Comfy Cubs Burp Cloths 6 Pack Large 100% Cotton Washcloths Double Layered Absorbent Burping Cloth Extra Absorbent Baby Burp Cloth Extra Soft for Boys and Girls (Multicolor Girl, Pack of 6)</p><p> -40% 0FF </p><p>$14.99 ($2.50 / Count)</p><a href="https://www.amazon.com/dp/B0CNKWNY43?tag=eloabder-20&linkCode=osi&th=1&psc=1">View Product</a></div>
<div class="product"><a href="https://www.amazon.com/dp/B096NZHHVR?tag=eloabder-20&linkCode=osi&th=1&psc=1"><img src="https://m.media-amazon.com/images/I/41PxfLKcdWL._SL500_.jpg" alt="Product Image"></a><p>Meolsaek Car Seat Protector for Child Car Seat, 600D Fabric Waterproof Car Seat Cover with Non-Slip Backing, Under Baby Car Seat from Pressure Marks</p><p> -15% 0FF </p><p>$33.97</p><a href="https://www.amazon.com/dp/B096NZHHVR?tag=eloabder-20&linkCode=osi&th=1&psc=1">View Product</a></div><div class="product"><a href="https://www.amazon.com/dp/B096PGXGB4?tag=eloabder-20&linkCode=osi&th=1&psc=1"><img src="https://m.media-amazon.com/images/I/31Y4e9zhROS._SL500_.jpg" alt="Product Image"></a><p>XHYANG Car Seat Protector 1 Pack Car Seat Cushion Mat Thickest Padding,Waterproof 600D Fabric Car Seat Covers for Non-Slip Backing Mesh Pockets for Baby and Pet (1 Seat Protector)</p><p> -24% 0FF </p><p>$17.95</p><a href="https://www.amazon.com/dp/B096PGXGB4?tag=eloabder-20&linkCode=osi&th=1&psc=1">View Product</a></div><div class="product"><a href="https://www.amazon.com/dp/B09828NDRS?tag=eloabder-20&linkCode=osi&th=1&psc=1"><img src="https://m.media-amazon.com/images/I/31ua+nTGAXL._SL500_.jpg" alt="Product Image"></a><p>XHYANG Car Seat Protector,Auto Car Seat Protectors Baby Carseat Waterproof Durable 600D Fabric for Child Baby Car Seat Mat Vehicle Pet Cover 2 Storage Pockets (1 Pack)</p><p> -31% 0FF </p><p>$17.99</p><a href="https://www.amazon.com/dp/B09828NDRS?tag=eloabder-20&linkCode=osi&th=1&psc=1">View Product</a></div><div class="product"><a href="https://www.amazon.com/dp/B0CB14PHZT?tag=eloabder-20&linkCode=osi&th=1&psc=1"><img src="https://m.media-amazon.com/images/I/31lC1dggTTL._SL500_.jpg" alt="Product Image"></a><p>Breathable Car Seat Cover for Babies – Multi-Purpose Soft Rayon Nursing Cover for Breastfeeding, High Stretchy Infant Carseat Canopy, Stroller Cover (Smooth Rayon, Roman Green)</p><p> -20% 0FF </p><p>$7.19</p><a href="https://www.amazon.com/dp/B0CB14PHZT?tag=eloabder-20&linkCode=osi&th=1&psc=1">View Product</a></div><div class="product"><a href="https://www.amazon.com/dp/B08H4WCFXV?tag=eloabder-20&linkCode=osi&th=1&psc=1"><img src="https://m.media-amazon.com/images/I/516mz-4vqgL._SL500_.jpg" alt="Product Image"></a><p>Yoofoss Baby Car Seat Cover Winter Carseat Canopies Cover to Protect Baby from Cold Wind, Super Warm Plush Fleece Baby Carrier Cover for Infant Boys Girls (Black)</p><p> -11% 0FF </p><p>$32.99</p><a href="https://www.amazon.com/dp/B08H4WCFXV?tag=eloabder-20&linkCode=osi&th=1&psc=1">View Product</a></div>

<div class="product"><a href="https://www.amazon.com/dp/B07W6JGDYW?tag=eloabder-20&linkCode=osi&th=1&psc=1"><img src="https://m.media-amazon.com/images/I/41H2tKos7SL._SL500_.jpg" alt="Product Image"></a><p>Kaiphy Car Seat Protector - Seat Protection Mat - Thick Padding - Durable, Waterproof Fabric, Leather Reinforced Corners & 3 Pockets for Handy Storage Black</p><p> -46% 0FF </p><p>$13.97</p><a href="https://www.amazon.com/dp/B07W6JGDYW?tag=eloabder-20&linkCode=osi&th=1&psc=1">View Product</a></div><div class="product"><a href="https://www.amazon.com/dp/B0D5XFHH28?tag=eloabder-20&linkCode=osi&th=1&psc=1"><img src="https://m.media-amazon.com/images/I/31XhcmIiWAL._SL500_.jpg" alt="Product Image"></a><p>Car Seat Protector, Carseat Seat Protectors with Thick Padding and Upgraded Non-Slip Backing, Waterproof Seat Protector under Baby Car Seat, 600D Fabric Car Seat Covers with Storage Pockets for Baby</p><p> -20% 0FF </p><p>$13.59</p><a href="https://www.amazon.com/dp/B0D5XFHH28?tag=eloabder-20&linkCode=osi&th=1&psc=1">View Product</a></div><div class="product"><a href="https://www.amazon.com/dp/B07JBQBVL6?tag=eloabder-20&linkCode=osi&th=1&psc=1"><img src="https://m.media-amazon.com/images/I/31PZj+OEfjL._SL500_.jpg" alt="Product Image"></a><p>Car Seat Protector for Baby Child Car Seats, Shynerk Auto Seat Cover Mat for Under Carseat to Protect Automotive Vehicle Leather and Cloth Upholstery - Waterproof and Dirt Resistant</p><p> -33% 0FF </p><p>$19.99</p><a href="https://www.amazon.com/dp/B07JBQBVL6?tag=eloabder-20&linkCode=osi&th=1&psc=1">View Product</a></div>
<div class="product"><a href="https://www.amazon.com/dp/B00O64QJOC?tag=eloabder-20&linkCode=osi&th=1&psc=1"><img src="https://m.media-amazon.com/images/I/21l2K1fjgyL._SL500_.jpg" alt="Product Image"></a><p>Munchkin® Secure Grip™ Contoured Baby Diaper Changing Pad for Dresser, Waterproof, 16" x 31"</p><p> -10% 0FF </p><p>$31.49</p><a href="https://www.amazon.com/dp/B00O64QJOC?tag=eloabder-20&linkCode=osi&th=1&psc=1">View Product</a></div><div class="product"><a href="https://www.amazon.com/dp/B0DF1W28C5?tag=eloabder-20&linkCode=osi&th=1&psc=1"><img src="https://m.media-amazon.com/images/I/31F+H+AlPWL._SL500_.jpg" alt="Product Image"></a><p>Blissful Diary Vegan Leather Baby Changing Pad with Waterproof & Wipe-Clean PU Cover, Standard Size Cozy Baby Changing Table Pads for Dressers/Tables, Taupe</p><p> -13% 0FF </p><p>$34.99</p><a href="https://www.amazon.com/dp/B0DF1W28C5?tag=eloabder-20&linkCode=osi&th=1&psc=1">View Product</a></div><div class="product"><a href="https://www.amazon.com/dp/B0B45JKHGG?tag=eloabder-20&linkCode=osi&th=1&psc=1"><img src="https://m.media-amazon.com/images/I/41i2u89FqBL._SL500_.jpg" alt="Product Image"></a><p>YENING Baby Diaper Changing Pad for Dresser Top with Cover Waterproof Lining Foam Contoured Changing Table Pads Topper 31" x 16" Grey</p><p> -33% 0FF </p><p>$26.98</p><a href="https://www.amazon.com/dp/B0B45JKHGG?tag=eloabder-20&linkCode=osi&th=1&psc=1">View Product</a></div>
<div class="product"><a href="https://www.amazon.com/dp/B0D3BPZ77F?tag=eloabder-20&linkCode=osi&th=1&psc=1"><img src="https://m.media-amazon.com/images/I/41-+eE90DeL._SL500_.jpg" alt="Product Image"></a><p>Baby Changing Table, Versatile Folding Changing Table, Waterproof Diaper Changing Station, Adjustable Height with 2 Drawers,Baby Changing Station, Mobile Nursery for Infant and Newborn</p><p> -30% 0FF </p><p>$159.99</p><a href="https://www.amazon.com/dp/B0D3BPZ77F?tag=eloabder-20&linkCode=osi&th=1&psc=1">View Product</a></div><div class="product"><a href="https://www.amazon.com/dp/B073YB522V?tag=eloabder-20&linkCode=osi&th=1&psc=1"><img src="https://m.media-amazon.com/images/I/41IwxC2WttS._SL500_.jpg" alt="Product Image"></a><p>Delta Children Eclipse Changing Table with Changing Pad, Grey</p><p> -44% 0FF </p><p>$79.00</p><a href="https://www.amazon.com/dp/B073YB522V?tag=eloabder-20&linkCode=osi&th=1&psc=1">View Product</a></div><div class="product"><a href="https://www.amazon.com/dp/B075ZVTJ3D?tag=eloabder-20&linkCode=osi&th=1&psc=1"><img src="https://m.media-amazon.com/images/I/41Ig2EwFThL._SL500_.jpg" alt="Product Image"></a><p>Dream On Me Emily Changing Table In Steel Grey, Comes With 1" Changing Pad, Features Two Shelves, Portable Changing Station, Made Of Sustainable New Zealand Pinewood</p><p> -21% 0FF </p><p>$69.99</p><a href="https://www.amazon.com/dp/B075ZVTJ3D?tag=eloabder-20&linkCode=osi&th=1&psc=1">View Product</a></div><div class="product"><a href="https://www.amazon.com/dp/B08HMJCHCT?tag=eloabder-20&linkCode=osi&th=1&psc=1"><img src="https://m.media-amazon.com/images/I/31aqc05wT6L._SL500_.jpg" alt="Product Image"></a><p>Storkcraft Brookside 2 Drawer Changing Table Dresser (Pebble Gray) – GREENGUARD Gold Certified, Easy-to-Match Chest of Drawers and Cubbies for Nursery and Kids Bedroom, Includes Changing Table Topper</p><p> -31% 0FF </p><p>$151.29</p><a href="https://www.amazon.com/dp/B08HMJCHCT?tag=eloabder-20&linkCode=osi&th=1&psc=1">View Product</a></div><div class="product"><a href="https://www.amazon.com/dp/B005OSHTSO?tag=eloabder-20&linkCode=osi&th=1&psc=1"><img src="https://m.media-amazon.com/images/I/41ckUWX71DL._SL500_.jpg" alt="Product Image"></a><p>Badger Basket Modern Baby Changing Table with Laundry Hamper, 3 Storage Drawers and Pad, Diaper Change Station - White/White</p><p> -32% 0FF </p><p>$128.99</p><a href="https://www.amazon.com/dp/B005OSHTSO?tag=eloabder-20&linkCode=osi&th=1&psc=1">View Product</a></div><div class="product"><a href="https://www.amazon.com/dp/B08HHFZ5JJ?tag=eloabder-20&linkCode=osi&th=1&psc=1"><img src="https://m.media-amazon.com/images/I/31oH0mt34ML._SL500_.jpg" alt="Product Image"></a><p>Graco Noah 3 Drawer Chest with Changing Topper (White) – GREENGUARD Gold Certified, Baby Dresser With Changing Table Top, Dresser for Nursery, 3 Drawer Kids Dresser</p><p> -24% 0FF </p><p>$188.75</p><a href="https://www.amazon.com/dp/B08HHFZ5JJ?tag=eloabder-20&linkCode=osi&th=1&psc=1">View Product</a></div>
<div class="product"><a href="https://www.amazon.com/dp/B0BVHMHH4X?tag=eloabder-20&linkCode=osi&th=1&psc=1"><img src="https://m.media-amazon.com/images/I/41AOdI5vSML._SL500_.jpg" alt="Product Image"></a><p>TAHAVICE 1 Pack Over The Door Organizer, Bathroom Organizers and Storage with 5 Pockets 10 Mesh Pockets, 50 lbs Weight Capacity Stuffed Animal Storage for Nursery Newborn Baby Essential</p><p> -20% 0FF </p><p>$15.98</p><a href="https://www.amazon.com/dp/B0BVHMHH4X?tag=eloabder-20&linkCode=osi&th=1&psc=1">View Product</a></div><div class="product"><a href="https://www.amazon.com/dp/B06XJ343CC?tag=eloabder-20&linkCode=osi&th=1&psc=1"><img src="https://m.media-amazon.com/images/I/31zbpeWMpnL._SL500_.jpg" alt="Product Image"></a><p>20 Pack Clothing Rack Size Dividers, Wardrobe Round Hangers Label Closet Dividers with 1 Piece Marker Pen for Clothes Organization(White, Blank)</p><p> -14% 0FF </p><p>$8.59 ($0.43 / Count)</p><a href="https://www.amazon.com/dp/B06XJ343CC?tag=eloabder-20&linkCode=osi&th=1&psc=1">View Product</a></div><div class="product"><a href="https://www.amazon.com/dp/B09H4JTQC7?tag=eloabder-20&linkCode=osi&th=1&psc=1"><img src="https://m.media-amazon.com/images/I/51pFCzWgo3L._SL500_.jpg" alt="Product Image"></a><p>Pro Goleem Baby Closet Dividers Unisex Baby Closet Organizer for Nursery Baby Clothes Size Age Dividers Fits 1.5" Rod 6 PCS</p><p> -20% 0FF </p><p>$7.99</p><a href="https://www.amazon.com/dp/B09H4JTQC7?tag=eloabder-20&linkCode=osi&th=1&psc=1">View Product</a></div><div class="product"><a href="https://www.amazon.com/dp/B0DDTSNXNM?tag=eloabder-20&linkCode=osi&th=1&psc=1"><img src="https://m.media-amazon.com/images/I/517HtZWlKIL._SL500_.jpg" alt="Product Image"></a><p>Blissful Diary Baby Diaper Caddy Organizer, Cotton Rope Diaper Caddy Basket, Large Baby Shower Caddy for Newborn Boys and Girls, Gift for Baby Shower List, Newborn Essentials Basket, Earthy Rainbow</p><p> -30% 0FF </p><p>$15.99</p><a href="https://www.amazon.com/dp/B0DDTSNXNM?tag=eloabder-20&linkCode=osi&th=1&psc=1">View Product</a></div>
<div class="product"><a href="https://www.amazon.com/dp/B08DN1KTRH?tag=eloabder-20&linkCode=osi&th=1&psc=1"><img src="https://m.media-amazon.com/images/I/510rTaksLXL._SL500_.jpg" alt="Product Image"></a><p>16 Pack Baby Washcloths - Luxury Multicolor Coral Fleece - Extra Absorbent and Soft Wash Clothes for Newborns, Infants and Toddlers - Suitable for Sensitive Skin and New Born - Baby Shower, 10x10 Inch</p><p> -47% 0FF </p><p>$9.99</p><a href="https://www.amazon.com/dp/B08DN1KTRH?tag=eloabder-20&linkCode=osi&th=1&psc=1">View Product</a></div><div class="product"><a href="https://www.amazon.com/dp/B088RBY8Y5?tag=eloabder-20&linkCode=osi&th=1&psc=1"><img src="https://m.media-amazon.com/images/I/31Ku9qSjBCL._SL500_.jpg" alt="Product Image"></a><p>Yoofoss Muslin Burp Cloths for Baby 10 Pack 100% Cotton Baby Washcloths for Boys Girls Large 20''X10'' Super Soft and Absorbent White</p><p> -5% 0FF </p><p>$18.95</p><a href="https://www.amazon.com/dp/B088RBY8Y5?tag=eloabder-20&linkCode=osi&th=1&psc=1">View Product</a></div>
<div class="product"><a href="https://www.amazon.com/dp/B0CMZJ1J4T?tag=eloabder-20&linkCode=osi&th=1&psc=1"><img src="https://m.media-amazon.com/images/I/410bv8kIM8L._SL500_.jpg" alt="Product Image"></a><p>Jay Franco Bluey & Bingo Toddler Comforter Set - 4 Piece Bed Set Includes Sheet Set & Pillow Covers - Super Soft Clouds & Stars Kids Bedding</p><p> -23% 0FF </p><p>$46.49</p><a href="https://www.amazon.com/dp/B0CMZJ1J4T?tag=eloabder-20&linkCode=osi&th=1&psc=1">View Product</a></div><div class="product"><a href="https://www.amazon.com/dp/B00VQ2RLNA?tag=eloabder-20&linkCode=osi&th=1&psc=1"><img src="https://m.media-amazon.com/images/I/513vvaHOurL._SL500_.jpg" alt="Product Image"></a><p>Burt's Bees Baby Infant Reversible Quilt Blanket, Jersey Knit, Soft, 100% Organic Cotton Blankets, with 100% Polyester Fill for Warm Padding, Size 37 x 46 Inch</p><p> -50% 0FF </p><p>$32.49</p><a href="https://www.amazon.com/dp/B00VQ2RLNA?tag=eloabder-20&linkCode=osi&th=1&psc=1">View Product</a></div><div class="product"><a href="https://www.amazon.com/dp/B01GKZO0U4?tag=eloabder-20&linkCode=osi&th=1&psc=1"><img src="https://m.media-amazon.com/images/I/21lI+ZZ6+3L._SL500_.jpg" alt="Product Image"></a><p>Tadpoles Quilted Toddler Comforter | 40" x 60" | Made of 100% Microfiber Polyester (Shell) & 200 GSM Fiberfill | Soft, Breathable & Durable | Ideal for Toddlers (12-48 Months) | Box Pattern in White</p><p> -12% 0FF </p><p>$21.99</p><a href="https://www.amazon.com/dp/B01GKZO0U4?tag=eloabder-20&linkCode=osi&th=1&psc=1">View Product</a></div><div class="product"><a href="https://www.amazon.com/dp/B0BRKBKSB5?tag=eloabder-20&linkCode=osi&th=1&psc=1"><img src="https://m.media-amazon.com/images/I/313gax4ZutL._SL500_.jpg" alt="Product Image"></a><p>ZPECC Toddler Comforter Blanket - 39" x 53" Down Alternative Crib Duvet Set, Includes Child Quilt, Flat Pillow, Bear Stitching</p><p> -26% 0FF </p><p>$18.49</p><a href="https://www.amazon.com/dp/B0BRKBKSB5?tag=eloabder-20&linkCode=osi&th=1&psc=1">View Product</a></div>
<div class="product"><a href="https://www.amazon.com/dp/B0BZVLW3XY?tag=eloabder-20&linkCode=osi&th=1&psc=1"><img src="https://m.media-amazon.com/images/I/41bnCsnrb2L._SL500_.jpg" alt="Product Image"></a><p>Yoofoss Baby Crib Sheets for Boys Girls, Fitted Crib Sheet 2 Pack for Standard Crib and Toddler Mattress, Super Soft Microfiber Baby Sheet 28x52x8in(Green+Leaf)</p><p> -17% 0FF </p><p>$9.99</p><a href="https://www.amazon.com/dp/B0BZVLW3XY?tag=eloabder-20&linkCode=osi&th=1&psc=1">View Product</a></div><div class="product"><a href="https://www.amazon.com/dp/B086YCZN5H?tag=eloabder-20&linkCode=osi&th=1&psc=1"><img src="https://m.media-amazon.com/images/I/41jKlfbIwGL._SL500_.jpg" alt="Product Image"></a><p>Crib Mattress Protector Sheets Fitted Waterproof Crib Mattress Pad Cover, Noiseless & Machine Wash 100% Absorbent Crib/Toddler Mattress Protector Sheet Quilted, White, 52" x 28"</p><p> -11% 0FF </p><p>$11.98</p><a href="https://www.amazon.com/dp/B086YCZN5H?tag=eloabder-20&linkCode=osi&th=1&psc=1">View Product</a></div><div class="product"><a href="https://www.amazon.com/dp/B0CLL7JPTY?tag=eloabder-20&linkCode=osi&th=1&psc=1"><img src="https://m.media-amazon.com/images/I/41X3AyJQqrL._SL500_.jpg" alt="Product Image"></a><p>PINNKKU 3-Piece Crib Bedding Set for Boy Girls, Includes Crib Skirt, Blanket and Crib Sheet, Crib Baby Bedding, Pintuck Pinch Pleat Pink</p><p> -19% 0FF </p><p>$34.99 ($11.66 / Count)</p><a href="https://www.amazon.com/dp/B0CLL7JPTY?tag=eloabder-20&linkCode=osi&th=1&psc=1">View Product</a></div><div class="product"><a href="https://www.amazon.com/dp/B08G3DCPYM?tag=eloabder-20&linkCode=osi&th=1&psc=1"><img src="https://m.media-amazon.com/images/I/51UmAUm+f-L._SL500_.jpg" alt="Product Image"></a><p>Bedtime Originals Mighty Jungle 3Piece Crib Bedding Set, Multicolor (283003V)</p><p> -27% 0FF </p><p>$49.49</p><a href="https://www.amazon.com/dp/B08G3DCPYM?tag=eloabder-20&linkCode=osi&th=1&psc=1">View Product</a></div><div class="product"><a href="https://www.amazon.com/dp/B0BRWWTS3M?tag=eloabder-20&linkCode=osi&th=1&psc=1"><img src="https://m.media-amazon.com/images/I/51WZGfoIsvL._SL500_.jpg" alt="Product Image"></a><p>The Peanutshell 3 Piece Baby Crib Bedding Set for Girls - Newborn, Infant & Toddler Nursery Bed Set Decor with Fitted Crib Sheet, Dust Ruffle, Crib Comforter - Wildest Dreams</p><p> -10% 0FF </p><p>$44.99</p><a href="https://www.amazon.com/dp/B0BRWWTS3M?tag=eloabder-20&linkCode=osi&th=1&psc=1">View Product</a></div>
<div class="product"><a href="https://www.amazon.com/dp/B010S7VZI0?tag=eloabder-20&linkCode=osi&th=1&psc=1"><img src="https://m.media-amazon.com/images/I/31Ll01T4-sL._SL500_.jpg" alt="Product Image"></a><p>Graco Premium Crib & Toddler Mattress – GREENGUARD Gold Certified & CertiPUR-US Certified, Fits All Standard Crib & Toddler Beds, Waterproof Sleep Surface, Machine-Washable Outer Cover for Easy Care</p><p> -25% 0FF </p><p>$89.99</p><a href="https://www.amazon.com/dp/B010S7VZI0?tag=eloabder-20&linkCode=osi&th=1&psc=1">View Product</a></div><div class="product"><a href="https://www.amazon.com/dp/B0030V4Z02?tag=eloabder-20&linkCode=osi&th=1&psc=1"><img src="https://m.media-amazon.com/images/I/416srazdlsL._SL500_.jpg" alt="Product Image"></a><p>Dream On Me Honeycomb Orthopedic Firm Fiber Standard Baby Crib Mattress, Greenguard Gold and JPMA Certified, 5” Fiber Core Optimum Support, Fits Crib and Toddler Bed, Waterproof Vinyl Cover</p><p> -7% 0FF </p><p>$59.87</p><a href="https://www.amazon.com/dp/B0030V4Z02?tag=eloabder-20&linkCode=osi&th=1&psc=1">View Product</a></div><div class="product"><a href="https://www.amazon.com/dp/B0BLK39GTG?tag=eloabder-20&linkCode=osi&th=1&psc=1"><img src="https://m.media-amazon.com/images/I/41U0AL73RKL._SL500_.jpg" alt="Product Image"></a><p>Letmxiu Premium Dual-Sided Crib & Toddler Mattress,100% Knitted Fabric,Premium Fleece-Hypoallergenic,5" Firm Soft Crib Mattress, Non-Toxic Toddler Bed Mattress Fits Standard Cribs & Toddler Beds</p><p> -14% 0FF </p><p>$59.99</p><a href="https://www.amazon.com/dp/B0BLK39GTG?tag=eloabder-20&linkCode=osi&th=1&psc=1">View Product</a></div><div class="product"><a href="https://www.amazon.com/dp/B0BWDRBYL4?tag=eloabder-20&linkCode=osi&th=1&psc=1"><img src="https://m.media-amazon.com/images/I/41dkngPyPEL._SL500_.jpg" alt="Product Image"></a><p>Tiankehan Premium Dual-Sided Baby Crib Mattress and Toddler Mattress - 52" x 27.6" x 5" - Breathable - Firm Soft - Fits Standard Cribs and Toddler Beds</p><p> -14% 0FF </p><p>$59.98</p><a href="https://www.amazon.com/dp/B0BWDRBYL4?tag=eloabder-20&linkCode=osi&th=1&psc=1">View Product</a></div>
<div class="product"><a href="https://www.amazon.com/dp/B0C7T23J3Y?tag=eloabder-20&linkCode=osi&th=1&psc=1"><img src="https://m.media-amazon.com/images/I/41wcurEQD3L._SL500_.jpg" alt="Product Image"></a><p>The Peanutshell Crib Mobile for Girls - Pink and White Musical Baby Crib Mobile with 12 Lullabies, Forest Baby Mobile Crib Little Forest Nursery Decor</p><p> -16% 0FF </p><p>$37.69</p><a href="https://www.amazon.com/dp/B0C7T23J3Y?tag=eloabder-20&linkCode=osi&th=1&psc=1">View Product</a></div><div class="product"><a href="https://www.amazon.com/dp/B0C7SC34Z3?tag=eloabder-20&linkCode=osi&th=1&psc=1"><img src="https://m.media-amazon.com/images/I/41i+L053hPL._SL500_.jpg" alt="Product Image"></a><p>The Peanutshell Crib Mobile for Boys or Girls - Light and Dark Blue Musical Baby Crib Mobile with 12 Lullabies, Ocean Baby Mobile Crib Nautical Nursery Decor</p><p> -11% 0FF </p><p>$39.99</p><a href="https://www.amazon.com/dp/B0C7SC34Z3?tag=eloabder-20&linkCode=osi&th=1&psc=1">View Product</a></div>
<div class="product"><a href="https://www.amazon.com/dp/B07K594Q7W?tag=eloabder-20&linkCode=osi&th=1&psc=1"><img src="https://m.media-amazon.com/images/I/41chCOFT3fL._SL500_.jpg" alt="Product Image"></a><p>Burt's Bees Baby Print Fitted Crib Sheet Organic Cotton BEESNUG - Hello Moon! Prints, Fits Unisex Standard Bed and Toddler Mattress, Infant Essentials, 52 x 28 Inch 1-Pack</p><p> -34% 0FF </p><p>$13.80</p><a href="https://www.amazon.com/dp/B07K594Q7W?tag=eloabder-20&linkCode=osi&th=1&psc=1">View Product</a></div><div class="product"><a href="https://www.amazon.com/dp/B08HYS8HCQ?tag=eloabder-20&linkCode=osi&th=1&psc=1"><img src="https://m.media-amazon.com/images/I/41OJxVS5clL._SL500_.jpg" alt="Product Image"></a><p>KeaBabies 2-Pack Organic Crib Sheets for Boys, Girls, Jersey Fitted Crib Sheet, Baby Crib Sheets Neutral, Cotton Breathable Crib Sheet, Cute Printed Crib Mattress Sheet, Baby Mattress Sheets(Woodland)</p><p> -27% 0FF </p><p>$21.96</p><a href="https://www.amazon.com/dp/B08HYS8HCQ?tag=eloabder-20&linkCode=osi&th=1&psc=1">View Product</a></div><div class="product"><a href="https://www.amazon.com/dp/B07JBRWPRZ?tag=eloabder-20&linkCode=osi&th=1&psc=1"><img src="https://m.media-amazon.com/images/I/41WkDf7XWaL._SL500_.jpg" alt="Product Image"></a><p>American Baby Company 3 Pack Fitted Mini Crib Sheet 24" x 38", Soft Breathable Neutral 100% Cotton Jersey Portable Sheet, Gray Star/Zigzag, for Boys and Girls, Fits Most Pack N Play Mattresses</p><p> -20% 0FF </p><p>$14.34</p><a href="https://www.amazon.com/dp/B07JBRWPRZ?tag=eloabder-20&linkCode=osi&th=1&psc=1">View Product</a></div><div class="product"><a href="https://www.amazon.com/dp/B0BGWX27FP?tag=eloabder-20&linkCode=osi&th=1&psc=1"><img src="https://m.media-amazon.com/images/I/41tRk-EAY-L._SL500_.jpg" alt="Product Image"></a><p>4-Pack Fitted Crib Sheets for Boys and Girls - Breathable, Soft Microfiber Baby Sheets in Grey, Navy and White</p><p> -9% 0FF </p><p>$19.99 ($5.00 / Count)</p><a href="https://www.amazon.com/dp/B0BGWX27FP?tag=eloabder-20&linkCode=osi&th=1&psc=1">View Product</a></div>
<div class="product"><a href="https://www.amazon.com/dp/B082WW1FCQ?tag=eloabder-20&linkCode=osi&th=1&psc=1"><img src="https://m.media-amazon.com/images/I/416EVH-FKwL._SL500_.jpg" alt="Product Image"></a><p>Crib Bed Skirt 28” x 52” with 14” Drop Pleated Dust Ruffle for Baby Boys Girls Elastic Adjustable Fit Toddler Bedskirt Easy On/Off Soft Nursery Standard Crib Bedding Skirts Solid White Crib Skirt</p><p> -18% 0FF </p><p>$17.99</p><a href="https://www.amazon.com/dp/B082WW1FCQ?tag=eloabder-20&linkCode=osi&th=1&psc=1">View Product</a></div><div class="product"><a href="https://www.amazon.com/dp/B000YFU77W?tag=eloabder-20&linkCode=osi&th=1&psc=1"><img src="https://m.media-amazon.com/images/I/31R9qJzse7L._SL500_.jpg" alt="Product Image"></a><p>American Baby Company 100% Natural Cotton Percale Ruffled Crib Skirt, Cream, 52"L x 28"W + 13.5"</p><p> -33% 0FF </p><p>$16.79</p><a href="https://www.amazon.com/dp/B000YFU77W?tag=eloabder-20&linkCode=osi&th=1&psc=1">View Product</a></div><div class="product"><a href="https://www.amazon.com/dp/B0B5YML25P?tag=eloabder-20&linkCode=osi&th=1&psc=1"><img src="https://m.media-amazon.com/images/I/31DyVARAxlL._SL500_.jpg" alt="Product Image"></a><p>Lush Decor Ruffle Crib Skirt, 16" Drop, White</p><p> -26% 0FF </p><p>$28.19</p><a href="https://www.amazon.com/dp/B0B5YML25P?tag=eloabder-20&linkCode=osi&th=1&psc=1">View Product</a></div>
<div class="product"><a href="https://www.amazon.com/dp/B0D8B4FNHF?tag=eloabder-20&linkCode=osi&th=1&psc=1"><img src="https://m.media-amazon.com/images/I/41gmkYMTEaL._SL500_.jpg" alt="Product Image"></a><p>CHICWAY Baby Patter for Sleep, Baby Sleep Soother, Baby Vibrating Soother 3 Vibration Modes & Intensities Help Baby Sleep, Crib Toy, Crib Accessory, Registry Gift, Shower Gift, Newborn Baby Essentials</p><p> -54% 0FF </p><p>$22.91</p><a href="https://www.amazon.com/dp/B0D8B4FNHF?tag=eloabder-20&linkCode=osi&th=1&psc=1">View Product</a></div><div class="product"><a href="https://www.amazon.com/dp/B009UPUFCY?tag=eloabder-20&linkCode=osi&th=1&psc=1"><img src="https://m.media-amazon.com/images/I/41MuYdMqcXL._SL500_.jpg" alt="Product Image"></a><p>Munchkin® Lulla-Vibe™ Vibrating Mattress Pad Sleep Soother</p><p> -9% 0FF </p><p>$27.25</p><a href="https://www.amazon.com/dp/B009UPUFCY?tag=eloabder-20&linkCode=osi&th=1&psc=1">View Product</a></div>

<div class="product"><a href="https://www.amazon.com/dp/B098TWMRNV?tag=eloabder-20&linkCode=osi&th=1&psc=1"><img src="https://m.media-amazon.com/images/I/51eBNBdbFPL._SL500_.jpg" alt="Product Image"></a><p>PILLANI Baby Diaper Bag Backpack - Baby Bag for Boys & Girls - Diaper Backpack - Large Travel Diaper Bags w/Changing Pad - Baby Registry Search & Shower Gifts Newborn Essentials & Items for Mom, Gray</p><p> -37% 0FF </p><p>$34.99</p><a href="https://www.amazon.com/dp/B098TWMRNV?tag=eloabder-20&linkCode=osi&th=1&psc=1">View Product</a></div><div class="product"><a href="https://www.amazon.com/dp/B07HL6FV5F?tag=eloabder-20&linkCode=osi&th=1&psc=1"><img src="https://m.media-amazon.com/images/I/41CpqR1T2iL._SL500_.jpg" alt="Product Image"></a><p>RUVALINO Diaper Bag Backpack - Multifunction Waterproof Travel Essentials, Maternity Baby Bag with Changing Pad & Stroller D-Ring & Pacifier Case - Baby Registry Search/Items & Shower Gifts - Black</p><p> -51% 0FF </p><p>$43.99</p><a href="https://www.amazon.com/dp/B07HL6FV5F?tag=eloabder-20&linkCode=osi&th=1&psc=1">View Product</a></div><div class="product"><a href="https://www.amazon.com/dp/B0BSKZFV8Z?tag=eloabder-20&linkCode=osi&th=1&psc=1"><img src="https://m.media-amazon.com/images/I/41kJJGd0-KL._SL500_.jpg" alt="Product Image"></a><p>Skip Hop Diaper Bag Backpack: Forma, Multi-Function Baby Travel Bag with Changing Pad & Stroller Attachment, Sage</p><p> -6% 0FF </p><p>$74.49</p><a href="https://www.amazon.com/dp/B0BSKZFV8Z?tag=eloabder-20&linkCode=osi&th=1&psc=1">View Product</a></div>
<div class="product"><a href="https://www.amazon.com/dp/B00569GU18?tag=eloabder-20&linkCode=osi&th=1&psc=1"><img src="https://m.media-amazon.com/images/I/41Zx990UFlL._SL500_.jpg" alt="Product Image"></a><p>Boudreaux's Butt Paste Maximum Strength Diaper Rash Cream, Ointment for Baby, 4 oz Tube</p><p> -12% 0FF </p><p>$7.48 ($1.87 / Ounce)</p><a href="https://www.amazon.com/dp/B00569GU18?tag=eloabder-20&linkCode=osi&th=1&psc=1">View Product</a></div><div class="product"><a href="https://www.amazon.com/dp/B00ZQXT4EY?tag=eloabder-20&linkCode=osi&th=1&psc=1"><img src="https://m.media-amazon.com/images/I/31SXI-cW6IL._SL500_.jpg" alt="Product Image"></a><p>Desitin Maximum Strength Baby Diaper Rash Cream, 40% Zinc Oxide for Treatment, Relief & Prevention, Hypoallergenic, Phthalate- & Paraben-Free Paste, Protects Skin for 12 Hours, 4.8 oz</p><p> -38% 0FF </p><p>$7.33 ($1.53 / Ounce)</p><a href="https://www.amazon.com/dp/B00ZQXT4EY?tag=eloabder-20&linkCode=osi&th=1&psc=1">View Product</a></div><div class="product"><a href="https://www.amazon.com/dp/B082QBB8KQ?tag=eloabder-20&linkCode=osi&th=1&psc=1"><img src="https://m.media-amazon.com/images/I/51vNnfQ6MmL._SL500_.jpg" alt="Product Image"></a><p>Aquaphor Baby Diaper Rash Paste - For Serious Diaper Rash and Flare-ups - 3.5 Oz. Tube</p><p> -5% 0FF </p><p>$7.87 ($2.25 / Ounce)</p><a href="https://www.amazon.com/dp/B082QBB8KQ?tag=eloabder-20&linkCode=osi&th=1&psc=1">View Product</a></div><div class="product"><a href="https://www.amazon.com/dp/B00M0N9J20?tag=eloabder-20&linkCode=osi&th=1&psc=1"><img src="https://m.media-amazon.com/images/I/41t50K+y9yL._SL500_.jpg" alt="Product Image"></a><p>Desitin Daily Defense Baby Diaper Rash Cream with Zinc Oxide to Treat, Relieve & Prevent diaper rash, Hypoallergenic, Dye-, Phthalate- & Paraben-Free, 4 oz</p><p> -42% 0FF </p><p>$5.39 ($1.35 / Ounce)</p><a href="https://www.amazon.com/dp/B00M0N9J20?tag=eloabder-20&linkCode=osi&th=1&psc=1">View Product</a></div><div class="product"><a href="https://www.amazon.com/dp/B00Q2MYU9W?tag=eloabder-20&linkCode=osi&th=1&psc=1"><img src="https://m.media-amazon.com/images/I/51PiNmf+vpL._SL500_.jpg" alt="Product Image"></a><p>Aquaphor Baby Diaper Rash Cream, 3-in-1 Diaper Rash Relief, 3.5 Oz Tube</p><p> -17% 0FF </p><p>$18.69 ($1.78 / Ounce)</p><a href="https://www.amazon.com/dp/B00Q2MYU9W?tag=eloabder-20&linkCode=osi&th=1&psc=1">View Product</a></div><div class="product"><a href="https://www.amazon.com/dp/B0B4PNGXFS?tag=eloabder-20&linkCode=osi&th=1&psc=1"><img src="https://m.media-amazon.com/images/I/51BB218LJpL._SL500_.jpg" alt="Product Image"></a><p>Triple Paste Diaper Rash Cream for Baby - 3 oz Tube - Zinc Oxide Ointment Treats, Soothes and Prevents Diaper Rash - Pediatrician-Recommended Hypoallergenic Formula with Soothing Botanicals</p><p> -25% 0FF </p><p>$8.96 ($2.99 / Ounce)</p><a href="https://www.amazon.com/dp/B0B4PNGXFS?tag=eloabder-20&linkCode=osi&th=1&psc=1">View Product</a></div><div class="product"><a href="https://www.amazon.com/dp/B00KFITCXS?tag=eloabder-20&linkCode=osi&th=1&psc=1"><img src="https://m.media-amazon.com/images/I/41Upagho5nL._SL500_.jpg" alt="Product Image"></a><p>The Honest Company Hypoallergenic Diaper Rash Cream | Moisturizing + Calming Zinc Oxide Ointment | NEA Recognized, Cruelty Free | 2.5 oz</p><p> -7% 0FF </p><p>$10.25 ($4.10 / Ounce)</p><a href="https://www.amazon.com/dp/B00KFITCXS?tag=eloabder-20&linkCode=osi&th=1&psc=1">View Product</a></div><div class="product"><a href="https://www.amazon.com/dp/B000LTJRQ8?tag=eloabder-20&linkCode=osi&th=1&psc=1"><img src="https://m.media-amazon.com/images/I/51z4dtHfCgL._SL500_.jpg" alt="Product Image"></a><p>Triple Paste Diaper Rash Cream for Baby - 8 Oz Tub - Zinc Oxide Ointment Treats, Soothes and Prevents Diaper Rash - Pediatrician-Recommended Hypoallergenic Formula with Soothing Botanicals</p><p> -27% 0FF </p><p>$14.53 ($1.82 / Ounce)</p><a href="https://www.amazon.com/dp/B000LTJRQ8?tag=eloabder-20&linkCode=osi&th=1&psc=1">View Product</a></div><div class="product"><a href="https://www.amazon.com/dp/B00BH0PZBG?tag=eloabder-20&linkCode=osi&th=1&psc=1"><img src="https://m.media-amazon.com/images/I/41nENIiSAHL._SL500_.jpg" alt="Product Image"></a><p>Desitin Maximum Strength Baby Diaper Rash Cream with 40% Zinc Oxide for Treatment, Relief & Prevention, Hypoallergenic, Phthalate- & Paraben-Free Paste, 16 oz</p><p> -31% 0FF </p><p>$18.44 ($1.15 / Ounce)</p><a href="https://www.amazon.com/dp/B00BH0PZBG?tag=eloabder-20&linkCode=osi&th=1&psc=1">View Product</a></div><div class="product"><a href="https://www.amazon.com/dp/B000V3MFUY?tag=eloabder-20&linkCode=osi&th=1&psc=1"><img src="https://m.media-amazon.com/images/I/31To+A+IRQL._SL500_.jpg" alt="Product Image"></a><p>Weleda Baby Calendula Diaper Cream, 2.8 Fluid Ounce, Plant Rich Protection with Calendula, Chamomile, Sweet Almond Oil, Lanolin and Zinc Oxide</p><p> -12% 0FF </p><p>$12.32 ($4.40 / Ounce)</p><a href="https://www.amazon.com/dp/B000V3MFUY?tag=eloabder-20&linkCode=osi&th=1&psc=1">View Product</a></div>
<div class="product"><a href="https://www.amazon.com/dp/B012UFN9T6?tag=eloabder-20&linkCode=osi&th=1&psc=1"><img src="https://m.media-amazon.com/images/I/51SxpJF694L._SL500_.jpg" alt="Product Image"></a><p>Nuby Diaper Disposal Bags for Baby - (6-Pack) 50 Count Disposable Bags - Fresh Baby Powder Scent - Blue</p><p> -10% 0FF </p><p>$16.15</p><a href="https://www.amazon.com/dp/B012UFN9T6?tag=eloabder-20&linkCode=osi&th=1&psc=1">View Product</a></div>
<div class="product"><a href="https://www.amazon.com/dp/B0CPR2N8FD?tag=eloabder-20&linkCode=osi&th=1&psc=1"><img src="https://m.media-amazon.com/images/I/41uXmeS+P5L._SL500_.jpg" alt="Product Image"></a><p>Diaper Genie Select Pail Registry Gift Set (White) | Made of Durable Stainless Steel Metal | Includes 2 Jumbo Refills | Holds 1620 Newborn Diapers</p><p> -20% 0FF </p><p>$59.99</p><a href="https://www.amazon.com/dp/B0CPR2N8FD?tag=eloabder-20&linkCode=osi&th=1&psc=1">View Product</a></div><div class="product"><a href="https://www.amazon.com/dp/B0CNS3R8T7?tag=eloabder-20&linkCode=osi&th=1&psc=1"><img src="https://m.media-amazon.com/images/I/31BIw9M8SwL._SL500_.jpg" alt="Product Image"></a><p>Diaper Genie Classic Pail Includes 1 Starter Square Refill That can Hold up to 165 Newborn-Sized Diapers.</p><p> -20% 0FF </p><p>$23.99</p><a href="https://www.amazon.com/dp/B0CNS3R8T7?tag=eloabder-20&linkCode=osi&th=1&psc=1">View Product</a></div><div class="product"><a href="https://www.amazon.com/dp/B0BWGZ7J7W?tag=eloabder-20&linkCode=osi&th=1&psc=1"><img src="https://m.media-amazon.com/images/I/41pqvAOekFL._SL500_.jpg" alt="Product Image"></a><p>Diaper Genie Signature Gift Set | Includes Easy Roll Refill with 48 Bags | Holds Up to 2256 Newborn Diapers</p><p> -41% 0FF </p><p>$52.79</p><a href="https://www.amazon.com/dp/B0BWGZ7J7W?tag=eloabder-20&linkCode=osi&th=1&psc=1">View Product</a></div><div class="product"><a href="https://www.amazon.com/dp/B00821FLT4?tag=eloabder-20&linkCode=osi&th=1&psc=1"><img src="https://m.media-amazon.com/images/I/21an29pWMkL._SL500_.jpg" alt="Product Image"></a><p>Ubbi Steel Diaper Pail, Odor Locking, No Special Bag Required, Award-Winning, Registry Must-Have, White</p><p> -30% 0FF </p><p>$55.99</p><a href="https://www.amazon.com/dp/B00821FLT4?tag=eloabder-20&linkCode=osi&th=1&psc=1">View Product</a></div><div class="product"><a href="https://www.amazon.com/dp/B0BWGWZ2J4?tag=eloabder-20&linkCode=osi&th=1&psc=1"><img src="https://m.media-amazon.com/images/I/317sppbydxL._SL500_.jpg" alt="Product Image"></a><p>Diaper Genie Signature Pail (Grey) Includes 1 Easy Roll Refill with 18 Bags | Holds Up to 846 Newborn-Sized Diapers Per Refill</p><p> -20% 0FF </p><p>$47.99</p><a href="https://www.amazon.com/dp/B0BWGWZ2J4?tag=eloabder-20&linkCode=osi&th=1&psc=1">View Product</a></div>
<div class="product"><a href="https://www.amazon.com/dp/B0083973FK?tag=eloabder-20&linkCode=osi&th=1&psc=1"><img src="https://m.media-amazon.com/images/I/51c+QHPetfL._SL500_.jpg" alt="Product Image"></a><p>Sposie Booster Pads, Stop Overnight Diaper Leaks, Adhesive-Free for Easy repositioning, Helps Reduce Nighttime Diaper Changes and Diaper Rash, Use with Sizes 4-6, 90 ct.</p><p> -20% 0FF </p><p>$39.99 ($0.44 / Count)</p><a href="https://www.amazon.com/dp/B0083973FK?tag=eloabder-20&linkCode=osi&th=1&psc=1">View Product</a></div><div class="product"><a href="https://www.amazon.com/dp/B07V4MZF2W?tag=eloabder-20&linkCode=osi&th=1&psc=1"><img src="https://m.media-amazon.com/images/I/51u-l608rTL._SL500_.jpg" alt="Product Image"></a><p>Dimples Booster Pads, Baby Diaper Doubler with Adhesive - 1 Size Fits All Diapers - Boosts Diaper Absorbency - No More leaks 90 Count (with Adhesive for Secure Fit)</p><p> -15% 0FF </p><p>$27.99 ($0.31 / Count)</p><a href="https://www.amazon.com/dp/B07V4MZF2W?tag=eloabder-20&linkCode=osi&th=1&psc=1">View Product</a></div><div class="product"><a href="https://www.amazon.com/dp/B0CBQQKMS2?tag=eloabder-20&linkCode=osi&th=1&psc=1"><img src="https://m.media-amazon.com/images/I/51IK5dDp++L._SL500_.jpg" alt="Product Image"></a><p>Inspire Ultra Dimples Diaper Booster Pads | Our Most Absorbent Diaper Inserts Ever | Diaper Pads Inserts Overnight or Daytime | Diaper Liners Turn Any Diaper into Super Overnight Diapers for Babies</p><p> -17% 0FF </p><p>$9.99 ($0.48 / Count)</p><a href="https://www.amazon.com/dp/B0CBQQKMS2?tag=eloabder-20&linkCode=osi&th=1&psc=1">View Product</a></div>
<div class="product"><a href="https://www.amazon.com/dp/B0B5WF7S9F?tag=eloabder-20&linkCode=osi&th=1&psc=1"><img src="https://m.media-amazon.com/images/I/41vB5uYpocL._SL500_.jpg" alt="Product Image"></a><p>Mr. Pen- Baby Diaper Caddy Organizer, Car Caddy, Portable Organizer for Changing Table, Nursery</p><p> -14% 0FF </p><p>$12.85</p><a href="https://www.amazon.com/dp/B0B5WF7S9F?tag=eloabder-20&linkCode=osi&th=1&psc=1">View Product</a></div><div class="product"><a href="https://www.amazon.com/dp/B0734LPFJR?tag=eloabder-20&linkCode=osi&th=1&psc=1"><img src="https://m.media-amazon.com/images/I/51TCskU5lyL._SL500_.jpg" alt="Product Image"></a><p>Lily Miles Baby Diaper Caddy - Large Organizer Tote Bag for Baby essentials Boy or Girl - Baby Shower Basket - Nursery Must Haves - Registry Favorites - Newborn Caddie Car Travel</p><p> -17% 0FF </p><p>$24.95</p><a href="https://www.amazon.com/dp/B0734LPFJR?tag=eloabder-20&linkCode=osi&th=1&psc=1">View Product</a></div><div class="product"><a href="https://www.amazon.com/dp/B0D4LRZW48?tag=eloabder-20&linkCode=osi&th=1&psc=1"><img src="https://m.media-amazon.com/images/I/41NadHwjJlL._SL500_.jpg" alt="Product Image"></a><p>KEETDY Large Diaper Pocket Over the Door Organizer for Nursery, Closet Door Hanging Storage, Baby Organizers and Storage for Newborn Essentials & Diaper Organizer, Beige</p><p> -19% 0FF </p><p>$16.99</p><a href="https://www.amazon.com/dp/B0D4LRZW48?tag=eloabder-20&linkCode=osi&th=1&psc=1">View Product</a></div>
<div class="product"><a href="https://www.amazon.com/dp/B01BDQDIGM?tag=eloabder-20&linkCode=osi&th=1&psc=1"><img src="https://m.media-amazon.com/images/I/41ym1o+HI0L._SL500_.jpg" alt="Product Image"></a><p>Munchkin® STEP™ Diaper Pail Powered by Arm & Hammer, #1 in Odor Control, Award-Winning, Includes 1 Snap, Seal & Toss™ Bag, 1 Starter Refill Ring, and 1 PUCK™ Baking Soda Cartridge</p><p> -19% 0FF </p><p>$59.99</p><a href="https://www.amazon.com/dp/B01BDQDIGM?tag=eloabder-20&linkCode=osi&th=1&psc=1">View Product</a></div><div class="product"><a href="https://www.amazon.com/dp/B0CNS3NMT5?tag=eloabder-20&linkCode=osi&th=1&psc=1"><img src="https://m.media-amazon.com/images/I/41VFasXJE-L._SL500_.jpg" alt="Product Image"></a><p>Diaper Genie Select Pail (Blue) is Made of Durable Stainless Steel and Includes 1 Starter Square Refill That can Hold up to 165 Newborn-Sized Diapers.</p><p> -34% 0FF </p><p>$32.79</p><a href="https://www.amazon.com/dp/B0CNS3NMT5?tag=eloabder-20&linkCode=osi&th=1&psc=1">View Product</a></div><div class="product"><a href="https://www.amazon.com/dp/B000RLQZD8?tag=eloabder-20&linkCode=osi&th=1&psc=1"><img src="https://m.media-amazon.com/images/I/41vuQVcyESL._SL500_.jpg" alt="Product Image"></a><p>Diaper Dekor Plus Hands-Free Diaper Pail | White | Easiest to Use | Just Step–Drop–Done | Doesn’t Absorb Odors | 20 Second Bag Change | Most Economical Refill System | Great for Cloth Diapers</p><p> -9% 0FF </p><p>$49.95</p><a href="https://www.amazon.com/dp/B000RLQZD8?tag=eloabder-20&linkCode=osi&th=1&psc=1">View Product</a></div>
<div class="product"><a href="https://www.amazon.com/dp/B016N3PHBO?tag=eloabder-20&linkCode=osi&th=1&psc=1"><img src="https://m.media-amazon.com/images/I/31X8EAoIwzL._SL500_.jpg" alt="Product Image"></a><p>A+D Zinc Oxide Diaper Rash Treatment Cream, Dimenthicone 1%, Zinc Oxide 10%, Easy Spreading Baby Skin Care, 4 Ounce Tube (Packaging May Vary)</p><p> -9% 0FF </p><p>$5.47 ($0.98 / Ounce)</p><a href="https://www.amazon.com/dp/B016N3PHBO?tag=eloabder-20&linkCode=osi&th=1&psc=1">View Product</a></div>
<div class="product"><a href="https://www.amazon.com/dp/B073V5XZHZ?tag=eloabder-20&linkCode=osi&th=1&psc=1"><img src="https://m.media-amazon.com/images/I/41FJH3vX0xL._SL500_.jpg" alt="Product Image"></a><p>hiccapop Hanging Diaper Organizer for Changing Table, Cribs and Walls, Diaper Stacker and Nursery Organizer | Hanging Storage Caddy Organizer for Baby Essentials |</p><p> -14% 0FF </p><p>$29.92</p><a href="https://www.amazon.com/dp/B073V5XZHZ?tag=eloabder-20&linkCode=osi&th=1&psc=1">View Product</a></div>

<div class="product"><a href="https://www.amazon.com/dp/B07MB5PZBF?tag=eloabder-20&linkCode=osi&th=1&psc=1"><img src="https://m.media-amazon.com/images/I/51JYyHL1KML._SL500_.jpg" alt="Product Image"></a><p>Huggies Size 1 Diapers, Little Snugglers Newborn Diapers, Size 1 (8-14 lbs), 32 Count</p><p> -19% 0FF </p><p>$9.94 ($0.31 / Count)</p><a href="https://www.amazon.com/dp/B07MB5PZBF?tag=eloabder-20&linkCode=osi&th=1&psc=1">View Product</a></div><div class="product"><a href="https://www.amazon.com/dp/B07T4WQRNJ?tag=eloabder-20&linkCode=osi&th=1&psc=1"><img src="https://m.media-amazon.com/images/I/41yeY7iBMEL._SL500_.jpg" alt="Product Image"></a><p>Amazon Brand - Mama Bear Gentle Touch Diapers, Hypoallergenic, Size 5, 33 Count, White</p><p> -9% 0FF </p><p>$11.61</p><a href="https://www.amazon.com/dp/B07T4WQRNJ?tag=eloabder-20&linkCode=osi&th=1&psc=1">View Product</a></div><div class="product"><a href="https://www.amazon.com/dp/B0CKV3GLS2?tag=eloabder-20&linkCode=osi&th=1&psc=1"><img src="https://m.media-amazon.com/images/I/51zE6kc5RWL._SL500_.jpg" alt="Product Image"></a><p>The Honest Company Clean Conscious Diapers | Plant-Based, Sustainable | Young at Heart + Rose Blossom | Club Box, Size 2 (12-18 lbs), 72 Count</p><p> -15% 0FF </p><p>$25.49 ($0.35 / Count)</p><a href="https://www.amazon.com/dp/B0CKV3GLS2?tag=eloabder-20&linkCode=osi&th=1&psc=1">View Product</a></div><div class="product"><a href="https://www.amazon.com/dp/B0CHGJ4YVM?tag=eloabder-20&linkCode=osi&th=1&psc=1"><img src="https://m.media-amazon.com/images/I/51eBhAfAr+L._SL500_.jpg" alt="Product Image"></a><p>Huggies Size 1 Diapers, Skin Essentials Baby Diapers, Size 1 (8-14 lbs), 32 Count</p><p> -19% 0FF </p><p>$9.94 ($0.31 / Count)</p><a href="https://www.amazon.com/dp/B0CHGJ4YVM?tag=eloabder-20&linkCode=osi&th=1&psc=1">View Product</a></div>
<div class="product"><a href="https://www.amazon.com/dp/B005OSHTXO?tag=eloabder-20&linkCode=osi&th=1&psc=1"><img src="https://m.media-amazon.com/images/I/41MQMmwwDUL._SL500_.jpg" alt="Product Image"></a><p>Badger Basket Modern Baby Changing Table with Laundry Hamper, 3 Storage Drawers and Pad, Diaper Change Station - Espresso/Ecru</p><p> -35% 0FF </p><p>$122.99</p><a href="https://www.amazon.com/dp/B005OSHTXO?tag=eloabder-20&linkCode=osi&th=1&psc=1">View Product</a></div><div class="product"><a href="https://www.amazon.com/dp/B0C84T1L1F?tag=eloabder-20&linkCode=osi&th=1&psc=1"><img src="https://m.media-amazon.com/images/I/31VUJhNc2fL._SL500_.jpg" alt="Product Image"></a><p>Portable Baby Changing Table with 2 Storage Baskets, BabyBond Foldable Changing Table Dresser Waterproof Diaper Changing Table Height Adjustable Changing Station for Infant and Newborn(Beige)</p><p> -10% 0FF </p><p>$143.99</p><a href="https://www.amazon.com/dp/B0C84T1L1F?tag=eloabder-20&linkCode=osi&th=1&psc=1">View Product</a></div><div class="product"><a href="https://www.amazon.com/dp/B002ACCC52?tag=eloabder-20&linkCode=osi&th=1&psc=1"><img src="https://m.media-amazon.com/images/I/415B3nyWlOS._SL500_.jpg" alt="Product Image"></a><p>Delta Children Eclipse Changing Table with Changing Pad, Black Cherry</p><p> -24% 0FF </p><p>$106.98</p><a href="https://www.amazon.com/dp/B002ACCC52?tag=eloabder-20&linkCode=osi&th=1&psc=1">View Product</a></div>
<div class="product"><a href="https://www.amazon.com/dp/B01AZ20SSQ?tag=eloabder-20&linkCode=osi&th=1&psc=1"><img src="https://m.media-amazon.com/images/I/51gIZq6E8lL._SL500_.jpg" alt="Product Image"></a><p>Baby Trend Sit N' Stand Double Stroller, Onyx</p><p> -30% 0FF </p><p>$139.99</p><a href="https://www.amazon.com/dp/B01AZ20SSQ?tag=eloabder-20&linkCode=osi&th=1&psc=1">View Product</a></div><div class="product"><a href="https://www.amazon.com/dp/B07B7QC8DV?tag=eloabder-20&linkCode=osi&th=1&psc=1"><img src="https://m.media-amazon.com/images/I/41bHbNU6jhL._SL500_.jpg" alt="Product Image"></a><p>Jeep Destination Ultralight Side x Side Double Stroller, Midnight</p><p> -15% 0FF </p><p>$254.00</p><a href="https://www.amazon.com/dp/B07B7QC8DV?tag=eloabder-20&linkCode=osi&th=1&psc=1">View Product</a></div><div class="product"><a href="https://www.amazon.com/dp/B00GJIXW2K?tag=eloabder-20&linkCode=osi&th=1&psc=1"><img src="https://m.media-amazon.com/images/I/518kAj+pzjL._SL500_.jpg" alt="Product Image"></a><p>Delta Children LX Side by Side Stroller - with Recline, Storage & Compact Fold, Grey</p><p> -33% 0FF </p><p>$74.00</p><a href="https://www.amazon.com/dp/B00GJIXW2K?tag=eloabder-20&linkCode=osi&th=1&psc=1">View Product</a></div><div class="product"><a href="https://www.amazon.com/dp/B01L7C479Y?tag=eloabder-20&linkCode=osi&th=1&psc=1"><img src="https://m.media-amazon.com/images/I/51QBKRK7LwL._SL500_.jpg" alt="Product Image"></a><p>Jeep Scout Double Stroller, Charcoal Galaxy</p><p> -8% 0FF </p><p>$109.99</p><a href="https://www.amazon.com/dp/B01L7C479Y?tag=eloabder-20&linkCode=osi&th=1&psc=1">View Product</a></div><div class="product"><a href="https://www.amazon.com/dp/B07BVMSHTZ?tag=eloabder-20&linkCode=osi&th=1&psc=1"><img src="https://m.media-amazon.com/images/I/41arpDdiGJL._SL500_.jpg" alt="Product Image"></a><p>Baby Trend Expedition Double Jogger Stroller, Griffin</p><p> -12% 0FF </p><p>$219.99</p><a href="https://www.amazon.com/dp/B07BVMSHTZ?tag=eloabder-20&linkCode=osi&th=1&psc=1">View Product</a></div><div class="product"><a href="https://www.amazon.com/dp/B095JMDHG1?tag=eloabder-20&linkCode=osi&th=1&psc=1"><img src="https://m.media-amazon.com/images/I/41RzxXFC3zL._SL500_.jpg" alt="Product Image"></a><p>Summer Infant 3Dlite Folding Lightweight Side by Side Double Stroller with 5-Point Safety Harness for Infants and Toddlers, Black</p><p> -10% 0FF </p><p>$143.99</p><a href="https://www.amazon.com/dp/B095JMDHG1?tag=eloabder-20&linkCode=osi&th=1&psc=1">View Product</a></div>
<div class="product"><a href="https://www.amazon.com/dp/B08SQ88X9F?tag=eloabder-20&linkCode=osi&th=1&psc=1"><img src="https://m.media-amazon.com/images/I/614bujHCtPL._SL500_.jpg" alt="Product Image"></a><p>One Fire Night Light for Kids, 96 Lighting Modes Star Projector 360° Rotating+6 Films Kids Night Light Projector,Rechargeable Baby Night Light Ceiling Projector for Bedroom,Kids Gifts&Kids Room Decor</p><p> -29% 0FF </p><p>$14.98</p><a href="https://www.amazon.com/dp/B08SQ88X9F?tag=eloabder-20&linkCode=osi&th=1&psc=1">View Product</a></div><div class="product"><a href="https://www.amazon.com/dp/B07NZN2ZYN?tag=eloabder-20&linkCode=osi&th=1&psc=1"><img src="https://m.media-amazon.com/images/I/51PBHAO+ngL._SL500_.jpg" alt="Product Image"></a><p>Night Light for Kids,Unicorn Night Light Star Projector Gifts for Kids Toddlers,Night Lights Projector for Baby,Unicorn Lamp Ceiling Lights for Girls Bedroom,Night Light for Kids Bedroom(Light Pink)</p><p> -25% 0FF </p><p>$14.99</p><a href="https://www.amazon.com/dp/B07NZN2ZYN?tag=eloabder-20&linkCode=osi&th=1&psc=1">View Product</a></div><div class="product"><a href="https://www.amazon.com/dp/B01LQX0BXA?tag=eloabder-20&linkCode=osi&th=1&psc=1"><img src="https://m.media-amazon.com/images/I/41BcHezl7XL._SL500_.jpg" alt="Product Image"></a><p>Emotionlite Plug in Night Light, Warm White LED Nightlights, Dusk to Dawn Sensor, Kids, Nursery, Bedroom, Bathroom,Hallway, Stairs, Kitchen, UL Listed, 4 Pack</p><p> -17% 0FF </p><p>$9.99 ($2.50 / Count)</p><a href="https://www.amazon.com/dp/B01LQX0BXA?tag=eloabder-20&linkCode=osi&th=1&psc=1">View Product</a></div><div class="product"><a href="https://www.amazon.com/dp/B07H71NHYM?tag=eloabder-20&linkCode=osi&th=1&psc=1"><img src="https://m.media-amazon.com/images/I/412t0Nzaz2L._SL500_.jpg" alt="Product Image"></a><p>2 Pack Sensor LED Night Lights, Color Changing Plug-in Led Mushroom Dream Bed Lamp for Kids Children Adults, Dusk to Dawn Sensor Auto On/Off, Funny Wall Decor Gifts for Nursery Baby Bed Flower Lamp</p><p> -20% 0FF </p><p>$7.99 ($4.00 / Count)</p><a href="https://www.amazon.com/dp/B07H71NHYM?tag=eloabder-20&linkCode=osi&th=1&psc=1">View Product</a></div>
<div class="product"><a href="https://www.amazon.com/dp/B07N1JP56L?tag=eloabder-20&linkCode=osi&th=1&psc=1"><img src="https://m.media-amazon.com/images/I/31R-qSPlk8L._SL500_.jpg" alt="Product Image"></a><p>Fisher-Price Baby Toy Soothe 'n Snuggle Otter Portable Plush Sound Machine with Music Lights & Breathing Motion for Newborns 0+ Months</p><p> -14% 0FF </p><p>$36.99</p><a href="https://www.amazon.com/dp/B07N1JP56L?tag=eloabder-20&linkCode=osi&th=1&psc=1">View Product</a></div><div class="product"><a href="https://www.amazon.com/dp/B006YBHE6M?tag=eloabder-20&linkCode=osi&th=1&psc=1"><img src="https://m.media-amazon.com/images/I/51xjlvsIJlL._SL500_.jpg" alt="Product Image"></a><p>Baby Einstein Sea Dreams Soother, Crib Mount</p><p> -15% 0FF </p><p>$53.99</p><a href="https://www.amazon.com/dp/B006YBHE6M?tag=eloabder-20&linkCode=osi&th=1&psc=1">View Product</a></div><div class="product"><a href="https://www.amazon.com/dp/B075LRC7Z4?tag=eloabder-20&linkCode=osi&th=1&psc=1"><img src="https://m.media-amazon.com/images/I/51n2YwyhfIL._SL500_.jpg" alt="Product Image"></a><p>Soft Dreams Elephant Music and Glow Soother, Grey/Mint</p><p> -17% 0FF </p><p>$19.99</p><a href="https://www.amazon.com/dp/B075LRC7Z4?tag=eloabder-20&linkCode=osi&th=1&psc=1">View Product</a></div><div class="product"><a href="https://www.amazon.com/dp/B0C98SMC3J?tag=eloabder-20&linkCode=osi&th=1&psc=1"><img src="https://m.media-amazon.com/images/I/41FqmVxcrYL._SL500_.jpg" alt="Product Image"></a><p>Baby Sleep Soother Pillow Pets Dream Lites Dinosaur Projector Plush Toys for Boys Girls Baby Sound Machine Stuffed Animal Machine Pillow Ceiling Toys for Toddler</p><p> -17% 0FF </p><p>$19.99</p><a href="https://www.amazon.com/dp/B0C98SMC3J?tag=eloabder-20&linkCode=osi&th=1&psc=1">View Product</a></div>
<div class="product"><a href="https://www.amazon.com/dp/B01HP0JU2G?tag=eloabder-20&linkCode=osi&th=1&psc=1"><img src="https://m.media-amazon.com/images/I/51VRUtudnyL._SL500_.jpg" alt="Product Image"></a><p>Braun ThermoScan 5 Ear Thermometer</p><p> -11% 0FF </p><p>$31.00</p><a href="https://www.amazon.com/dp/B01HP0JU2G?tag=eloabder-20&linkCode=osi&th=1&psc=1">View Product</a></div><div class="product"><a href="https://www.amazon.com/dp/B07YYMBVVC?tag=eloabder-20&linkCode=osi&th=1&psc=1"><img src="https://m.media-amazon.com/images/I/41eqvQ9sQ-L._SL500_.jpg" alt="Product Image"></a><p>Alcedo Forehead and Ear Thermometer for Adults, Kids, and Baby | Digital Infrared Thermometer for Fever | Touchless, Instant Read, Medical Grade | Pouch and Batteries Included</p><p> -17% 0FF </p><p>$24.95</p><a href="https://www.amazon.com/dp/B07YYMBVVC?tag=eloabder-20&linkCode=osi&th=1&psc=1">View Product</a></div>
<div class="product"><a href="https://www.amazon.com/dp/B077QBJNVM?tag=eloabder-20&linkCode=osi&th=1&psc=1"><img src="https://m.media-amazon.com/images/I/41Rrkn2-CKL._SL500_.jpg" alt="Product Image"></a><p>Baby Nail Trimmer 21 in 1, with Labeled case, Includes 13 Extra Replacement Tools, Royal Angels Baby Electric Nail Kit, Baby Nail Care, Nail File Newborn Toddler Toes & Fingernails Clipper (Blue)</p><p> -49% 0FF </p><p>$15.19</p><a href="https://www.amazon.com/dp/B077QBJNVM?tag=eloabder-20&linkCode=osi&th=1&psc=1">View Product</a></div><div class="product"><a href="https://www.amazon.com/dp/B0CL4G33BX?tag=eloabder-20&linkCode=osi&th=1&psc=1"><img src="https://m.media-amazon.com/images/I/41ciCj+3ozL._SL500_.jpg" alt="Product Image"></a><p>Momcozy Baby Nail File Electric, Gentle Baby Nail Trimmer Electric Rechargeable, Baby Nail Clipper Electric, 7 Grinding Head Replacement Pads</p><p> -17% 0FF </p><p>$24.99</p><a href="https://www.amazon.com/dp/B0CL4G33BX?tag=eloabder-20&linkCode=osi&th=1&psc=1">View Product</a></div><div class="product"><a href="https://www.amazon.com/dp/B07B2C8DJD?tag=eloabder-20&linkCode=osi&th=1&psc=1"><img src="https://m.media-amazon.com/images/I/41fgXtsyDWL._SL500_.jpg" alt="Product Image"></a><p>Baby Nail Trimmer Electric Nail File Baby Nail Clippers, Safe Nail Filer Grinder Kit for Newborn Infant Toddler Kids or Adults Toes Fingernails Care Trim Polish, with Led Light and 10 Grinding Heads</p><p> -8% 0FF </p><p>$14.99</p><a href="https://www.amazon.com/dp/B07B2C8DJD?tag=eloabder-20&linkCode=osi&th=1&psc=1">View Product</a></div><div class="product"><a href="https://www.amazon.com/dp/B0D6R6ZPPF?tag=eloabder-20&linkCode=osi&th=1&psc=1"><img src="https://m.media-amazon.com/images/I/41f5Kh-OjGL._SL500_.jpg" alt="Product Image"></a><p>Electric Baby Nail Clippers - 3 in 1 Fingernail Trimmer, Polisher & Clip Storage with Led, USB Rechargeable & 2 Speeds for Baby, Kids, Adult, Seniors, Caregivers</p><p> -15% 0FF </p><p>$23.58</p><a href="https://www.amazon.com/dp/B0D6R6ZPPF?tag=eloabder-20&linkCode=osi&th=1&psc=1">View Product</a></div>
<div class="product"><a href="https://www.amazon.com/dp/B07WY1PGQC?tag=eloabder-20&linkCode=osi&th=1&psc=1"><img src="https://m.media-amazon.com/images/I/414iv2EhSgL._SL500_.jpg" alt="Product Image"></a><p>Dr. Brown's Natural Flow Anti-Colic Options+ Narrow Glass Baby Bottle 8 oz/250 mL, with Level 1 Slow Flow Nipple, 2 Pack, 0m+</p><p> -6% 0FF </p><p>$15.98</p><a href="https://www.amazon.com/dp/B07WY1PGQC?tag=eloabder-20&linkCode=osi&th=1&psc=1">View Product</a></div><div class="product"><a href="https://www.amazon.com/dp/B000WPVCQE?tag=eloabder-20&linkCode=osi&th=1&psc=1"><img src="https://m.media-amazon.com/images/I/41sXQF4JFtL._SL500_.jpg" alt="Product Image"></a><p>Medela Slow Flow Feeding & Storage Bottles, 3 Pack of 5 Ounce Bottle with Nipple, Lids, Wide Base Collars, and Travel Caps, Made Without BPA</p><p> -37% 0FF </p><p>$14.98</p><a href="https://www.amazon.com/dp/B000WPVCQE?tag=eloabder-20&linkCode=osi&th=1&psc=1">View Product</a></div><div class="product"><a href="https://www.amazon.com/dp/B08XNYS46K?tag=eloabder-20&linkCode=osi&th=1&psc=1"><img src="https://m.media-amazon.com/images/I/31bCTm8z+KL._SL500_.jpg" alt="Product Image"></a><p>Sassy 2pk Baby Food Nursers- 3 Nipples, Multi</p><p> -15% 0FF </p><p>$11.04</p><a href="https://www.amazon.com/dp/B08XNYS46K?tag=eloabder-20&linkCode=osi&th=1&psc=1">View Product</a></div>
<div class="product"><a href="https://www.amazon.com/dp/B004RIBVTK?tag=eloabder-20&linkCode=osi&th=1&psc=1"><img src="https://m.media-amazon.com/images/I/41qLfV5gyYL._SL500_.jpg" alt="Product Image"></a><p>First Aid Only 12-110 Alcohol Wipes, Individually Wrapped, 100 Per Box</p><p> -9% 0FF </p><p>$5.29 ($0.05 / Count)</p><a href="https://www.amazon.com/dp/B004RIBVTK?tag=eloabder-20&linkCode=osi&th=1&psc=1">View Product</a></div><div class="product"><a href="https://www.amazon.com/dp/B09YN8K3TH?tag=eloabder-20&linkCode=osi&th=1&psc=1"><img src="https://m.media-amazon.com/images/I/51uaWltWJiL._SL500_.jpg" alt="Product Image"></a><p>Baby Healthcare and Grooming Kit, Portable Baby Safety Care Set, Baby Essentials kit for Newborn (Blue 26 in 1)</p><p> -6% 0FF </p><p>$16.99</p><a href="https://www.amazon.com/dp/B09YN8K3TH?tag=eloabder-20&linkCode=osi&th=1&psc=1">View Product</a></div><div class="product"><a href="https://www.amazon.com/dp/B09FFT9BL2?tag=eloabder-20&linkCode=osi&th=1&psc=1"><img src="https://m.media-amazon.com/images/I/51mTQI4FDBL._SL500_.jpg" alt="Product Image"></a><p>Smart Care Fisher-Price 6-Piece Baby Healthcare Kit, Newborn Essentials, Baby Gift Set, Includes Medicine Dispensers, Aspirator, Baby Nail Clippers, Baby Thermometer</p><p> -23% 0FF </p><p>$10.73</p><a href="https://www.amazon.com/dp/B09FFT9BL2?tag=eloabder-20&linkCode=osi&th=1&psc=1">View Product</a></div>

<div class="product"><a href="https://www.amazon.com/dp/B07GTMWP8R?tag=eloabder-20&linkCode=osi&th=1&psc=1"><img src="https://m.media-amazon.com/images/I/412oB-MFGOL._SL500_.jpg" alt="Product Image"></a><p>Matyz Versatile Baby Food Maker Set - Toddler Food Mills with Mash Bowl, Hand Masher, Citrus Juicer, Grater - Making Homemade Baby Food - Fruits and Vegetables Masher - No BPA (Yellow)</p><p> -36% 0FF </p><p>$15.99</p><a href="https://www.amazon.com/dp/B07GTMWP8R?tag=eloabder-20&linkCode=osi&th=1&psc=1">View Product</a></div><div class="product"><a href="https://www.amazon.com/dp/B00FWSQ55E?tag=eloabder-20&linkCode=osi&th=1&psc=1"><img src="https://m.media-amazon.com/images/I/316TAIMF4qL._SL500_.jpg" alt="Product Image"></a><p>NUK Fresh Foods Masher & Bowl, colour pistachio</p><p> -10% 0FF </p><p>$17.99</p><a href="https://www.amazon.com/dp/B00FWSQ55E?tag=eloabder-20&linkCode=osi&th=1&psc=1">View Product</a></div>
<div class="product"><a href="https://www.amazon.com/dp/B07MYW28QR?tag=eloabder-20&linkCode=osi&th=1&psc=1"><img src="https://m.media-amazon.com/images/I/315j5b08H9L._SL500_.jpg" alt="Product Image"></a><p>Baby Brezza New and Improved Formula Pro Advanced Formula Dispenser Machine - Automatically Mix a Warm Formula Bottle Instantly - Easily Make Bottle with Automatic Powder Blending, White</p><p> -20% 0FF </p><p>$184.99</p><a href="https://www.amazon.com/dp/B07MYW28QR?tag=eloabder-20&linkCode=osi&th=1&psc=1">View Product</a></div>
<div class="product"><a href="https://www.amazon.com/dp/B0B2KVK1QS?tag=eloabder-20&linkCode=osi&th=1&psc=1"><img src="https://m.media-amazon.com/images/I/31JCp0AmlBL._SL500_.jpg" alt="Product Image"></a><p>Dr. Brown's Baby Formula Mixing Pitcher with Adjustable Stopper, Locking Lid, & No Drip Spout, 32oz, BPA Free, Teal</p><p> -9% 0FF </p><p>$9.97</p><a href="https://www.amazon.com/dp/B0B2KVK1QS?tag=eloabder-20&linkCode=osi&th=1&psc=1">View Product</a></div><div class="product"><a href="https://www.amazon.com/dp/B0CM5J4JWT?tag=eloabder-20&linkCode=osi&th=1&psc=1"><img src="https://m.media-amazon.com/images/I/31VSt6TaXAL._SL500_.jpg" alt="Product Image"></a><p>Electric Baby Formula Mixing Pitcher, NehNeh Baby Bi-directional Alternating Stirring Mixer | No Air Bubble | No Clumps | No Drip Spout | Locking Lid | Fridge Storage 36oz, BPA Free -Green</p><p> -27% 0FF </p><p>$21.99</p><a href="https://www.amazon.com/dp/B0CM5J4JWT?tag=eloabder-20&linkCode=osi&th=1&psc=1">View Product</a></div><div class="product"><a href="https://www.amazon.com/dp/B0D1C9D91Q?tag=eloabder-20&linkCode=osi&th=1&psc=1"><img src="https://m.media-amazon.com/images/I/41MGIga8RYL._SL500_.jpg" alt="Product Image"></a><p>Electric Bottle Brush Cleaner Baby, Silicone Electric Baby Bottle Brush Set with Nipple Brush/Baby Formula Mixer USB Rechargeable & 2 Mode 360° Spinning Cleaner. Essential Feeding Supplies for Moms</p><p> -24% 0FF </p><p>$21.99</p><a href="https://www.amazon.com/dp/B0D1C9D91Q?tag=eloabder-20&linkCode=osi&th=1&psc=1">View Product</a></div>
<div class="product"><a href="https://www.amazon.com/dp/B0823FX2SL?tag=eloabder-20&linkCode=osi&th=1&psc=1"><img src="https://m.media-amazon.com/images/I/41i+ptDBdcL._SL500_.jpg" alt="Product Image"></a><p>Frida Baby Grooming Kit | Baby Essentials Gift Set Includes Finger Brush with Storage Stand, Hair Brush with Case, Styling Hair Comb, Easy Grip Nail Scissors with Nail File and Case</p><p> -39% 0FF </p><p>$15.26</p><a href="https://www.amazon.com/dp/B0823FX2SL?tag=eloabder-20&linkCode=osi&th=1&psc=1">View Product</a></div><div class="product"><a href="https://www.amazon.com/dp/B08PFCJWLF?tag=eloabder-20&linkCode=osi&th=1&psc=1"><img src="https://m.media-amazon.com/images/I/41ugdN8QcEL._SL500_.jpg" alt="Product Image"></a><p>OTTOLIVES Baby Healthcare and Grooming Kit, 24 in 1 Baby Electric Nail Trimmer Set Newborn Nursery Health Care Set for Newborn Infant Toddlers Baby Boys Girls Kids Haircut Tools (0-3 Years+) (Pink)</p><p> -17% 0FF </p><p>$24.99</p><a href="https://www.amazon.com/dp/B08PFCJWLF?tag=eloabder-20&linkCode=osi&th=1&psc=1">View Product</a></div>
<div class="product"><a href="https://www.amazon.com/dp/B074W7SKZ2?tag=eloabder-20&linkCode=osi&th=1&psc=1"><img src="https://m.media-amazon.com/images/I/31KOO0YFRdL._SL500_.jpg" alt="Product Image"></a><p>Mibote Baby Growth Height Chart Handing Ruler Wall Decor for Kids, Canvas Removable Height Growth Chart 79" x 7.9" (Black & White)</p><p> -18% 0FF </p><p>$7.99</p><a href="https://www.amazon.com/dp/B074W7SKZ2?tag=eloabder-20&linkCode=osi&th=1&psc=1">View Product</a></div><div class="product"><a href="https://www.amazon.com/dp/B073V6JFZ1?tag=eloabder-20&linkCode=osi&th=1&psc=1"><img src="https://m.media-amazon.com/images/I/31Fr48bMYdL._SL500_.jpg" alt="Product Image"></a><p>Kate and Laurel Growth Chart 6.5' Wood Wall Ruler, Rustic Brown</p><p> -12% 0FF </p><p>$52.99</p><a href="https://www.amazon.com/dp/B073V6JFZ1?tag=eloabder-20&linkCode=osi&th=1&psc=1">View Product</a></div><div class="product"><a href="https://www.amazon.com/dp/B08PTVQ1W5?tag=eloabder-20&linkCode=osi&th=1&psc=1"><img src="https://m.media-amazon.com/images/I/31m1GJZxGtS._SL500_.jpg" alt="Product Image"></a><p>PandaEar Baby Height Growth Chart Ruler| Kids Boys Girls | Removable Wall Decor Measurement 79" x 7.9" (White)</p><p> -16% 0FF </p><p>$7.59</p><a href="https://www.amazon.com/dp/B08PTVQ1W5?tag=eloabder-20&linkCode=osi&th=1&psc=1">View Product</a></div><div class="product"><a href="https://www.amazon.com/dp/B08TVT93RY?tag=eloabder-20&linkCode=osi&th=1&psc=1"><img src="https://m.media-amazon.com/images/I/41kME5mTgKL._SL500_.jpg" alt="Product Image"></a><p>SUJAYU Growth Chart for Kids, Canvas Height Chart Ruler Removable Wood Hanging Wall Ruler Measurement Chart for Home Decoration (White)</p><p> -13% 0FF </p><p>$6.99</p><a href="https://www.amazon.com/dp/B08TVT93RY?tag=eloabder-20&linkCode=osi&th=1&psc=1">View Product</a></div><div class="product"><a href="https://www.amazon.com/dp/B0D2N5HN9K?tag=eloabder-20&linkCode=osi&th=1&psc=1"><img src="https://m.media-amazon.com/images/I/41rYpem0a5L._SL500_.jpg" alt="Product Image"></a><p>Growth Chart for Wall Wooden Height Chart for Kids Unicorn Castle Height Measurement for Wall Kids Height Wall Chart Kids Room Nursery Wall Decor</p><p> -19% 0FF </p><p>$21.99</p><a href="https://www.amazon.com/dp/B0D2N5HN9K?tag=eloabder-20&linkCode=osi&th=1&psc=1">View Product</a></div>
<div class="product"><a href="https://www.amazon.com/dp/B01N1PTHED?tag=eloabder-20&linkCode=osi&th=1&psc=1"><img src="https://m.media-amazon.com/images/I/31l11tL5deL._SL500_.jpg" alt="Product Image"></a><p>Natemia Baby Hair Brush - Soft Bristle Hair Brush Baby, Baby Registry Gift, Soft Baby Brush, Toddler Hair Brush for Boys & Girls, Newborn Baby Essentials, Newborn Hair Brush, Baby Wooden Brush</p><p> -28% 0FF </p><p>$12.94</p><a href="https://www.amazon.com/dp/B01N1PTHED?tag=eloabder-20&linkCode=osi&th=1&psc=1">View Product</a></div><div class="product"><a href="https://www.amazon.com/dp/B07V6VN1V8?tag=eloabder-20&linkCode=osi&th=1&psc=1"><img src="https://m.media-amazon.com/images/I/415TTdnE6ZL._SL500_.jpg" alt="Product Image"></a><p>Baby Hair Brush - Baby Brush with Soft Goat Bristles, Cradle Cap Brush, Perfect Scalp Grooming Product for Infant, Toddler, Kids, Newborns, Baby Girls, Boys (Walnut, Oval)</p><p> -32% 0FF </p><p>$12.96</p><a href="https://www.amazon.com/dp/B07V6VN1V8?tag=eloabder-20&linkCode=osi&th=1&psc=1">View Product</a></div><div class="product"><a href="https://www.amazon.com/dp/B07XPS253G?tag=eloabder-20&linkCode=osi&th=1&psc=1"><img src="https://m.media-amazon.com/images/I/41Yb4VpbnkS._SL500_.jpg" alt="Product Image"></a><p>Molylove Baby Hair Brush, Wooden Goat Bristles Hair Brush for Newborns & Toddlers, Ideal for Cradle Cap, Perfect Baby Registry Gift, Hypoallergenic, 1 Count</p><p> -33% 0FF </p><p>$5.99</p><a href="https://www.amazon.com/dp/B07XPS253G?tag=eloabder-20&linkCode=osi&th=1&psc=1">View Product</a></div><div class="product"><a href="https://www.amazon.com/dp/B0D68KKVN2?tag=eloabder-20&linkCode=osi&th=1&psc=1"><img src="https://m.media-amazon.com/images/I/41M35gnwy-L._SL500_.jpg" alt="Product Image"></a><p>ROMY RO Soft Wooden Baby Hair Brush for Newborns & Toddlers in Chic Gift Box - Ultra Soft Natural Goat Hair - Perfect Registry Gift (Goat hair brush - Oval)</p><p> -48% 0FF </p><p>$12.94</p><a href="https://www.amazon.com/dp/B0D68KKVN2?tag=eloabder-20&linkCode=osi&th=1&psc=1">View Product</a></div>
<div class="product"><a href="https://www.amazon.com/dp/B08BPD2RHF?tag=eloabder-20&linkCode=osi&th=1&psc=1"><img src="https://m.media-amazon.com/images/I/41lSftNLw1L._SL500_.jpg" alt="Product Image"></a><p>Yoocaa Car Headrest Pillow, Road Pal Headrest, Adjustable Car Seat Head Neck Support, U Shaped Car Sleeping Pillow for Kids & Adults, Only Suitable for Car Seat Headrest with Poles, Black</p><p> -9% 0FF </p><p>$29.99</p><a href="https://www.amazon.com/dp/B08BPD2RHF?tag=eloabder-20&linkCode=osi&th=1&psc=1">View Product</a></div><div class="product"><a href="https://www.amazon.com/dp/B07LF8G768?tag=eloabder-20&linkCode=osi&th=1&psc=1"><img src="https://m.media-amazon.com/images/I/21e1Tt6BFrL._SL500_.jpg" alt="Product Image"></a><p>Car Head Support Toddle Car Neck Relief Baby Child Car Seat Adjustable Head and Neck Support Band - A Comfortable Sleep Solution (Gray)</p><p> -13% 0FF </p><p>$12.99</p><a href="https://www.amazon.com/dp/B07LF8G768?tag=eloabder-20&linkCode=osi&th=1&psc=1">View Product</a></div><div class="product"><a href="https://www.amazon.com/dp/B09ZL3P26Z?tag=eloabder-20&linkCode=osi&th=1&psc=1"><img src="https://m.media-amazon.com/images/I/31zv-UP+MDL._SL500_.jpg" alt="Product Image"></a><p>Pro Goleem Car Seat Head Support Infant, Soft Infant Car Seat Insert, 2 in 1 Carseat Head Support for Newborn, Perfect for Car Seat, Stroller, Swing, Bouncer, Gray and Black</p><p> -21% 0FF </p><p>$18.99</p><a href="https://www.amazon.com/dp/B09ZL3P26Z?tag=eloabder-20&linkCode=osi&th=1&psc=1">View Product</a></div>
<div class="product"><a href="https://www.amazon.com/dp/B0CLM3ZNJ6?tag=eloabder-20&linkCode=osi&th=1&psc=1"><img src="https://m.media-amazon.com/images/I/4131cOAl1wL._SL500_.jpg" alt="Product Image"></a><p>Toddler Bath Towel Baby Bath Towels Hooded Kids Towels for Boy Girl 0-5 Year, 2-Pack Thick Absorbent Toddler Towels Hooded Baby Towels with Hood, Large 50''x32'' Baby Hooded Towel for Kids Bath Towel</p><p> -20% 0FF </p><p>$23.99</p><a href="https://www.amazon.com/dp/B0CLM3ZNJ6?tag=eloabder-20&linkCode=osi&th=1&psc=1">View Product</a></div>
<div class="product"><a href="https://www.amazon.com/dp/B094YGQNSV?tag=eloabder-20&linkCode=osi&th=1&psc=1"><img src="https://m.media-amazon.com/images/I/31BKhmVToOL._SL500_.jpg" alt="Product Image"></a><p>Westinghouse Ultrasonic Cool Mist Humidifier, 4.5L Top Filling Quiet Air Humidifier with Low Water Alarm, Adjustable Mist Humidifier for Bedrooms</p><p> -60% 0FF </p><p>$25.00</p><a href="https://www.amazon.com/dp/B094YGQNSV?tag=eloabder-20&linkCode=osi&th=1&psc=1">View Product</a></div><div class="product"><a href="https://www.amazon.com/dp/B000056HL5?tag=eloabder-20&linkCode=osi&th=1&psc=1"><img src="https://m.media-amazon.com/images/I/41ad8kyAgJL._SL500_.jpg" alt="Product Image"></a><p>Vicks Ultrasonic Humidifier Cool Mist Humidifier to Help Relieve Cold and Flu Symptoms</p><p> -27% 0FF </p><p>$44.00</p><a href="https://www.amazon.com/dp/B000056HL5?tag=eloabder-20&linkCode=osi&th=1&psc=1">View Product</a></div><div class="product"><a href="https://www.amazon.com/dp/B000GWJD0A?tag=eloabder-20&linkCode=osi&th=1&psc=1"><img src="https://m.media-amazon.com/images/I/3124anf96JL._SL500_.jpg" alt="Product Image"></a><p>Crane Adorables Ultrasonic Humidifiers for Bedroom and Baby Nursery, 1 Gallon Cool Mist Air Humidifier for Large Room or Kid's Room, Humidifier Filters Optional, Penguin</p><p> -28% 0FF </p><p>$43.20</p><a href="https://www.amazon.com/dp/B000GWJD0A?tag=eloabder-20&linkCode=osi&th=1&psc=1">View Product</a></div><div class="product"><a href="https://www.amazon.com/dp/B06XP1GMDY?tag=eloabder-20&linkCode=osi&th=1&psc=1"><img src="https://m.media-amazon.com/images/I/31g-+ypTSrL._SL500_.jpg" alt="Product Image"></a><p>Babymoov Hygro Plus Cool Mist Humidifier 3-in-1 Humidity Control, Multicolored Night Light & Essential Oil Diffuser Easy Use and Care-Blue(NO Filter Needed)</p><p> -22% 0FF </p><p>$69.99</p><a href="https://www.amazon.com/dp/B06XP1GMDY?tag=eloabder-20&linkCode=osi&th=1&psc=1">View Product</a></div><div class="product"><a href="https://www.amazon.com/dp/B009COIFAC?tag=eloabder-20&linkCode=osi&th=1&psc=1"><img src="https://m.media-amazon.com/images/I/415IUpVHxDL._SL500_.jpg" alt="Product Image"></a><p>Guardian Technologies Pure Guardian H920BL Ultrasonic Cool Mist Humidifier, 10 Hrs. Run Time, 210 Sq. Ft. Coverage, Small Rooms, Quiet, Filter Free, Treated Tank Resists</p><p> -50% 0FF </p><p>$19.99</p><a href="https://www.amazon.com/dp/B009COIFAC?tag=eloabder-20&linkCode=osi&th=1&psc=1">View Product</a></div>
<div class="product"><a href="https://www.amazon.com/dp/B08847QPWV?tag=eloabder-20&linkCode=osi&th=1&psc=1"><img src="https://m.media-amazon.com/images/I/41I9zGsqR2L._SL500_.jpg" alt="Product Image"></a><p>Graco SnugFit 35 Infant Car Seat with Simply Safe Adjust Harness System | Baby Car Seat with Anti Rebound Bar, Gotham</p><p> -30% 0FF </p><p>$118.99</p><a href="https://www.amazon.com/dp/B08847QPWV?tag=eloabder-20&linkCode=osi&th=1&psc=1">View Product</a></div>
<div class="product"><a href="https://www.amazon.com/dp/B09DLGM21Q?tag=eloabder-20&linkCode=osi&th=1&psc=1"><img src="https://m.media-amazon.com/images/I/4161UIlOUcL._SL500_.jpg" alt="Product Image"></a><p>Fisher-Price Portable Baby Chair Sit-Me-Up Floor Seat with Developmental Toys & Machine Washable Seat Pad, Rainbow Sprinkles</p><p> -6% 0FF </p><p>$40.49</p><a href="https://www.amazon.com/dp/B09DLGM21Q?tag=eloabder-20&linkCode=osi&th=1&psc=1">View Product</a></div><div class="product"><a href="https://www.amazon.com/dp/B0C2V717QN?tag=eloabder-20&linkCode=osi&th=1&psc=1"><img src="https://m.media-amazon.com/images/I/413QFmg9NwL._SL500_.jpg" alt="Product Image"></a><p>EKEPE Inflatable Baby Seat for Babies 3 Months & Up, Baby Floor Seats for Sitting Up, Baby Seats for Infants, Blow Up Baby Chair with Built in Air Pump - Bear</p><p> -20% 0FF </p><p>$21.59</p><a href="https://www.amazon.com/dp/B0C2V717QN?tag=eloabder-20&linkCode=osi&th=1&psc=1">View Product</a></div>

<div class="product"><a href="https://www.amazon.com/dp/B01M6YVW7B?tag=eloabder-20&linkCode=osi&th=1&psc=1"><img src="https://m.media-amazon.com/images/I/41HXEU0eLLL._SL500_.jpg" alt="Product Image"></a><p>Angelcare Baby Bath Support (Gray) | Ideal for Babies Less Than 6 Months Old</p><p> -33% 0FF </p><p>$19.99</p><a href="https://www.amazon.com/dp/B01M6YVW7B?tag=eloabder-20&linkCode=osi&th=1&psc=1">View Product</a></div><div class="product"><a href="https://www.amazon.com/dp/B0D9JLFDWL?tag=eloabder-20&linkCode=osi&th=1&psc=1"><img src="https://m.media-amazon.com/images/I/41t4fYIsNiL._SL500_.jpg" alt="Product Image"></a><p>GloTika Foldable Baby Bathtub Support, Ergonomic Mesh Infant Bathtub, Portable Baby Bath Tub for Newborn Babies 0-6 Months, Grey</p><p> -31% 0FF </p><p>$19.99</p><a href="https://www.amazon.com/dp/B0D9JLFDWL?tag=eloabder-20&linkCode=osi&th=1&psc=1">View Product</a></div><div class="product"><a href="https://www.amazon.com/dp/B000XW65SG?tag=eloabder-20&linkCode=osi&th=1&psc=1"><img src="https://m.media-amazon.com/images/I/41Nyw2TWaWL._SL500_.jpg" alt="Product Image"></a><p>The First Years Newborn to Toddler Baby Bath Tub - Convertible 3-in-1 Baby Tub with Removable Sling - Ages 0 to 24 Months - Sure Comfort - Pink</p><p> -37% 0FF </p><p>$22.00</p><a href="https://www.amazon.com/dp/B000XW65SG?tag=eloabder-20&linkCode=osi&th=1&psc=1">View Product</a></div><div class="product"><a href="https://www.amazon.com/dp/B0CGD46P4F?tag=eloabder-20&linkCode=osi&th=1&psc=1"><img src="https://m.media-amazon.com/images/I/41lNJLni9PL._SL500_.jpg" alt="Product Image"></a><p>AVIDOR Baby Bathtub,Collapsible Bathtub for Newborn to Toddler,Durable Essential Infant Bath Tub,Portable Travel Baby Bathtub with Soft Cushion,No-Slip Hanging and Detachable Bathtub,Green</p><p> -18% 0FF </p><p>$32.99</p><a href="https://www.amazon.com/dp/B0CGD46P4F?tag=eloabder-20&linkCode=osi&th=1&psc=1">View Product</a></div>
<div class="product"><a href="https://www.amazon.com/dp/B0CKWN7R3N?tag=eloabder-20&linkCode=osi&th=1&psc=1"><img src="https://m.media-amazon.com/images/I/31Z12rMqZ6L._SL500_.jpg" alt="Product Image"></a><p>Itzy Ritzy Insulated Bottle Bag – Keeps Bottles Warm or Cool - Holds 3 Bottles & Features Interior Pocket for Ice Pack (Not Included), Milk & Honey</p><p> -29% 0FF </p><p>$24.99</p><a href="https://www.amazon.com/dp/B0CKWN7R3N?tag=eloabder-20&linkCode=osi&th=1&psc=1">View Product</a></div>
<div class="product"><a href="https://www.amazon.com/dp/B002GKC4AG?tag=eloabder-20&linkCode=osi&th=1&psc=1"><img src="https://m.media-amazon.com/images/I/4195Qc9-38L._SL500_.jpg" alt="Product Image"></a><p>My Brest Friend Professional Nursing Pillow | Ergonomic Breastfeeding Pillows | Ideal for Lactation Consultants, NICUs & More | Breastfeeding Essentials | Handy Side Pocket & Easily Wipes Clean, Blue</p><p> -6% 0FF </p><p>$51.50</p><a href="https://www.amazon.com/dp/B002GKC4AG?tag=eloabder-20&linkCode=osi&th=1&psc=1">View Product</a></div><div class="product"><a href="https://www.amazon.com/dp/B0BT6TTHK6?tag=eloabder-20&linkCode=osi&th=1&psc=1"><img src="https://m.media-amazon.com/images/I/51GP+4wNoZL._SL500_.jpg" alt="Product Image"></a><p>Boppy Nursing Pillow Best Latch, Mocha Half Domes, Created with Lactation Consultant, Firm Contoured and Plush Sides for Two Breastfeeding Options, Padded Belt, Plus Sized to Petite, Machine Washable</p><p> -20% 0FF </p><p>$40.00</p><a href="https://www.amazon.com/dp/B0BT6TTHK6?tag=eloabder-20&linkCode=osi&th=1&psc=1">View Product</a></div>
<div class="product"><a href="https://www.amazon.com/dp/B01GGLV4V0?tag=eloabder-20&linkCode=osi&th=1&psc=1"><img src="https://m.media-amazon.com/images/I/41KKABFTw+L._SL500_.jpg" alt="Product Image"></a><p>Zote Pink Soap Pack of 3 Total 7 oz</p><p> -10% 0FF </p><p>$6.30</p><a href="https://www.amazon.com/dp/B01GGLV4V0?tag=eloabder-20&linkCode=osi&th=1&psc=1">View Product</a></div><div class="product"><a href="https://www.amazon.com/dp/B08MPWSBRR?tag=eloabder-20&linkCode=osi&th=1&psc=1"><img src="https://m.media-amazon.com/images/I/31gvg0Il4bL._SL500_.jpg" alt="Product Image"></a><p>Grangers Down Wash/Detergent for Down Insulated Clothing, Sleeping Bags and Bedding (12 Washes), 10 oz</p><p> -6% 0FF </p><p>$13.45 ($1.34 / Fl Oz)</p><a href="https://www.amazon.com/dp/B08MPWSBRR?tag=eloabder-20&linkCode=osi&th=1&psc=1">View Product</a></div><div class="product"><a href="https://www.amazon.com/dp/B08Y9691J6?tag=eloabder-20&linkCode=osi&th=1&psc=1"><img src="https://m.media-amazon.com/images/I/31wqAyGiS-L._SL500_.jpg" alt="Product Image"></a><p>WHOLENATURALS Pure Castile Soap Liquid, EWG Verified & Certified Palm Oil Free Unscented, Natural, Mild & Gentle Non-gmo & Vegan - Organic Body Wash, Laundry, and Baby Soap - 64 Fl Oz</p><p> -17% 0FF </p><p>$28.89 ($0.45 / Fl Oz)</p><a href="https://www.amazon.com/dp/B08Y9691J6?tag=eloabder-20&linkCode=osi&th=1&psc=1">View Product</a></div>
<div class="product"><a href="https://www.amazon.com/dp/B01JK164JU?tag=eloabder-20&linkCode=osi&th=1&psc=1"><img src="https://m.media-amazon.com/images/I/31tGM0o-n7L._SL500_.jpg" alt="Product Image"></a><p>The Honest Company Hydrating Face + Body Lotion | Fast Absorbing, Naturally Derived, Hypoallergenic | Lavender Calm, 8.5 fl oz</p><p> -8% 0FF </p><p>$10.99 ($1.29 / Fl Oz)</p><a href="https://www.amazon.com/dp/B01JK164JU?tag=eloabder-20&linkCode=osi&th=1&psc=1">View Product</a></div><div class="product"><a href="https://www.amazon.com/dp/B0018CK3VK?tag=eloabder-20&linkCode=osi&th=1&psc=1"><img src="https://m.media-amazon.com/images/I/41+wBu0geAL._SL500_.jpg" alt="Product Image"></a><p>Avalon Organics Hand & Body Lotion, Aloe Unscented, 32 Oz</p><p> -12% 0FF </p><p>$17.19 ($0.54 / Ounce)</p><a href="https://www.amazon.com/dp/B0018CK3VK?tag=eloabder-20&linkCode=osi&th=1&psc=1">View Product</a></div><div class="product"><a href="https://www.amazon.com/dp/B0013DIZL4?tag=eloabder-20&linkCode=osi&th=1&psc=1"><img src="https://m.media-amazon.com/images/I/31bPmcqX7+L._SL500_.jpg" alt="Product Image"></a><p>Lubriderm Intense Dry Skin Repair Lotion + Pro-Ceramide with Vitamin E & Minerals Helps to Repair Rough, Dry Skin, Fast Absorbing Lotion is Fragrance-Free and Non-Greasy, 16 fl. oz</p><p> -24% 0FF </p><p>$9.34 ($0.58 / Fl Oz)</p><a href="https://www.amazon.com/dp/B0013DIZL4?tag=eloabder-20&linkCode=osi&th=1&psc=1">View Product</a></div>
<div class="product"><a href="https://www.amazon.com/dp/B0BPHJN972?tag=eloabder-20&linkCode=osi&th=1&psc=1"><img src="https://m.media-amazon.com/images/I/41np1V18sQL._SL500_.jpg" alt="Product Image"></a><p>Pro Goleem Loveys for Babies - Soft Security Blanket Baby Snuggle Toy Newborn Stuffed Animals Baby Gifts for Boys and Girls, Lion 16 Inch</p><p> -37% 0FF </p><p>$9.48</p><a href="https://www.amazon.com/dp/B0BPHJN972?tag=eloabder-20&linkCode=osi&th=1&psc=1">View Product</a></div><div class="product"><a href="https://www.amazon.com/dp/B01MRVHKP1?tag=eloabder-20&linkCode=osi&th=1&psc=1"><img src="https://m.media-amazon.com/images/I/5183CyG7XSL._SL500_.jpg" alt="Product Image"></a><p>Mary Meyer Putty Nursery Character Blanket, Hound Dog, 1 Pack</p><p> -9% 0FF </p><p>$19.96</p><a href="https://www.amazon.com/dp/B01MRVHKP1?tag=eloabder-20&linkCode=osi&th=1&psc=1">View Product</a></div><div class="product"><a href="https://www.amazon.com/dp/B00PKP4JUM?tag=eloabder-20&linkCode=osi&th=1&psc=1"><img src="https://m.media-amazon.com/images/I/41OzmBpx8bL._SL500_.jpg" alt="Product Image"></a><p>Mary Meyer Lovey Soft Toy, 13-Inches, Oatmeal Bunny</p><p> -14% 0FF </p><p>$17.96</p><a href="https://www.amazon.com/dp/B00PKP4JUM?tag=eloabder-20&linkCode=osi&th=1&psc=1">View Product</a></div><div class="product"><a href="https://www.amazon.com/dp/B08PP8S8KZ?tag=eloabder-20&linkCode=osi&th=1&psc=1"><img src="https://m.media-amazon.com/images/I/41kmsE51naL._SL500_.jpg" alt="Product Image"></a><p>Pro Goleem Dog Security Blanket Brown Soft Puppy Lovey for Boys and Girls Unisex Lovie Baby Gifts for Toddler and Infant Snuggle Toy Stuffed Animal 16 Inch</p><p> -25% 0FF </p><p>$14.99</p><a href="https://www.amazon.com/dp/B08PP8S8KZ?tag=eloabder-20&linkCode=osi&th=1&psc=1">View Product</a></div><div class="product"><a href="https://www.amazon.com/dp/B08SZD1XXG?tag=eloabder-20&linkCode=osi&th=1&psc=1"><img src="https://m.media-amazon.com/images/I/41M7mPD9ieL._SL500_.jpg" alt="Product Image"></a><p>Itzy Ritzy - Itzy Lovey Including Teether - Baby Lovey with Teether, Textured Ribbons & Dangle Arms - Features Crinkle Sound, Sherpa Fabric and Minky Plush (Sloth)</p><p> -31% 0FF </p><p>$8.90</p><a href="https://www.amazon.com/dp/B08SZD1XXG?tag=eloabder-20&linkCode=osi&th=1&psc=1">View Product</a></div>
<div class="product"><a href="https://www.amazon.com/dp/B0B5Z89FZW?tag=eloabder-20&linkCode=osi&th=1&psc=1"><img src="https://m.media-amazon.com/images/I/31HOhMzLqbL._SL500_.jpg" alt="Product Image"></a><p>Yoofoss Waterproof Crib Mattress Protector 2 Pack, Quilted Crib Mattress Pad Cover Ultra Soft and Breathable, Machine Washable Toddler Mattress Protector for Standard Baby Crib Size 52''x28''</p><p> -17% 0FF </p><p>$19.99</p><a href="https://www.amazon.com/dp/B0B5Z89FZW?tag=eloabder-20&linkCode=osi&th=1&psc=1">View Product</a></div><div class="product"><a href="https://www.amazon.com/dp/B0CFG4G839?tag=eloabder-20&linkCode=osi&th=1&psc=1"><img src="https://m.media-amazon.com/images/I/41tYoYajqyL._SL500_.jpg" alt="Product Image"></a><p>SafeRest Sleepure 100% Waterproof Crib Size Mattress Protector - Viscose Derived from Bamboo - Fitted with Stretchable Pockets - Machine Washable Cotton Mattress Cover for Bed</p><p> -40% 0FF </p><p>$20.99</p><a href="https://www.amazon.com/dp/B0CFG4G839?tag=eloabder-20&linkCode=osi&th=1&psc=1">View Product</a></div><div class="product"><a href="https://www.amazon.com/dp/B09B1NNPP9?tag=eloabder-20&linkCode=osi&th=1&psc=1"><img src="https://m.media-amazon.com/images/I/31P+e7ESa8L._SL500_.jpg" alt="Product Image"></a><p>Bassinet Mattress Pad Cover 2 Pack Quilted Bassinet Mattress Protector Waterproof Bassinet Sheets (32"x17") for Boys & Girls, Fit for Hourglass/Oval Bassinet Mattress, White</p><p> -15% 0FF </p><p>$14.23</p><a href="https://www.amazon.com/dp/B09B1NNPP9?tag=eloabder-20&linkCode=osi&th=1&psc=1">View Product</a></div>
<div class="product"><a href="https://www.amazon.com/dp/B07WW1CT4W?tag=eloabder-20&linkCode=osi&th=1&psc=1"><img src="https://m.media-amazon.com/images/I/51jnxJGkipL._SL500_.jpg" alt="Product Image"></a><p>Luka&Lily Month Milestone Blanket- 60"x40" for Baby Boys - First Year Calendar Monthly Growth Chart, Moon - Shower Gifts</p><p> -14% 0FF </p><p>$29.99</p><a href="https://www.amazon.com/dp/B07WW1CT4W?tag=eloabder-20&linkCode=osi&th=1&psc=1">View Product</a></div><div class="product"><a href="https://www.amazon.com/dp/B07BNBTGHD?tag=eloabder-20&linkCode=osi&th=1&psc=1"><img src="https://m.media-amazon.com/images/I/4143Q79bsYL._SL500_.jpg" alt="Product Image"></a><p>Organic Baby Monthly Milestone Blanket Boy or Girl - Months Blanket with Wood Frame and Newborn Announcement Disc - Growth Chart Milestone Blanket Neutral, 1-12 Month Milestones, 47”x47”</p><p> -21% 0FF </p><p>$25.99</p><a href="https://www.amazon.com/dp/B07BNBTGHD?tag=eloabder-20&linkCode=osi&th=1&psc=1">View Product</a></div><div class="product"><a href="https://www.amazon.com/dp/B07SW75W4Q?tag=eloabder-20&linkCode=osi&th=1&psc=1"><img src="https://m.media-amazon.com/images/I/41JMlZBEbQL._SL500_.jpg" alt="Product Image"></a><p>Kate & Milo Baby Monthly Milestone Blanket, Infant Milestone Markers, Newborn Photoshoot Photo Props, Baby Girl or Baby Boy Gift, Large Blanket</p><p> -19% 0FF </p><p>$12.21</p><a href="https://www.amazon.com/dp/B07SW75W4Q?tag=eloabder-20&linkCode=osi&th=1&psc=1">View Product</a></div><div class="product"><a href="https://www.amazon.com/dp/B0986S52N1?tag=eloabder-20&linkCode=osi&th=1&psc=1"><img src="https://m.media-amazon.com/images/I/51v8Yn1ycsL._SL500_.jpg" alt="Product Image"></a><p>Popfavors, Yuzioey Safari Baby Monthly Milestone Blanket, Jungle Animals Baby Month Blanket , Baby Boy Blanket Growth Chart Nursery Decor, Includes Marker, White, 50Inx40In</p><p> -5% 0FF </p><p>$18.99</p><a href="https://www.amazon.com/dp/B0986S52N1?tag=eloabder-20&linkCode=osi&th=1&psc=1">View Product</a></div><div class="product"><a href="https://www.amazon.com/dp/B0CX9W8SND?tag=eloabder-20&linkCode=osi&th=1&psc=1"><img src="https://m.media-amazon.com/images/I/41r8vCzGa2L._SL500_.jpg" alt="Product Image"></a><p>Pearhead Hello World Milestone Blanket and Prop, Baby Monthly Milestone Updates, Growth Blanket with Photo Posing Props, Ideal Mother's Day Gift, Perfect Newborn Gift and Nursery Decor</p><p> -6% 0FF </p><p>$18.79</p><a href="https://www.amazon.com/dp/B0CX9W8SND?tag=eloabder-20&linkCode=osi&th=1&psc=1">View Product</a></div><div class="product"><a href="https://www.amazon.com/dp/B07JKN43H6?tag=eloabder-20&linkCode=osi&th=1&psc=1"><img src="https://m.media-amazon.com/images/I/511MIyg00lL._SL500_.jpg" alt="Product Image"></a><p>Bliss n' Baby Monthly Milestone Blanket for Baby Girl - 60"x40" - Wrinkle Free Baby Age Month Blanket with Growth Chart - Washable & Dryable - w/Wreath & Headband - Floral Theme</p><p> -14% 0FF </p><p>$23.99</p><a href="https://www.amazon.com/dp/B07JKN43H6?tag=eloabder-20&linkCode=osi&th=1&psc=1">View Product</a></div>
<div class="product"><a href="https://www.amazon.com/dp/B001E1JKFU?tag=eloabder-20&linkCode=osi&th=1&psc=1"><img src="https://m.media-amazon.com/images/I/41JBWVeh+QL._SL500_.jpg" alt="Product Image"></a><p>Stansport Mosquito Netting Small (705)</p><p> -39% 0FF </p><p>$16.33</p><a href="https://www.amazon.com/dp/B001E1JKFU?tag=eloabder-20&linkCode=osi&th=1&psc=1">View Product</a></div><div class="product"><a href="https://www.amazon.com/dp/B0BV2RNTR7?tag=eloabder-20&linkCode=osi&th=1&psc=1"><img src="https://m.media-amazon.com/images/I/51-iyQhcHsL._SL500_.jpg" alt="Product Image"></a><p>Mosquito Net for Bed,Large Mosquito Netting Tent Canopy for Beds,Folding Portable Design Travel POP UP Mosquito Netting for Bed,L80*W72*H60inch Queen King Size Mosquito Net</p><p> -14% 0FF </p><p>$31.99</p><a href="https://www.amazon.com/dp/B0BV2RNTR7?tag=eloabder-20&linkCode=osi&th=1&psc=1">View Product</a></div><div class="product"><a href="https://www.amazon.com/dp/B0D8HLQJ5G?tag=eloabder-20&linkCode=osi&th=1&psc=1"><img src="https://m.media-amazon.com/images/I/31hFeMp1LQL._SL500_.jpg" alt="Product Image"></a><p>77 * 30 * 23 Inch Large Pop Up Mosquito Tent, Portable Foldable Mosquito Net for Bed Camping Travel Patio</p><p> -6% 0FF </p><p>$29.99</p><a href="https://www.amazon.com/dp/B0D8HLQJ5G?tag=eloabder-20&linkCode=osi&th=1&psc=1">View Product</a></div><div class="product"><a href="https://www.amazon.com/dp/B0C2YQKF71?tag=eloabder-20&linkCode=osi&th=1&psc=1"><img src="https://m.media-amazon.com/images/I/41yDl7W2ZNL._SL500_.jpg" alt="Product Image"></a><p>Portable Mosquito Net Tent, Folding Mosquito Head Net, Pop Up Mosquito Tent Netting for Bedding Camping Traveling Patio (1 Pack, Large)</p><p> -20% 0FF </p><p>$15.99</p><a href="https://www.amazon.com/dp/B0C2YQKF71?tag=eloabder-20&linkCode=osi&th=1&psc=1">View Product</a></div>
<div class="product"><a href="https://www.amazon.com/dp/B0CL9SJ88Z?tag=eloabder-20&linkCode=osi&th=1&psc=1"><img src="https://m.media-amazon.com/images/I/41iQwRq8cBL._SL500_.jpg" alt="Product Image"></a><p>Muslin Swaddle Blankets for Newborn, 3 Pack Breathable Soft Receiving Blanket, Large 38 x 40 inches Swaddle Wrap Burping Clothes, Essentials Infant Shower Items, Toddler Gift (Bright Colors)</p><p> -5% 0FF </p><p>$18.99</p><a href="https://www.amazon.com/dp/B0CL9SJ88Z?tag=eloabder-20&linkCode=osi&th=1&psc=1">View Product</a></div><div class="product"><a href="https://www.amazon.com/dp/B0C6GP7NXF?tag=eloabder-20&linkCode=osi&th=1&psc=1"><img src="https://m.media-amazon.com/images/I/51vjlWRLQjL._SL500_.jpg" alt="Product Image"></a><p>Konssy 2 Pack Muslin Swaddle Blankets for Baby Boys Girls, Receiving Blanket Large 47 x 47 inches, Soft Breathable Muslin Baby Blanket for Unisex Newborn(Pink, Floral)</p><p> -19% 0FF </p><p>$21.99 ($11.00 / Count)</p><a href="https://www.amazon.com/dp/B0C6GP7NXF?tag=eloabder-20&linkCode=osi&th=1&psc=1">View Product</a></div>
<div class="product"><a href="https://www.amazon.com/dp/B0B8TCTXBV?tag=eloabder-20&linkCode=osi&th=1&psc=1"><img src="https://m.media-amazon.com/images/I/41j61T25VcL._SL500_.jpg" alt="Product Image"></a><p>aden + anais Essentials Swaddle Blanket, Boutique Muslin Blankets for Girls & Boys, Baby Receiving Swaddles, Ideal Newborn & Infant Swaddling Set, Perfect Shower Gifts, 4 Pack, Alphabet Animals</p><p> -29% 0FF </p><p>$28.49</p><a href="https://www.amazon.com/dp/B0B8TCTXBV?tag=eloabder-20&linkCode=osi&th=1&psc=1">View Product</a></div>
<div class="product"><a href="https://www.amazon.com/dp/B0D475YDF5?tag=eloabder-20&linkCode=osi&th=1&psc=1"><img src="https://m.media-amazon.com/images/I/31TAYPOHywL._SL500_.jpg" alt="Product Image"></a><p>Electric Nail Clipper with Nail File, 2 in 1 Rechargeable & Gentle Nail Trimmer with LED Light for Baby and Seniors</p><p> -37% 0FF </p><p>$12.00 ($1.13 / Ounce)</p><a href="https://www.amazon.com/dp/B0D475YDF5?tag=eloabder-20&linkCode=osi&th=1&psc=1">View Product</a></div><div class="product"><a href="https://www.amazon.com/dp/B0D6BCSLNQ?tag=eloabder-20&linkCode=osi&th=1&psc=1"><img src="https://m.media-amazon.com/images/I/413w5b8GCzL._SL500_.jpg" alt="Product Image"></a><p>Automatic Nail Clipper, 2 in-1 Electric Nail Clipper and Nail Polisher, Electric Baby Nail Clippers with Light,USB Rechargeable Suitable for Babies,Women Manicure,Kids, Adults and Seniors（Orange）</p><p> -23% 0FF </p><p>$16.99</p><a href="https://www.amazon.com/dp/B0D6BCSLNQ?tag=eloabder-20&linkCode=osi&th=1&psc=1">View Product</a></div>

<div class="product"><a href="https://www.amazon.com/dp/B0037SEU7Q?tag=eloabder-20&linkCode=osi&th=1&psc=1"><img src="https://m.media-amazon.com/images/I/41yN94m-XlL._SL500_.jpg" alt="Product Image"></a><p>Bepanthen Nappy Care Ointment 5 Percent, 30 g</p><p> -13% 0FF </p><p>$6.79 ($6.47 / Ounce)</p><a href="https://www.amazon.com/dp/B0037SEU7Q?tag=eloabder-20&linkCode=osi&th=1&psc=1">View Product</a></div><div class="product"><a href="https://www.amazon.com/dp/B0BTTT6VW2?tag=eloabder-20&linkCode=osi&th=1&psc=1"><img src="https://m.media-amazon.com/images/I/41cBqj0Z9tL._SL500_.jpg" alt="Product Image"></a><p>Weleda Baby Calendula Diaper Cream, 2.8 Fluid Ounce (Pack of 3), Plant Rich Protection with Calendula, Chamomile, Sweet Almond Oil, Lanolin and Zinc Oxide</p><p> -13% 0FF </p><p>$32.29 ($3.84 / Fl Oz)</p><a href="https://www.amazon.com/dp/B0BTTT6VW2?tag=eloabder-20&linkCode=osi&th=1&psc=1">View Product</a></div><div class="product"><a href="https://www.amazon.com/dp/B074YXP676?tag=eloabder-20&linkCode=osi&th=1&psc=1"><img src="https://m.media-amazon.com/images/I/41y8VvUNCLL._SL500_.jpg" alt="Product Image"></a><p>Nappy Styles Napping Creme Paste</p><p> -12% 0FF </p><p>$14.36 ($1.80 / Ounce)</p><a href="https://www.amazon.com/dp/B074YXP676?tag=eloabder-20&linkCode=osi&th=1&psc=1">View Product</a></div>
<div class="product"><a href="https://www.amazon.com/dp/B00821FLSU?tag=eloabder-20&linkCode=osi&th=1&psc=1"><img src="https://m.media-amazon.com/images/I/31MQYDa7dYL._SL500_.jpg" alt="Product Image"></a><p>Ubbi Steel Diaper Pail, Odor Locking, No Special Bag Required, Award-Winning, Registry Must-Have, Gray</p><p> -12% 0FF </p><p>$69.99</p><a href="https://www.amazon.com/dp/B00821FLSU?tag=eloabder-20&linkCode=osi&th=1&psc=1">View Product</a></div><div class="product"><a href="https://www.amazon.com/dp/B0CNS2FRMZ?tag=eloabder-20&linkCode=osi&th=1&psc=1"><img src="https://m.media-amazon.com/images/I/31O+tXnLaXL._SL500_.jpg" alt="Product Image"></a><p>Diaper Genie Select Pail is Made of Durable Stainless Steel and Includes 1 Starter Square Refill That can Hold up to 165 Newborn-Sized Diapers.</p><p> -20% 0FF </p><p>$35.99</p><a href="https://www.amazon.com/dp/B0CNS2FRMZ?tag=eloabder-20&linkCode=osi&th=1&psc=1">View Product</a></div><div class="product"><a href="https://www.amazon.com/dp/B08XNVW9TW?tag=eloabder-20&linkCode=osi&th=1&psc=1"><img src="https://m.media-amazon.com/images/I/41U7mL6nXRL._SL500_.jpg" alt="Product Image"></a><p>Sassy 250 Count Disposable Diaper Sacks, Lavender Scented, Easy-To-Tie, Diaper Disposal or Pet Waste Bags</p><p> -11% 0FF </p><p>$9.80</p><a href="https://www.amazon.com/dp/B08XNVW9TW?tag=eloabder-20&linkCode=osi&th=1&psc=1">View Product</a></div>


<div class="product"><a href="https://www.amazon.com/dp/B0CTKK5YY5?tag=eloabder-20&linkCode=osi&th=1&psc=1"><img src="https://m.media-amazon.com/images/I/31OhvT5rWmL._SL500_.jpg" alt="Product Image"></a><p>Koalababy Large Flow Electric Nasal Aspirator, Newest Baby Nose Sucker, Nose Cleaner for Toddlers with 3 Suction Levels, Soothing Music and Light, Space Gray</p><p> -33% 0FF </p><p>$29.99</p><a href="https://www.amazon.com/dp/B0CTKK5YY5?tag=eloabder-20&linkCode=osi&th=1&psc=1">View Product</a></div>
<div class="product"><a href="https://www.amazon.com/dp/B07GG1R9WC?tag=eloabder-20&linkCode=osi&th=1&psc=1"><img src="https://m.media-amazon.com/images/I/31T-p4V5gsL._SL500_.jpg" alt="Product Image"></a><p>Gerber Unisex Baby Multi-Pack Long-Sleeve Onesies Bodysuit Mitten Cuff Sizes 6-Pack Mitten Cuff Newborn</p><p> -12% 0FF </p><p>$15.81</p><a href="https://www.amazon.com/dp/B07GG1R9WC?tag=eloabder-20&linkCode=osi&th=1&psc=1">View Product</a></div><div class="product"><a href="https://www.amazon.com/dp/B0BVMXF1DJ?tag=eloabder-20&linkCode=osi&th=1&psc=1"><img src="https://m.media-amazon.com/images/I/31aJYRwZ+-L._SL500_.jpg" alt="Product Image"></a><p>HonestBaby Baby Boys 3-pack Organic Cotton Long Sleeve Side-snap Kimono Bodysuits And Toddler T-Shirt Set, Honestly Pure White, Newborn US</p><p> -63% 0FF </p><p>$11.19</p><a href="https://www.amazon.com/dp/B0BVMXF1DJ?tag=eloabder-20&linkCode=osi&th=1&psc=1">View Product</a></div>
<div class="product"><a href="https://www.amazon.com/dp/B01N47M3V0?tag=eloabder-20&linkCode=osi&th=1&psc=1"><img src="https://m.media-amazon.com/images/I/31WVThyEEcL._SL500_.jpg" alt="Product Image"></a><p>Uigos LED Night Light Lamp with Smart Sensor Dusk to Dawn Sensor, Daylight White, 0.5W Plug-in, 6-Pack</p><p> -23% 0FF </p><p>$9.99</p><a href="https://www.amazon.com/dp/B01N47M3V0?tag=eloabder-20&linkCode=osi&th=1&psc=1">View Product</a></div><div class="product"><a href="https://www.amazon.com/dp/B09B1B6J9S?tag=eloabder-20&linkCode=osi&th=1&psc=1"><img src="https://m.media-amazon.com/images/I/11rEGPdWq7L._SL500_.jpg" alt="Product Image"></a><p>Anico EASZZZ Baby Night Light, Nursery Night Lamp for Breastfeeding, Soft BPA Free Silicone Touch Night Lamp, Eye Caring, Easy Flip Design, Stepless Dimming, 1-Pack</p><p> -25% 0FF </p><p>$29.99</p><a href="https://www.amazon.com/dp/B09B1B6J9S?tag=eloabder-20&linkCode=osi&th=1&psc=1">View Product</a></div><div class="product"><a href="https://www.amazon.com/dp/B097YP171M?tag=eloabder-20&linkCode=osi&th=1&psc=1"><img src="https://m.media-amazon.com/images/I/21jYMKqhB3L._SL500_.jpg" alt="Product Image"></a><p>JolyWell Night Light for Kids, Egg Light for Nursery with 7 RGB Colors Changeable & Stepless Dimming, Rechargeable Tap Light with 1h Timer & Touch Control, Portable Night Light for Babies BPA Free</p><p> -14% 0FF </p><p>$25.99</p><a href="https://www.amazon.com/dp/B097YP171M?tag=eloabder-20&linkCode=osi&th=1&psc=1">View Product</a></div><div class="product"><a href="https://www.amazon.com/dp/B077X48B8Q?tag=eloabder-20&linkCode=osi&th=1&psc=1"><img src="https://m.media-amazon.com/images/I/31TiV9umK-L._SL500_.jpg" alt="Product Image"></a><p>REMINDA 4 Pack Night Light Lamp with Dusk to Dawn Sensor, Plug in, Blue Led Night Light</p><p> -19% 0FF </p><p>$12.99</p><a href="https://www.amazon.com/dp/B077X48B8Q?tag=eloabder-20&linkCode=osi&th=1&psc=1">View Product</a></div>
<div class="product"><a href="https://www.amazon.com/dp/B005MI648C?tag=eloabder-20&linkCode=osi&th=1&psc=1"><img src="https://m.media-amazon.com/images/I/41IsNMYojbL._SL500_.jpg" alt="Product Image"></a><p>Lansinoh Lanolin Nipple Cream Safe for Breastfeeding Baby, 100% Natural Nipple Butter for Mom, Breastfeeding Essentials, 1.41 Ounces</p><p> -17% 0FF </p><p>$8.99 ($6.38 / Ounce)</p><a href="https://www.amazon.com/dp/B005MI648C?tag=eloabder-20&linkCode=osi&th=1&psc=1">View Product</a></div><div class="product"><a href="https://www.amazon.com/dp/B000JVCBBG?tag=eloabder-20&linkCode=osi&th=1&psc=1"><img src="https://m.media-amazon.com/images/I/41TljzHSgHL._SL500_.jpg" alt="Product Image"></a><p>Earth Mama Organic Nipple Butter™ | Nipple Cream Safe for Breastfeeding | Postpartum Essentials for Nursing | Non Lanolin Nipple Cream, 2-Fluid Ounce</p><p> -7% 0FF </p><p>$13.99 ($7.00 / Fl Oz)</p><a href="https://www.amazon.com/dp/B000JVCBBG?tag=eloabder-20&linkCode=osi&th=1&psc=1">View Product</a></div><div class="product"><a href="https://www.amazon.com/dp/B08L68WR4B?tag=eloabder-20&linkCode=osi&th=1&psc=1"><img src="https://m.media-amazon.com/images/I/41qRTIl9vqL._SL500_.jpg" alt="Product Image"></a><p>Medela Purelan Lanolin Nipple Cream for Breastfeeding, 100% All Natural Single Ingredient, Hypoallergenic, Soothing Protection, Safe for Nursing Mom and Baby, 1.3 Ounce Tube</p><p> -29% 0FF </p><p>$7.37</p><a href="https://www.amazon.com/dp/B08L68WR4B?tag=eloabder-20&linkCode=osi&th=1&psc=1">View Product</a></div><div class="product"><a href="https://www.amazon.com/dp/B07X53WM1H?tag=eloabder-20&linkCode=osi&th=1&psc=1"><img src="https://m.media-amazon.com/images/I/41sh4NHSA1L._SL500_.jpg" alt="Product Image"></a><p>Lansinoh Organic Nipple Butter, Nipple Cream Safe for Breastfeeding Baby, Postpartum Essentials for Mom, 2 Ounces</p><p> -37% 0FF </p><p>$9.37</p><a href="https://www.amazon.com/dp/B07X53WM1H?tag=eloabder-20&linkCode=osi&th=1&psc=1">View Product</a></div><div class="product"><a href="https://www.amazon.com/dp/B08PXP59L6?tag=eloabder-20&linkCode=osi&th=1&psc=1"><img src="https://m.media-amazon.com/images/I/31ABi-XhpOL._SL500_.jpg" alt="Product Image"></a><p>The Honest Company Honest Mama Calm Your Nip Balm | USDA Certified Organic Nipple Cream | 1.75 fl oz</p><p> -10% 0FF </p><p>$13.49 ($7.71 / Fl Oz)</p><a href="https://www.amazon.com/dp/B08PXP59L6?tag=eloabder-20&linkCode=osi&th=1&psc=1">View Product</a></div><div class="product"><a href="https://www.amazon.com/dp/B001EPQ1US?tag=eloabder-20&linkCode=osi&th=1&psc=1"><img src="https://m.media-amazon.com/images/I/412ol1D5gFL._SL500_.jpg" alt="Product Image"></a><p>Lansinoh Breast Cream, 1.41 Ounce Tube (Pack of 3)</p><p> -20% 0FF </p><p>$23.99 ($5.67 / Ounce)</p><a href="https://www.amazon.com/dp/B001EPQ1US?tag=eloabder-20&linkCode=osi&th=1&psc=1">View Product</a></div>
<div class="product"><a href="https://www.amazon.com/dp/B0116SFIXS?tag=eloabder-20&linkCode=osi&th=1&psc=1"><img src="https://m.media-amazon.com/images/I/41IXnMjSMRL._SL500_.jpg" alt="Product Image"></a><p>Lansinoh Contact Nipple Shields for Breastfeeding, 2 Nipple Shields (24mm) and Case</p><p> -9% 0FF </p><p>$8.22</p><a href="https://www.amazon.com/dp/B0116SFIXS?tag=eloabder-20&linkCode=osi&th=1&psc=1">View Product</a></div><div class="product"><a href="https://www.amazon.com/dp/B000067PQ0?tag=eloabder-20&linkCode=osi&th=1&psc=1"><img src="https://m.media-amazon.com/images/I/31Bc7JjDLBL._SL500_.jpg" alt="Product Image"></a><p>Medela Contact Nipple Shield, 24mm Medium, Nippleshield for Breastfeeding with Latch Difficulties or Flat or Inverted Nipples, Made Without BPA</p><p> -32% 0FF </p><p>$7.35</p><a href="https://www.amazon.com/dp/B000067PQ0?tag=eloabder-20&linkCode=osi&th=1&psc=1">View Product</a></div><div class="product"><a href="https://www.amazon.com/dp/B08VKRMXGZ?tag=eloabder-20&linkCode=osi&th=1&psc=1"><img src="https://m.media-amazon.com/images/I/41jploOEeaL._SL500_.jpg" alt="Product Image"></a><p>Moogco The Original Silver Nursing Cups - Nipple Shields for Nursing Newborn - Breastfeeding Essentials - Newborn Essentials Must Haves - Nipple Covers Breastfeeding - 925 Silver</p><p> -28% 0FF </p><p>$35.90</p><a href="https://www.amazon.com/dp/B08VKRMXGZ?tag=eloabder-20&linkCode=osi&th=1&psc=1">View Product</a></div><div class="product"><a href="https://www.amazon.com/dp/B07ND58735?tag=eloabder-20&linkCode=osi&th=1&psc=1"><img src="https://m.media-amazon.com/images/I/41EpWEiqvyL._SL500_.jpg" alt="Product Image"></a><p>Koala Babycare The Original Silver Nursing Cups - Nipple Shields for Nursing Newborn -Breastfeeding Essentials - Protect and Soothe - Tri-Laminate Silver - Standard Size</p><p> -13% 0FF </p><p>$34.75</p><a href="https://www.amazon.com/dp/B07ND58735?tag=eloabder-20&linkCode=osi&th=1&psc=1">View Product</a></div>
<div class="product"><a href="https://www.amazon.com/dp/B091FL1QFK?tag=eloabder-20&linkCode=osi&th=1&psc=1"><img src="https://m.media-amazon.com/images/I/41TUb4BsK-L._SL500_.jpg" alt="Product Image"></a><p>Syringe Nasal Irrigator, Professional Baby Nasal Irrigator Portable Infant Nose Cleaner Rinsing Device Fast All Natural Relief-Nasal Irrigation/Nasal Spray/Nasal Hygiene (2 pièces)</p><p> -67% 0FF </p><p>$3.25</p><a href="https://www.amazon.com/dp/B091FL1QFK?tag=eloabder-20&linkCode=osi&th=1&psc=1">View Product</a></div><div class="product"><a href="https://www.amazon.com/dp/B09137WF8K?tag=eloabder-20&linkCode=osi&th=1&psc=1"><img src="https://m.media-amazon.com/images/I/41v2GMmUbZL._SL500_.jpg" alt="Product Image"></a><p>Two Pack 3 in 1 Baby Nose and Ear Gadget, Safe Baby Booger Remover, Nose Cleaning Tweezers, Nose Cleaner for Baby Infants and Toddlers, Dual Earwax and Snot Removal Baby Must Have Items</p><p> -50% 0FF </p><p>$9.95</p><a href="https://www.amazon.com/dp/B09137WF8K?tag=eloabder-20&linkCode=osi&th=1&psc=1">View Product</a></div><div class="product"><a href="https://www.amazon.com/dp/B09Q61B4MM?tag=eloabder-20&linkCode=osi&th=1&psc=1"><img src="https://m.media-amazon.com/images/I/310TWo+qPRL._SL500_.jpg" alt="Product Image"></a><p>Haakaa Silicone Baby Nasal Aspirator | Nose Bulb Syringe | Easy-Squeezy Baby Nose Cleaner, Newborn Infant &Toddler - BPA Free Silicone</p><p> -5% 0FF </p><p>$9.39</p><a href="https://www.amazon.com/dp/B09Q61B4MM?tag=eloabder-20&linkCode=osi&th=1&psc=1">View Product</a></div>
<div class="product"><a href="https://www.amazon.com/dp/B002K6F7AK?tag=eloabder-20&linkCode=osi&th=1&psc=1"><img src="https://m.media-amazon.com/images/I/411elwPHIqL._SL500_.jpg" alt="Product Image"></a><p>Lamaze womens Cotton Spandex Sleep for Nursing and Maternity Full Coverage Bra, Heather Grey, Large US</p><p> -32% 0FF </p><p>$12.28</p><a href="https://www.amazon.com/dp/B002K6F7AK?tag=eloabder-20&linkCode=osi&th=1&psc=1">View Product</a></div>

<div class="product"><a href="https://www.amazon.com/dp/B06XPHR7DF?tag=eloabder-20&linkCode=osi&th=1&psc=1"><img src="https://m.media-amazon.com/images/I/31sNH-POFUL._SL500_.jpg" alt="Product Image"></a><p>Lansinoh Stay Dry Disposable Nursing Pads, Soft and Super Absorbent Breast Pads, Breastfeeding Essentials for Moms, 200 Count</p><p> -21% 0FF </p><p>$18.51</p><a href="https://www.amazon.com/dp/B06XPHR7DF?tag=eloabder-20&linkCode=osi&th=1&psc=1">View Product</a></div><div class="product"><a href="https://www.amazon.com/dp/B0DB3G8G37?tag=eloabder-20&linkCode=osi&th=1&psc=1"><img src="https://m.media-amazon.com/images/I/31Z7+iKhAKL._SL500_.jpg" alt="Product Image"></a><p>Lansinoh Washable Nursing Pads, Made with Organic Bamboo Viscose, Reusable Breast Pads for Breastfeeding with Wash Bag, Breastfeeding Essentials, 10 Count</p><p> -11% 0FF </p><p>$14.28</p><a href="https://www.amazon.com/dp/B0DB3G8G37?tag=eloabder-20&linkCode=osi&th=1&psc=1">View Product</a></div>
<div class="product"><a href="https://www.amazon.com/dp/B09T6V8YH2?tag=eloabder-20&linkCode=osi&th=1&psc=1"><img src="https://m.media-amazon.com/images/I/21knizL1Y1L._SL500_.jpg" alt="Product Image"></a><p>Nursing Pillow and Positioner with Cover for Breastfeeding and Bottle Feeding, Propping Baby, Tummy Time, Baby Sitting Support, Awake-Time Support (Pillow Only, 22" x 17.7" x 5.9")</p><p> -32% 0FF </p><p>$20.49</p><a href="https://www.amazon.com/dp/B09T6V8YH2?tag=eloabder-20&linkCode=osi&th=1&psc=1">View Product</a></div>
<div class="product"><a href="https://www.amazon.com/dp/B00B7TCX0I?tag=eloabder-20&linkCode=osi&th=1&psc=1"><img src="https://m.media-amazon.com/images/I/51n0rXJe9iL._SL500_.jpg" alt="Product Image"></a><p>Leading Lady Women's Nursing Tank Stylish Cami with Inner Shelf Bra, Black Stripe, Large</p><p> -59% 0FF </p><p>$13.98</p><a href="https://www.amazon.com/dp/B00B7TCX0I?tag=eloabder-20&linkCode=osi&th=1&psc=1">View Product</a></div><div class="product"><a href="https://www.amazon.com/dp/B07K72T7Q3?tag=eloabder-20&linkCode=osi&th=1&psc=1"><img src="https://m.media-amazon.com/images/I/31J5oWrxf6L._SL500_.jpg" alt="Product Image"></a><p>Lansinoh Reusable Nursing Pads, Nursing Essentials for Breastfeeding Mothers, 4 Absorbent Nursing Pads With Mesh Wash Bag, White Pads</p><p> -25% 0FF </p><p>$11.99</p><a href="https://www.amazon.com/dp/B07K72T7Q3?tag=eloabder-20&linkCode=osi&th=1&psc=1">View Product</a></div>

<div class="product"><a href="https://www.amazon.com/dp/B086134T3T?tag=eloabder-20&linkCode=osi&th=1&psc=1"><img src="https://m.media-amazon.com/images/I/41KhXKDGe-L._SL500_.jpg" alt="Product Image"></a><p>4our Kiddies Baby-Proof Outlet Covers (60 Pack) - Child Safety Electric Plug Protectors to Prevent Power Shock</p><p> -23% 0FF </p><p>$9.99</p><a href="https://www.amazon.com/dp/B086134T3T?tag=eloabder-20&linkCode=osi&th=1&psc=1">View Product</a></div><div class="product"><a href="https://www.amazon.com/dp/B08FBNKDKB?tag=eloabder-20&linkCode=osi&th=1&psc=1"><img src="https://m.media-amazon.com/images/I/318PTNFomwL._SL500_.jpg" alt="Product Image"></a><p>Outlet Cover Box for Child Safety (2 Pack) Duplex & Decorator Electrical Outlet Plates, Concealed Access Buttons, and Spacious Compartment - Jool Baby</p><p> -35% 0FF </p><p>$14.99</p><a href="https://www.amazon.com/dp/B08FBNKDKB?tag=eloabder-20&linkCode=osi&th=1&psc=1">View Product</a></div>
<div class="product"><a href="https://www.amazon.com/dp/B07TDN9MKC?tag=eloabder-20&linkCode=osi&th=1&psc=1"><img src="https://m.media-amazon.com/images/I/41K55mCBTsL._SL500_.jpg" alt="Product Image"></a><p>Philips Avent Soothie Orthodontic Baby Pacifiers, 100% Silicone Pacifiers, One Piece, BPA-Free, for Babies 0-3 Months, Green, 4 Pack, Model SCF190/41</p><p> -25% 0FF </p><p>$8.94</p><a href="https://www.amazon.com/dp/B07TDN9MKC?tag=eloabder-20&linkCode=osi&th=1&psc=1">View Product</a></div><div class="product"><a href="https://www.amazon.com/dp/B08177ZPKM?tag=eloabder-20&linkCode=osi&th=1&psc=1"><img src="https://m.media-amazon.com/images/I/41+0ETqpizL._SL500_.jpg" alt="Product Image"></a><p>Tommee Tippee Ultra-Light Silicone Pacifier, 0-6 Months, Symmetrical One-Piece Design, BPA-Free Silicone Binkies, Clear/Blue/Green, Pack of 4</p><p> -38% 0FF </p><p>$10.39</p><a href="https://www.amazon.com/dp/B08177ZPKM?tag=eloabder-20&linkCode=osi&th=1&psc=1">View Product</a></div><div class="product"><a href="https://www.amazon.com/dp/B09XJJB478?tag=eloabder-20&linkCode=osi&th=1&psc=1"><img src="https://m.media-amazon.com/images/I/31vbtPyMOGL._SL500_.jpg" alt="Product Image"></a><p>Dr. Brown's HappyPaci 100% Silicone Baby Pacifier, Contoured One-Piece Design, White, Blue, Light Blue, 0-6m, BPA-Free, 3 Pack</p><p> -17% 0FF </p><p>$4.97</p><a href="https://www.amazon.com/dp/B09XJJB478?tag=eloabder-20&linkCode=osi&th=1&psc=1">View Product</a></div><div class="product"><a href="https://www.amazon.com/dp/B09F6YC4MS?tag=eloabder-20&linkCode=osi&th=1&psc=1"><img src="https://m.media-amazon.com/images/I/31j7FmFh-9L._SL500_.jpg" alt="Product Image"></a><p>Itzy Ritzy Natural Rubber Pacifiers, Set of 2 – Natural Rubber Newborn Pacifiers with Cherry-Shaped Nipple & Large Air Holes for Added Safety; Set of 2 in Coconut & Toast, Ages 0 – 6 Months</p><p> -10% 0FF </p><p>$8.97</p><a href="https://www.amazon.com/dp/B09F6YC4MS?tag=eloabder-20&linkCode=osi&th=1&psc=1">View Product</a></div><div class="product"><a href="https://www.amazon.com/dp/B0835TX9TH?tag=eloabder-20&linkCode=osi&th=1&psc=1"><img src="https://m.media-amazon.com/images/I/413oViQleDL._SL500_.jpg" alt="Product Image"></a><p>NUK Orthodontic Pacifier Value Pack</p><p> -48% 0FF </p><p>$6.29</p><a href="https://www.amazon.com/dp/B0835TX9TH?tag=eloabder-20&linkCode=osi&th=1&psc=1">View Product</a></div><div class="product"><a href="https://www.amazon.com/dp/B0BJ4Q64L9?tag=eloabder-20&linkCode=osi&th=1&psc=1"><img src="https://m.media-amazon.com/images/I/31T4DaO7KeL._SL500_.jpg" alt="Product Image"></a><p>Tommee Tippee Ultra-light Silicone Pacifier, Symmetrical One-Piece Design, BPA-Free Silicone Binkies, 6-18 months, Pack of 4 Pacifiers</p><p> -32% 0FF </p><p>$11.51</p><a href="https://www.amazon.com/dp/B0BJ4Q64L9?tag=eloabder-20&linkCode=osi&th=1&psc=1">View Product</a></div><div class="product"><a href="https://www.amazon.com/dp/B0C5B1SLFL?tag=eloabder-20&linkCode=osi&th=1&psc=1"><img src="https://m.media-amazon.com/images/I/41XLQFTsedL._SL500_.jpg" alt="Product Image"></a><p>Philips Avent Ultra Soft Pacifier - 4 x Soft and Flexible Baby Pacifiers for Babies Aged 0-6 Months, BPA Free with Sterilizer Carry Case, SCF091/23</p><p> -7% 0FF </p><p>$12.94</p><a href="https://www.amazon.com/dp/B0C5B1SLFL?tag=eloabder-20&linkCode=osi&th=1&psc=1">View Product</a></div><div class="product"><a href="https://www.amazon.com/dp/B09H7LR2K2?tag=eloabder-20&linkCode=osi&th=1&psc=1"><img src="https://m.media-amazon.com/images/I/31J6KoAN3IL._SL500_.jpg" alt="Product Image"></a><p>MAM Original Start Matte Newborn Baby Pacifier, Best Pacifier for Breastfed Babies, Sterilizer Case, Girl, 0-3 Months (Pack of 2)</p><p> -38% 0FF </p><p>$4.99</p><a href="https://www.amazon.com/dp/B09H7LR2K2?tag=eloabder-20&linkCode=osi&th=1&psc=1">View Product</a></div>
<div class="product"><a href="https://www.amazon.com/dp/B0C98MM24R?tag=eloabder-20&linkCode=osi&th=1&psc=1"><img src="https://m.media-amazon.com/images/I/411zeOj8dIL._SL500_.jpg" alt="Product Image"></a><p>Silicone Pacifier Clip, Seposeve Pack of 3 Baby Pacifier Teether Clip with 4 Texture, Soft Flexible Silicone Pacifier Leashes & Cases for Boy and Girl, Keeps Pacifier Clean, Purple Pink White</p><p> -29% 0FF </p><p>$4.99</p><a href="https://www.amazon.com/dp/B0C98MM24R?tag=eloabder-20&linkCode=osi&th=1&psc=1">View Product</a></div><div class="product"><a href="https://www.amazon.com/dp/B0828BFK15?tag=eloabder-20&linkCode=osi&th=1&psc=1"><img src="https://m.media-amazon.com/images/I/41OXr2mKwYL._SL500_.jpg" alt="Product Image"></a><p>PandaEar Baby Pacifier Clips Solid Color, 4 Pack Universal Holder Leash for Boys and Girls, Teething Toys Teethers (Neutral)</p><p> -17% 0FF </p><p>$4.98</p><a href="https://www.amazon.com/dp/B0828BFK15?tag=eloabder-20&linkCode=osi&th=1&psc=1">View Product</a></div>
<div class="product"><a href="https://www.amazon.com/dp/B09JCJKMF2?tag=eloabder-20&linkCode=osi&th=1&psc=1"><img src="https://m.media-amazon.com/images/I/21hMAxonL8L._SL500_.jpg" alt="Product Image"></a><p>Ubbi On-The-Go Dual Pacifier Holder, Keep's Baby's Binkies Clean and Accessible, Portable for Travel, Diaper Bag Accessory Must Have for Newborns, Sage Green</p><p> -17% 0FF </p><p>$4.99</p><a href="https://www.amazon.com/dp/B09JCJKMF2?tag=eloabder-20&linkCode=osi&th=1&psc=1">View Product</a></div><div class="product"><a href="https://www.amazon.com/dp/B0BG8J1JJR?tag=eloabder-20&linkCode=osi&th=1&psc=1"><img src="https://m.media-amazon.com/images/I/31fDalcDyyL._SL500_.jpg" alt="Product Image"></a><p>PandaEar Pacifier Nipple Holder Case Container Boxes (4 Pack)| Universal Accessories Holders| Travel Cases| BPA Free</p><p> -17% 0FF </p><p>$4.95</p><a href="https://www.amazon.com/dp/B0BG8J1JJR?tag=eloabder-20&linkCode=osi&th=1&psc=1">View Product</a></div>
<div class="product"><a href="https://www.amazon.com/dp/B08625PRQL?tag=eloabder-20&linkCode=osi&th=1&psc=1"><img src="https://m.media-amazon.com/images/I/31PUIalU9CL._SL500_.jpg" alt="Product Image"></a><p>GROWNSY Pacifier Sanitizer Portable, UV Light Sanitizer on The Go, USB Charging Sanitizer Case, Mini Pacifier Sanitizer 99.99% Cleaned in 59 Seconds (White)</p><p> -10% 0FF </p><p>$26.95</p><a href="https://www.amazon.com/dp/B08625PRQL?tag=eloabder-20&linkCode=osi&th=1&psc=1">View Product</a></div><div class="product"><a href="https://www.amazon.com/dp/B0035LQNNE?tag=eloabder-20&linkCode=osi&th=1&psc=1"><img src="https://m.media-amazon.com/images/I/41DJ3x+h47L._SL500_.jpg" alt="Product Image"></a><p>Dr. Brown's Microwave Steam Sterilizer Bags for Baby Bottles, Pacifiers, Pump Parts and Accessories, Travel Baby Bottle Sterilizer, 30 Uses per Bag, 5 Count (Pack of 1)</p><p> -40% 0FF </p><p>$5.99</p><a href="https://www.amazon.com/dp/B0035LQNNE?tag=eloabder-20&linkCode=osi&th=1&psc=1">View Product</a></div>
<div class="product"><a href="https://www.amazon.com/dp/B0CRF9L25B?tag=eloabder-20&linkCode=osi&th=1&psc=1"><img src="https://m.media-amazon.com/images/I/41WW0AQ61YL._SL500_.jpg" alt="Product Image"></a><p>Comfy Cubs Baby Play Gym Set, Wooden Baby Playgym, Interactive Activity Center Hanging Bar with Gym Toys, Foldable for Infants, Newborn Gift for Baby Girl and Boy</p><p> -33% 0FF </p><p>$39.99</p><a href="https://www.amazon.com/dp/B0CRF9L25B?tag=eloabder-20&linkCode=osi&th=1&psc=1">View Product</a></div>
<div class="product"><a href="https://www.amazon.com/dp/B0BCVRHFX8?tag=eloabder-20&linkCode=osi&th=1&psc=1"><img src="https://m.media-amazon.com/images/I/41EoxD6Jb4L._SL500_.jpg" alt="Product Image"></a><p>Baby Playpen,Playpen, Playpen for Babies and Toddlers, Play Pen for Kids, Play Pens for Babies and Toddlers for Apartment (47 * 47 inch Grey with mat)</p><p> -23% 0FF </p><p>$46.21</p><a href="https://www.amazon.com/dp/B0BCVRHFX8?tag=eloabder-20&linkCode=osi&th=1&psc=1">View Product</a></div><div class="product"><a href="https://www.amazon.com/dp/B0BR7NFYTV?tag=eloabder-20&linkCode=osi&th=1&psc=1"><img src="https://m.media-amazon.com/images/I/41fdC8D+84L._SL500_.jpg" alt="Product Image"></a><p>COMOMY Playpens for Babies and Toddlers, Small Baby Play Pens, Activity Center for Baby Safe and Non-Slip Baby Fence, Full Mesh Design, Indoor & Outdoor Kids Activity Center (Dark Grey, 36"x36")</p><p> -20% 0FF </p><p>$39.99</p><a href="https://www.amazon.com/dp/B0BR7NFYTV?tag=eloabder-20&linkCode=osi&th=1&psc=1">View Product</a></div><div class="product"><a href="https://www.amazon.com/dp/B09ZDQ3C2Y?tag=eloabder-20&linkCode=osi&th=1&psc=1"><img src="https://m.media-amazon.com/images/I/41cGSa5tbrL._SL500_.jpg" alt="Product Image"></a><p>Pamo Babe Portable Crib Baby Playpen with Mattress and Carry Bag (Grey)</p><p> -29% 0FF </p><p>$48.99</p><a href="https://www.amazon.com/dp/B09ZDQ3C2Y?tag=eloabder-20&linkCode=osi&th=1&psc=1">View Product</a></div><div class="product"><a href="https://www.amazon.com/dp/B08BT16TH5?tag=eloabder-20&linkCode=osi&th=1&psc=1"><img src="https://m.media-amazon.com/images/I/41T3gWQReTL._SL500_.jpg" alt="Product Image"></a><p>Dream On Me Nest Portable Playard in Black with Carrybag an Shoulder Strap, Lightweight, Packable and Easy Setup Baby Playard, Breathable Mesh Sides and Soft Fabric - Comes with a Removable Padded Mat</p><p> -29% 0FF </p><p>$49.99</p><a href="https://www.amazon.com/dp/B08BT16TH5?tag=eloabder-20&linkCode=osi&th=1&psc=1">View Product</a></div>
<div class="product"><a href="https://www.amazon.com/dp/B07964SFW4?tag=eloabder-20&linkCode=osi&th=1&psc=1"><img src="https://m.media-amazon.com/images/I/415S7evTplL._SL500_.jpg" alt="Product Image"></a><p>Baby Trend Lil' Snooze Deluxe II Nursery Center, Twinkle Twinkle Little Moon</p><p> -10% 0FF </p><p>$89.99</p><a href="https://www.amazon.com/dp/B07964SFW4?tag=eloabder-20&linkCode=osi&th=1&psc=1">View Product</a></div><div class="product"><a href="https://www.amazon.com/dp/B0BMFQFZSH?tag=eloabder-20&linkCode=osi&th=1&psc=1"><img src="https://m.media-amazon.com/images/I/41tYFE0RalL._SL500_.jpg" alt="Product Image"></a><p>Pamo Babe Deluxe Nursery Center, Foldable Playard for Baby & Toddler, Bassinet, Mattress, Changing Table for Newborn(Black)</p><p> -22% 0FF </p><p>$155.99</p><a href="https://www.amazon.com/dp/B0BMFQFZSH?tag=eloabder-20&linkCode=osi&th=1&psc=1">View Product</a></div><div class="product"><a href="https://www.amazon.com/dp/B07HYV86RH?tag=eloabder-20&linkCode=osi&th=1&psc=1"><img src="https://m.media-amazon.com/images/I/41GWwVT9TQL._SL500_.jpg" alt="Product Image"></a><p>Baby Trend Trend-E Nursery Center® Playard, April</p><p> -20% 0FF </p><p>$79.99</p><a href="https://www.amazon.com/dp/B07HYV86RH?tag=eloabder-20&linkCode=osi&th=1&psc=1">View Product</a></div>
<div class="product"><a href="https://www.amazon.com/dp/B0BZQGQVD1?tag=eloabder-20&linkCode=osi&th=1&psc=1"><img src="https://m.media-amazon.com/images/I/41DuYrM0FML._SL500_.jpg" alt="Product Image"></a><p>Kopi Baby Portable Diaper Changing Pad - Baby Changing Pad & Diaper Changer Travel Bag, Smart Design Baby Changing Mat, Portable Changing Pad for Baby - Baby Changing Station, Infant Gift - Grey</p><p> -31% 0FF </p><p>$26.99</p><a href="https://www.amazon.com/dp/B0BZQGQVD1?tag=eloabder-20&linkCode=osi&th=1&psc=1">View Product</a></div><div class="product"><a href="https://www.amazon.com/dp/B085PXT49C?tag=eloabder-20&linkCode=osi&th=1&psc=1"><img src="https://m.media-amazon.com/images/I/51vXCxx-lHL._SL500_.jpg" alt="Product Image"></a><p>Portable Changing Pad for Baby|Travel Baby Changing Pads for Moms, Dads|Waterproof Portable Changing Mat with Built-in Pillow|Excellent Baby Shower/Registry Gifts</p><p> -19% 0FF </p><p>$12.99</p><a href="https://www.amazon.com/dp/B085PXT49C?tag=eloabder-20&linkCode=osi&th=1&psc=1">View Product</a></div><div class="product"><a href="https://www.amazon.com/dp/B082FZ4232?tag=eloabder-20&linkCode=osi&th=1&psc=1"><img src="https://m.media-amazon.com/images/I/51beBs2MbBL._SL500_.jpg" alt="Product Image"></a><p>First Landings Portable Diaper Changing Pad - Convenient Travel Changing Pad and Wipe Holder - Portable Changing Pad - Navy</p><p> -58% 0FF </p><p>$9.99</p><a href="https://www.amazon.com/dp/B082FZ4232?tag=eloabder-20&linkCode=osi&th=1&psc=1">View Product</a></div><div class="product"><a href="https://www.amazon.com/dp/B08N4W4CFC?tag=eloabder-20&linkCode=osi&th=1&psc=1"><img src="https://m.media-amazon.com/images/I/51vHXXugc9L._SL500_.jpg" alt="Product Image"></a><p>Portable Diaper Changing Pad for Baby, Detachable Travel Changing Pad with Baby Wipes Pocket, Gifts for Baby Shower, Newborn Girls and Boys (Grey)</p><p> -29% 0FF </p><p>$19.79</p><a href="https://www.amazon.com/dp/B08N4W4CFC?tag=eloabder-20&linkCode=osi&th=1&psc=1">View Product</a></div><div class="product"><a href="https://www.amazon.com/dp/B0CM9ZDFT7?tag=eloabder-20&linkCode=osi&th=1&psc=1"><img src="https://m.media-amazon.com/images/I/511OkyACRAL._SL500_.jpg" alt="Product Image"></a><p>Portable Changing Pad for Baby, Travel Diaper Changing Pad for Newborn, Large Waterproof Baby Changing Mat, Foldable & Detachable Diaper Changing Station with Baby Wipes Pockets, Baby Stuff by Pillani</p><p> -37% 0FF </p><p>$18.99</p><a href="https://www.amazon.com/dp/B0CM9ZDFT7?tag=eloabder-20&linkCode=osi&th=1&psc=1">View Product</a></div>
<div class="product"><a href="https://www.amazon.com/dp/B00AKKDSNG?tag=eloabder-20&linkCode=osi&th=1&psc=1"><img src="https://m.media-amazon.com/images/I/51nqUmC7OaL._SL500_.jpg" alt="Product Image"></a><p>Guava Lotus Travel Crib with Lightweight Backpack Design | Certified Baby Safe Portable Crib | Folding Play Yard with Comfy Mattress for Babies & Toddlers | Compact Baby Travel Bed</p><p> -18% 0FF </p><p>$229.95</p><a href="https://www.amazon.com/dp/B00AKKDSNG?tag=eloabder-20&linkCode=osi&th=1&psc=1">View Product</a></div><div class="product"><a href="https://www.amazon.com/dp/B07RZQC1T1?tag=eloabder-20&linkCode=osi&th=1&psc=1"><img src="https://m.media-amazon.com/images/I/41EMWNVnnYL._SL500_.jpg" alt="Product Image"></a><p>Pamo Babe Portable Crib for Baby, Portable Baby Playpen with Bassinet and Changing Table</p><p> -15% 0FF </p><p>$109.99</p><a href="https://www.amazon.com/dp/B07RZQC1T1?tag=eloabder-20&linkCode=osi&th=1&psc=1">View Product</a></div><div class="product"><a href="https://www.amazon.com/dp/B01F9FLEL4?tag=eloabder-20&linkCode=osi&th=1&psc=1"><img src="https://m.media-amazon.com/images/I/51HNrjQ09pL._SL500_.jpg" alt="Product Image"></a><p>Baby Trend Nursery Center® Playard, Tanzania</p><p> -20% 0FF </p><p>$79.99</p><a href="https://www.amazon.com/dp/B01F9FLEL4?tag=eloabder-20&linkCode=osi&th=1&psc=1">View Product</a></div>
<div class="product"><a href="https://www.amazon.com/dp/B0CXY9DDW9?tag=eloabder-20&linkCode=osi&th=1&psc=1"><img src="https://m.media-amazon.com/images/I/31MFNOwDz8L._SL500_.jpg" alt="Product Image"></a><p>Bluey Playtime Floor Potty Trainer w/Sound</p><p> -20% 0FF </p><p>$31.99</p><a href="https://www.amazon.com/dp/B0CXY9DDW9?tag=eloabder-20&linkCode=osi&th=1&psc=1">View Product</a></div>


<div class="product"><a href="https://www.amazon.com/dp/B0825YNHG9?tag=eloabder-20&linkCode=osi&th=1&psc=1"><img src="https://m.media-amazon.com/images/I/515zQEdiriL._SL500_.jpg" alt="Product Image"></a><p>wegreeco Cloth Diapers 6 Pack with 6 Inserts & 1 Wet Bag, Washable Cloth Diapers for Babies, One Size Adjustable Reusable Diapers Baby (Flower)</p><p> -17% 0FF </p><p>$31.85</p><a href="https://www.amazon.com/dp/B0825YNHG9?tag=eloabder-20&linkCode=osi&th=1&psc=1">View Product</a></div><div class="product"><a href="https://www.amazon.com/dp/B0D5HMWY6V?tag=eloabder-20&linkCode=osi&th=1&psc=1"><img src="https://m.media-amazon.com/images/I/41U1XPfqxlL._SL500_.jpg" alt="Product Image"></a><p>Smarbore Baby Cloth Diapers Set-4 Pack Diapers with 4 Inserts & 1 Wet Dry Separation Bag, Reusable Infant Toddler Nappy, Adjustable Pocket Diapers for Baby Boys and Girls(6-33 pounds,0-3 Years)</p><p> -7% 0FF </p><p>$25.99 ($2.89 / Count)</p><a href="https://www.amazon.com/dp/B0D5HMWY6V?tag=eloabder-20&linkCode=osi&th=1&psc=1">View Product</a></div>
<div class="product"><a href="https://www.amazon.com/dp/B0CG1T96CP?tag=eloabder-20&linkCode=osi&th=1&psc=1"><img src="https://m.media-amazon.com/images/I/41Zc2WoVYUL._SL500_.jpg" alt="Product Image"></a><p>Yaheetech Upholstered Rocking Chair, Boucle Glider Chair Nursery Chair with High Back and Side Pocket, Rocking Accent Armchair with Rubber Wood Legs for Living Room/Bedroom/Nursery, Ivory</p><p> -41% 0FF </p><p>$99.99</p><a href="https://www.amazon.com/dp/B0CG1T96CP?tag=eloabder-20&linkCode=osi&th=1&psc=1">View Product</a></div><div class="product"><a href="https://www.amazon.com/dp/B0815ZR4LN?tag=eloabder-20&linkCode=osi&th=1&psc=1"><img src="https://m.media-amazon.com/images/I/31z4fzPBkHL._SL500_.jpg" alt="Product Image"></a><p>Evolur Raleigh Upholstered Nursery Glider, Swivel, Rock, Recliner, Tool Free Assembly, Greenguard Gold Certified Misty Grey</p><p> -43% 0FF </p><p>$199.99</p><a href="https://www.amazon.com/dp/B0815ZR4LN?tag=eloabder-20&linkCode=osi&th=1&psc=1">View Product</a></div><div class="product"><a href="https://www.amazon.com/dp/B01N4KL7QS?tag=eloabder-20&linkCode=osi&th=1&psc=1"><img src="https://m.media-amazon.com/images/I/51EIu4gTPDL._SL500_.jpg" alt="Product Image"></a><p>Angel Line Windsor Glider and Ottoman, Natural and Gray</p><p> -21% 0FF </p><p>$139.00</p><a href="https://www.amazon.com/dp/B01N4KL7QS?tag=eloabder-20&linkCode=osi&th=1&psc=1">View Product</a></div><div class="product"><a href="https://www.amazon.com/dp/B0DF2PJ5KH?tag=eloabder-20&linkCode=osi&th=1&psc=1"><img src="https://m.media-amazon.com/images/I/51wf3SLefBL._SL500_.jpg" alt="Product Image"></a><p>VECELO High Back Nursery Rocking Chair with Foot Rest, Teddy Upholstered Reclining Glider Rocker, Comfy Armchair Padded Seat Removable Side Pockets for Living Room, Bedroom, Balcony, White</p><p> -7% 0FF </p><p>$129.99</p><a href="https://www.amazon.com/dp/B0DF2PJ5KH?tag=eloabder-20&linkCode=osi&th=1&psc=1">View Product</a></div>
<div class="product"><a href="https://www.amazon.com/dp/B0D4YY8V2Z?tag=eloabder-20&linkCode=osi&th=1&psc=1"><img src="https://m.media-amazon.com/images/I/41ckUZsbOhL._SL500_.jpg" alt="Product Image"></a><p>JXM Safety Harness for Active Childs with Quick Grab Handle, Teens Youth Secure Walking Harness with Autism Awareness and Pouch, Adjustable Tether Leash for Autism ADHD Special Needs Child Kids</p><p> -11% 0FF </p><p>$24.99</p><a href="https://www.amazon.com/dp/B0D4YY8V2Z?tag=eloabder-20&linkCode=osi&th=1&psc=1">View Product</a></div><div class="product"><a href="https://www.amazon.com/dp/B0CMTXJ956?tag=eloabder-20&linkCode=osi&th=1&psc=1"><img src="https://m.media-amazon.com/images/I/41isiqOFw+L._SL500_.jpg" alt="Product Image"></a><p>Kanayu 2 Pcs Walking Harness for Older Children with Handle and Pouch Safety Harness for Autism ADHD Special Needs Child Kids(8-12 Years)</p><p> -12% 0FF </p><p>$22.99</p><a href="https://www.amazon.com/dp/B0CMTXJ956?tag=eloabder-20&linkCode=osi&th=1&psc=1">View Product</a></div><div class="product"><a href="https://www.amazon.com/dp/B0CFY3B37N?tag=eloabder-20&linkCode=osi&th=1&psc=1"><img src="https://m.media-amazon.com/images/I/41i7J-tFLEL._SL500_.jpg" alt="Product Image"></a><p>ROSROSE Child Airplane Safety Travel Harness, Airplane Travel Accessories for Kid Toddler, Child Aviation Flight Seat Device/Seat Belt, Safety Restraint System Helps Keep Your Child Safe</p><p> -10% 0FF </p><p>$22.55</p><a href="https://www.amazon.com/dp/B0CFY3B37N?tag=eloabder-20&linkCode=osi&th=1&psc=1">View Product</a></div>
<div class="product"><a href="https://www.amazon.com/dp/B08WDLZ9YF?tag=eloabder-20&linkCode=osi&th=1&psc=1"><img src="https://m.media-amazon.com/images/I/41yh9vV9UTL._SL500_.jpg" alt="Product Image"></a><p>Safety 1st Healthcare On-The-go Kit, Pyramids Aqua</p><p> -27% 0FF </p><p>$9.53</p><a href="https://www.amazon.com/dp/B08WDLZ9YF?tag=eloabder-20&linkCode=osi&th=1&psc=1">View Product</a></div>
<div class="product"><a href="https://www.amazon.com/dp/B0009EXOIM?tag=eloabder-20&linkCode=osi&th=1&psc=1"><img src="https://m.media-amazon.com/images/I/41tq74vnvfL._SL500_.jpg" alt="Product Image"></a><p>Safety 1st 12 Pack Ultra Clear Outlet Plugs</p><p> -55% 0FF </p><p>$2.99</p><a href="https://www.amazon.com/dp/B0009EXOIM?tag=eloabder-20&linkCode=osi&th=1&psc=1">View Product</a></div>

<div class="product"><a href="https://www.amazon.com/dp/B0CD42KQ3K?tag=eloabder-20&linkCode=osi&th=1&psc=1"><img src="https://m.media-amazon.com/images/I/41c9zvmFrLL._SL500_.jpg" alt="Product Image"></a><p>TOHIBEE Baby Montessori Sensory Toys for 0-6 6-12 Months, Food Grade Teething Toys for Babies 0 3 6 9 12 18 Months, Newborn Infant Learning Developmental Toys Gifts for 1 2 Year Old Boys Girls</p><p> -50% 0FF </p><p>$9.99</p><a href="https://www.amazon.com/dp/B0CD42KQ3K?tag=eloabder-20&linkCode=osi&th=1&psc=1">View Product</a></div><div class="product"><a href="https://www.amazon.com/dp/B0CNNZKL6Z?tag=eloabder-20&linkCode=osi&th=1&psc=1"><img src="https://m.media-amazon.com/images/I/419qSwSFEIL._SL500_.jpg" alt="Product Image"></a><p>MIUXUESO 3 Pcs Baby Flower Headbands Baby Girls Nylon Headbands Soft Hairbands Hair Accessories for Newborn Infant Toddler Kids (Beige Pink Khaki)</p><p> -11% 0FF </p><p>$8.89 ($2.96 / Count)</p><a href="https://www.amazon.com/dp/B0CNNZKL6Z?tag=eloabder-20&linkCode=osi&th=1&psc=1">View Product</a></div><div class="product"><a href="https://www.amazon.com/dp/B0CRLDXBYN?tag=eloabder-20&linkCode=osi&th=1&psc=1"><img src="https://m.media-amazon.com/images/I/51U5mzLT4CL._SL500_.jpg" alt="Product Image"></a><p>Cute Castle Baby Sleep Sack 0-6 Months - Lightweight 100% Cotton 2-Way Zipper TOG 0.5 Infant Wearable Blanket, Newborn Essentials Toddler Sleep Clothes (3 Pack Green)</p><p> -41% 0FF </p><p>$26.98</p><a href="https://www.amazon.com/dp/B0CRLDXBYN?tag=eloabder-20&linkCode=osi&th=1&psc=1">View Product</a></div><div class="product"><a href="https://www.amazon.com/dp/B0CNSPHBBG?tag=eloabder-20&linkCode=osi&th=1&psc=1"><img src="https://m.media-amazon.com/images/I/41KtLZ6dp3L._SL500_.jpg" alt="Product Image"></a><p>Arnzion Baby Hooded Towels for Babies and Toddlers, Muslin Baby Bath Towel Soft and Absorbent for Boys and Girls (Dark Grey 1 Pack)</p><p> -10% 0FF </p><p>$8.99</p><a href="https://www.amazon.com/dp/B0CNSPHBBG?tag=eloabder-20&linkCode=osi&th=1&psc=1">View Product</a></div><div class="product"><a href="https://www.amazon.com/dp/B0C6Y89H47?tag=eloabder-20&linkCode=osi&th=1&psc=1"><img src="https://m.media-amazon.com/images/I/41SIANIdhkL._SL500_.jpg" alt="Product Image"></a><p>HelloBaby Upgrade 5’’ Baby Monitor with 26-Hour Battery, 2 Cameras Pan-Tilt-Zoom, 1000ft Range Video Audio Baby Monitor No WiFi, VOX, Night Vision, 2-Way Talk, 8 Lullabies and Temperature</p><p> -22% 0FF </p><p>$139.99</p><a href="https://www.amazon.com/dp/B0C6Y89H47?tag=eloabder-20&linkCode=osi&th=1&psc=1">View Product</a></div><div class="product"><a href="https://www.amazon.com/dp/B0CLGCN5ZS?tag=eloabder-20&linkCode=osi&th=1&psc=1"><img src="https://m.media-amazon.com/images/I/41PuaWmW8rL._SL500_.jpg" alt="Product Image"></a><p>Momcozy Baby Carrier Newborn to Toddler - Ergonomic, Cozy and Lightweight Infant Carrier for 7-44lbs, Effortless to Put On, Ideal for Hands-Free Parenting, Enhanced Lumbar Support, Khaki</p><p> -7% 0FF </p><p>$64.99</p><a href="https://www.amazon.com/dp/B0CLGCN5ZS?tag=eloabder-20&linkCode=osi&th=1&psc=1">View Product</a></div>
<div class="product"><a href="https://www.amazon.com/dp/B09B94C44F?tag=eloabder-20&linkCode=osi&th=1&psc=1"><img src="https://m.media-amazon.com/images/I/41mrmM0elVL._SL500_.jpg" alt="Product Image"></a><p>Fisher-Price Baby to Toddler Learning Toy 2-in-1 Like a Boss Activity Center and Play Table with Lights Music and Sounds</p><p> -33% 0FF </p><p>$73.99</p><a href="https://www.amazon.com/dp/B09B94C44F?tag=eloabder-20&linkCode=osi&th=1&psc=1">View Product</a></div><div class="product"><a href="https://www.amazon.com/dp/B08D8RSLXW?tag=eloabder-20&linkCode=osi&th=1&psc=1"><img src="https://m.media-amazon.com/images/I/41CTM7vmqIL._SL500_.jpg" alt="Product Image"></a><p>Smart Steps® Bounce N’ Play 3-in-1 Activity Center, Woodland Walk</p><p> -14% 0FF </p><p>$59.99</p><a href="https://www.amazon.com/dp/B08D8RSLXW?tag=eloabder-20&linkCode=osi&th=1&psc=1">View Product</a></div><div class="product"><a href="https://www.amazon.com/dp/B08WQB3JQW?tag=eloabder-20&linkCode=osi&th=1&psc=1"><img src="https://m.media-amazon.com/images/I/413UkTCXRJL._SL500_.jpg" alt="Product Image"></a><p>Smart Steps® 3-in-1 Bounce N' Play Activity Center Plus with STEM Learning Toys, Tike Hike</p><p> -33% 0FF </p><p>$59.99</p><a href="https://www.amazon.com/dp/B08WQB3JQW?tag=eloabder-20&linkCode=osi&th=1&psc=1">View Product</a></div><div class="product"><a href="https://www.amazon.com/dp/B0B5JJGGTC?tag=eloabder-20&linkCode=osi&th=1&psc=1"><img src="https://m.media-amazon.com/images/I/41hewN3eW6L._SL500_.jpg" alt="Product Image"></a><p>Fisher-Price Baby to Toddler Toy 3-in-1 SnugaPuppy Activity Center and Play Table with Lights Sounds and Developmental Activities</p><p> -23% 0FF </p><p>$99.99</p><a href="https://www.amazon.com/dp/B0B5JJGGTC?tag=eloabder-20&linkCode=osi&th=1&psc=1">View Product</a></div><div class="product"><a href="https://www.amazon.com/dp/B07BF1V8K8?tag=eloabder-20&linkCode=osi&th=1&psc=1"><img src="https://m.media-amazon.com/images/I/51kWbX5t3FL._SL500_.jpg" alt="Product Image"></a><p>Battat - Activity Cube With Farm Theme - Educational Wooden Toys For Toddlers And Kids - 1 Year +</p><p> -42% 0FF </p><p>$59.95</p><a href="https://www.amazon.com/dp/B07BF1V8K8?tag=eloabder-20&linkCode=osi&th=1&psc=1">View Product</a></div>
<div class="product"><a href="https://www.amazon.com/dp/B07MPCCDM7?tag=eloabder-20&linkCode=osi&th=1&psc=1"><img src="https://m.media-amazon.com/images/I/414WzjZL6XL._SL500_.jpg" alt="Product Image"></a><p>Baby Einstein 4-in-1 Kickin' Tunes Music and Language Play Gym and Piano Tummy Time Activity Mat</p><p> -20% 0FF </p><p>$39.98</p><a href="https://www.amazon.com/dp/B07MPCCDM7?tag=eloabder-20&linkCode=osi&th=1&psc=1">View Product</a></div><div class="product"><a href="https://www.amazon.com/dp/B0793D9WBY?tag=eloabder-20&linkCode=osi&th=1&psc=1"><img src="https://m.media-amazon.com/images/I/51SJobuKTzL._SL500_.jpg" alt="Product Image"></a><p>Fisher-Price Baby Playmat Deluxe Kick & Play Piano Gym, Green Musical Learning Toy with 2 Rattle Maracas for Developmental Play Newborns 0+ Months</p><p> -18% 0FF </p><p>$49.49</p><a href="https://www.amazon.com/dp/B0793D9WBY?tag=eloabder-20&linkCode=osi&th=1&psc=1">View Product</a></div><div class="product"><a href="https://www.amazon.com/dp/B0B5JXBMZJ?tag=eloabder-20&linkCode=osi&th=1&psc=1"><img src="https://m.media-amazon.com/images/I/51zfjAIFbcL._SL500_.jpg" alt="Product Image"></a><p>Fisher-Price Baby Playmat Kick & Play Piano Gym with Musical and Sensory Toys for Newborn to Toddler, Navy Fawn</p><p> -27% 0FF </p><p>$39.88</p><a href="https://www.amazon.com/dp/B0B5JXBMZJ?tag=eloabder-20&linkCode=osi&th=1&psc=1">View Product</a></div><div class="product"><a href="https://www.amazon.com/dp/B0036RKGHQ?tag=eloabder-20&linkCode=osi&th=1&psc=1"><img src="https://m.media-amazon.com/images/I/51ciJPgVi-L._SL500_.jpg" alt="Product Image"></a><p>Bright Starts Disney Baby Finding Nemo Mr. Ray Ocean Lights & Music Gym, Ages Newborn +</p><p> -18% 0FF </p><p>$69.98</p><a href="https://www.amazon.com/dp/B0036RKGHQ?tag=eloabder-20&linkCode=osi&th=1&psc=1">View Product</a></div>
<div class="product"><a href="https://www.amazon.com/dp/B0C8HGTL8Y?tag=eloabder-20&linkCode=osi&th=1&psc=1"><img src="https://m.media-amazon.com/images/I/41JRClg8WzL._SL500_.jpg" alt="Product Image"></a><p>Baby Trend Everlast 7-in-1 High Chair, Charcoal Stone</p><p> -50% 0FF </p><p>$49.99</p><a href="https://www.amazon.com/dp/B0C8HGTL8Y?tag=eloabder-20&linkCode=osi&th=1&psc=1">View Product</a></div><div class="product"><a href="https://www.amazon.com/dp/B08DY55SQZ?tag=eloabder-20&linkCode=osi&th=1&psc=1"><img src="https://m.media-amazon.com/images/I/31Gi5M2n0TL._SL500_.jpg" alt="Product Image"></a><p>Evenflo 4-in-1 Eat & Grow Convertible High Chair,Polyester</p><p> -9% 0FF </p><p>$62.99</p><a href="https://www.amazon.com/dp/B08DY55SQZ?tag=eloabder-20&linkCode=osi&th=1&psc=1">View Product</a></div><div class="product"><a href="https://www.amazon.com/dp/B0BDSWVGJN?tag=eloabder-20&linkCode=osi&th=1&psc=1"><img src="https://m.media-amazon.com/images/I/31RKzujFVpL._SL500_.jpg" alt="Product Image"></a><p>Graco EveryStep 6 in 1 High Chair, Babies and Toddlers Portable Slim High Chair with 6 Growing Stages from Infant to Toddler Seating, Convenient for Dining Time, Featured Design in Misty</p><p> -12% 0FF </p><p>$176.99</p><a href="https://www.amazon.com/dp/B0BDSWVGJN?tag=eloabder-20&linkCode=osi&th=1&psc=1">View Product</a></div><div class="product"><a href="https://www.amazon.com/dp/B0DFGSY7D2?tag=eloabder-20&linkCode=osi&th=1&psc=1"><img src="https://m.media-amazon.com/images/I/41LuMCYsLxL._SL500_.jpg" alt="Product Image"></a><p>High Chair,IJHIJH Baby High Chair,Foldable High Chair,High Chair for Babies and Toddlers,Double-Layer Large Tray,Backrest and Height Adjustable,5-Point Safety Belt,Non-Slip Mat,Space Saving</p><p> -23% 0FF </p><p>$99.99</p><a href="https://www.amazon.com/dp/B0DFGSY7D2?tag=eloabder-20&linkCode=osi&th=1&psc=1">View Product</a></div><div class="product"><a href="https://www.amazon.com/dp/B01MRVWGJH?tag=eloabder-20&linkCode=osi&th=1&psc=1"><img src="https://m.media-amazon.com/images/I/41HxUVOWn-L._SL500_.jpg" alt="Product Image"></a><p>Cosco Simple Fold Full Size High Chair With Adjustable Tray, 28.5x23.5x38.7 Inch (Pack of 1)</p><p> -23% 0FF </p><p>$49.99</p><a href="https://www.amazon.com/dp/B01MRVWGJH?tag=eloabder-20&linkCode=osi&th=1&psc=1">View Product</a></div><div class="product"><a href="https://www.amazon.com/dp/B0B1QRSXW9?tag=eloabder-20&linkCode=osi&th=1&psc=1"><img src="https://m.media-amazon.com/images/I/41k+dOKhnqL._SL500_.jpg" alt="Product Image"></a><p>Baby Trend Sit Right 2.0 3-in-1 High Chair - Cozy Grey</p><p> -25% 0FF </p><p>$59.99</p><a href="https://www.amazon.com/dp/B0B1QRSXW9?tag=eloabder-20&linkCode=osi&th=1&psc=1">View Product</a></div><div class="product"><a href="https://www.amazon.com/dp/B08HKPPJPV?tag=eloabder-20&linkCode=osi&th=1&psc=1"><img src="https://m.media-amazon.com/images/I/31cMtIzV9lL._SL500_.jpg" alt="Product Image"></a><p>Graco® Table2Table LX 6-in-1 Highchair, Arrows with Infant Head Support & One-Hand Removable Tray</p><p> -16% 0FF </p><p>$100.99</p><a href="https://www.amazon.com/dp/B08HKPPJPV?tag=eloabder-20&linkCode=osi&th=1&psc=1">View Product</a></div><div class="product"><a href="https://www.amazon.com/dp/B07Y5RY7QT?tag=eloabder-20&linkCode=osi&th=1&psc=1"><img src="https://m.media-amazon.com/images/I/31IiUCIU1JL._SL500_.jpg" alt="Product Image"></a><p>Graco DuoDiner DLX 6-in-1 Highchair, Mathis</p><p> -7% 0FF </p><p>$139.99</p><a href="https://www.amazon.com/dp/B07Y5RY7QT?tag=eloabder-20&linkCode=osi&th=1&psc=1">View Product</a></div><div class="product"><a href="https://www.amazon.com/dp/B091M5MT2L?tag=eloabder-20&linkCode=osi&th=1&psc=1"><img src="https://m.media-amazon.com/images/I/31ukjyiALGL._SL500_.jpg" alt="Product Image"></a><p>Century Dine On 4-in-1 High Chair, Grows with Child with 4 Modes, Metro</p><p> -11% 0FF </p><p>$79.99</p><a href="https://www.amazon.com/dp/B091M5MT2L?tag=eloabder-20&linkCode=osi&th=1&psc=1">View Product</a></div>
<div class="product"><a href="https://www.amazon.com/dp/B000MR4IX6?tag=eloabder-20&linkCode=osi&th=1&psc=1"><img src="https://m.media-amazon.com/images/I/31QxBnnFyKL._SL500_.jpg" alt="Product Image"></a><p>Crane Adorables Ultrasonic Humidifiers for Bedroom and Baby Nursery, 1 Gallon Cool Mist Air Humidifier for Large Room or Kid's Room, Humidifier Filters Optional, Hello Kitty</p><p> -10% 0FF </p><p>$53.99</p><a href="https://www.amazon.com/dp/B000MR4IX6?tag=eloabder-20&linkCode=osi&th=1&psc=1">View Product</a></div><div class="product"><a href="https://www.amazon.com/dp/B001ADL1SG?tag=eloabder-20&linkCode=osi&th=1&psc=1"><img src="https://m.media-amazon.com/images/I/31jxnLUt3iL._SL500_.jpg" alt="Product Image"></a><p>Crane Ultrasonic Cool Mist Humidifier for Bedroom, Baby Nursery, Kids Room, Plants, or Office, Large 1 Gallon Tank, Filter Optional, Blue and White</p><p> -25% 0FF </p><p>$44.99</p><a href="https://www.amazon.com/dp/B001ADL1SG?tag=eloabder-20&linkCode=osi&th=1&psc=1">View Product</a></div><div class="product"><a href="https://www.amazon.com/dp/B089QWNQXC?tag=eloabder-20&linkCode=osi&th=1&psc=1"><img src="https://m.media-amazon.com/images/I/31SHRor76xL._SL500_.jpg" alt="Product Image"></a><p>Dr. Brown's All-in-One Sterilizer and Dryer for Baby Bottles, Parts & Other Newborn Essentials</p><p> -28% 0FF </p><p>$57.99</p><a href="https://www.amazon.com/dp/B089QWNQXC?tag=eloabder-20&linkCode=osi&th=1&psc=1">View Product</a></div><div class="product"><a href="https://www.amazon.com/dp/B008KJEYLO?tag=eloabder-20&linkCode=osi&th=1&psc=1"><img src="https://m.media-amazon.com/images/I/516vqHBFtxL._SL500_.jpg" alt="Product Image"></a><p>WaterWipes Plastic-Free Original Baby Wipes, 99.9% Water Based Wipes, Unscented & Hypoallergenic for Sensitive Skin, 60 Count (Pack of 12), Packaging May Vary</p><p> -13% 0FF </p><p>$39.97 ($5.55 / 100 Count)</p><a href="https://www.amazon.com/dp/B008KJEYLO?tag=eloabder-20&linkCode=osi&th=1&psc=1">View Product</a></div><div class="product"><a href="https://www.amazon.com/dp/B094YK9MB1?tag=eloabder-20&linkCode=osi&th=1&psc=1"><img src="https://m.media-amazon.com/images/I/31h+m99qpwL._SL500_.jpg" alt="Product Image"></a><p>Westinghouse 28-inch Cool Mist Ultrasonic Tower Humidifier, 6L Top Fill Air Humidifier with Essential Oil Diffuser, Adjustable Mist Volume for Large Bedrooms</p><p> -50% 0FF </p><p>$59.99</p><a href="https://www.amazon.com/dp/B094YK9MB1?tag=eloabder-20&linkCode=osi&th=1&psc=1">View Product</a></div>
<div class="product"><a href="https://www.amazon.com/dp/B0961KZ9X2?tag=eloabder-20&linkCode=osi&th=1&psc=1"><img src="https://m.media-amazon.com/images/I/41AUjJ8u93S._SL500_.jpg" alt="Product Image"></a><p>Philips Avent Anti-Colic Baby Bottle with AirFree Vent, 9oz, 4pk, Clear, SCY703/04</p><p> -20% 0FF </p><p>$23.99</p><a href="https://www.amazon.com/dp/B0961KZ9X2?tag=eloabder-20&linkCode=osi&th=1&psc=1">View Product</a></div><div class="product"><a href="https://www.amazon.com/dp/B00K5KVC52?tag=eloabder-20&linkCode=osi&th=1&psc=1"><img src="https://m.media-amazon.com/images/I/411dDDTfnQL._SL500_.jpg" alt="Product Image"></a><p>Tommee Tippee Natural Start Anti-Colic BPA Free Baby Bottles, 9oz, Slow-Flow Breast-Like Nipple for a Natural Latch, Designed for Seamless Transitions Between Bottle and Breast, Fiesta, Pack of 6</p><p> -44% 0FF </p><p>$23.97</p><a href="https://www.amazon.com/dp/B00K5KVC52?tag=eloabder-20&linkCode=osi&th=1&psc=1">View Product</a></div><div class="product"><a href="https://www.amazon.com/dp/B00H0DH2NS?tag=eloabder-20&linkCode=osi&th=1&psc=1"><img src="https://m.media-amazon.com/images/I/41-a1Bfp4SL._SL500_.jpg" alt="Product Image"></a><p>Lansinoh Anti-Colic Baby Bottles for Breastfeeding Babies, 5 Ounces, 3 Count, Includes 3 Slow Flow Nipples, Size S</p><p> -25% 0FF </p><p>$14.99</p><a href="https://www.amazon.com/dp/B00H0DH2NS?tag=eloabder-20&linkCode=osi&th=1&psc=1">View Product</a></div><div class="product"><a href="https://www.amazon.com/dp/B07M6QQP9Z?tag=eloabder-20&linkCode=osi&th=1&psc=1"><img src="https://m.media-amazon.com/images/I/41DGyuAuyJL._SL500_.jpg" alt="Product Image"></a><p>Dr. Brown's Natural Flow Anti-Colic Options+ Wide-Neck Glass Baby Bottles 5 oz/150 mL, with Level 1 Slow Flow Nipple, 3 Pack, 0m+</p><p> -17% 0FF </p><p>$23.99</p><a href="https://www.amazon.com/dp/B07M6QQP9Z?tag=eloabder-20&linkCode=osi&th=1&psc=1">View Product</a></div>
<div class="product"><a href="https://www.amazon.com/dp/B00MN6IGPK?tag=eloabder-20&linkCode=osi&th=1&psc=1"><img src="https://m.media-amazon.com/images/I/41QKUlWUujL._SL500_.jpg" alt="Product Image"></a><p>Pioneer Photo Albums DA-200COLB/B 200-Pocket Embossed Baby Leatherette Frame Cover Album for 4 by 6-Inch Prints, Blue</p><p> -20% 0FF </p><p>$13.58</p><a href="https://www.amazon.com/dp/B00MN6IGPK?tag=eloabder-20&linkCode=osi&th=1&psc=1">View Product</a></div><div class="product"><a href="https://www.amazon.com/dp/B09G9LD7MR?tag=eloabder-20&linkCode=osi&th=1&psc=1"><img src="https://m.media-amazon.com/images/I/41G9dvP0dRL._SL500_.jpg" alt="Product Image"></a><p>Holoary Baby Photo Album 4” x 6” 160 Photos, Newborn Baby Keepsake Gifts for Baby Boy/Girl and New Parents, Woodland Animals Design</p><p> -15% 0FF </p><p>$16.99</p><a href="https://www.amazon.com/dp/B09G9LD7MR?tag=eloabder-20&linkCode=osi&th=1&psc=1">View Product</a></div>
<div class="product"><a href="https://www.amazon.com/dp/B099FM4W4H?tag=eloabder-20&linkCode=osi&th=1&psc=1"><img src="https://m.media-amazon.com/images/I/41oW5RAdkOL._SL500_.jpg" alt="Product Image"></a><p>Frida Baby 4-in-1 Grow-with-Me Baby Bathtub, Baby Tub for Newborns to Toddler with Removable Bath Seat & Backrest for Bath Support in Tub</p><p> -9% 0FF </p><p>$49.97</p><a href="https://www.amazon.com/dp/B099FM4W4H?tag=eloabder-20&linkCode=osi&th=1&psc=1">View Product</a></div><div class="product"><a href="https://www.amazon.com/dp/B008VWVS14?tag=eloabder-20&linkCode=osi&th=1&psc=1"><img src="https://m.media-amazon.com/images/I/41SmMRWIinL._SL500_.jpg" alt="Product Image"></a><p>Angelcare Baby Bath Support (Aqua) | Ideal for Babies Less than 6 Months Old</p><p> -33% 0FF </p><p>$19.99</p><a href="https://www.amazon.com/dp/B008VWVS14?tag=eloabder-20&linkCode=osi&th=1&psc=1">View Product</a></div><div class="product"><a href="https://www.amazon.com/dp/B0856SSQ1X?tag=eloabder-20&linkCode=osi&th=1&psc=1"><img src="https://m.media-amazon.com/images/I/31uBL4LsJbL._SL500_.jpg" alt="Product Image"></a><p>Fisher-Price Baby to Toddler Bath 4-in-1 Sling ‘n Seat Tub with Removable Infant Support and 2 Toys, Pacific Pebble</p><p> -11% 0FF </p><p>$39.99</p><a href="https://www.amazon.com/dp/B0856SSQ1X?tag=eloabder-20&linkCode=osi&th=1&psc=1">View Product</a></div><div class="product"><a href="https://www.amazon.com/dp/B0BFVBMM2Y?tag=eloabder-20&linkCode=osi&th=1&psc=1"><img src="https://m.media-amazon.com/images/I/31HpHQ7IjxL._SL500_.jpg" alt="Product Image"></a><p>The First Years Renewed Baby Bath Tub - Newborn to Toddler 3-in-1 Baby Tub with Removable Sling - Made with 50% Recycled Material - 0 to 25 LBs</p><p> -10% 0FF </p><p>$26.99</p><a href="https://www.amazon.com/dp/B0BFVBMM2Y?tag=eloabder-20&linkCode=osi&th=1&psc=1">View Product</a></div><div class="product"><a href="https://www.amazon.com/dp/B08XYFMK8K?tag=eloabder-20&linkCode=osi&th=1&psc=1"><img src="https://m.media-amazon.com/images/I/41pzMRjTbyS._SL500_.jpg" alt="Product Image"></a><p>The First Years Rain Shower Baby Bathtub — Baby Spa for Newborn to Toddler — includes Convertible Bathtub and Sling with Soothing Spray — Baby Bath Essentials</p><p> -20% 0FF </p><p>$69.99</p><a href="https://www.amazon.com/dp/B08XYFMK8K?tag=eloabder-20&linkCode=osi&th=1&psc=1">View Product</a></div>
<div class="product"><a href="https://www.amazon.com/dp/B08GFCX964?tag=eloabder-20&linkCode=osi&th=1&psc=1"><img src="https://m.media-amazon.com/images/I/41WRO-OeUjL._SL500_.jpg" alt="Product Image"></a><p>PandaEar Set of 3 Silicone Baby Bibs Waterproof, Soft, Unisex, 10-72 Months (Brown/Blue/Green)</p><p> -27% 0FF </p><p>$8.45</p><a href="https://www.amazon.com/dp/B08GFCX964?tag=eloabder-20&linkCode=osi&th=1&psc=1">View Product</a></div><div class="product"><a href="https://www.amazon.com/dp/B0B152XRC4?tag=eloabder-20&linkCode=osi&th=1&psc=1"><img src="https://m.media-amazon.com/images/I/51OYlHgekxL._SL500_.jpg" alt="Product Image"></a><p>8-Pack Organic Baby Bibs for Boys, Girls - Soft Cotton Drooling and Teething Baby Bibs, Baby Girl Bibs, Baby Boy Bibs, Baby Drool Bibs for Baby Girl, Boy, Newborn Infant Bibs (Sweet Charm)</p><p> -39% 0FF </p><p>$16.96</p><a href="https://www.amazon.com/dp/B0B152XRC4?tag=eloabder-20&linkCode=osi&th=1&psc=1">View Product</a></div>
<div class="product"><a href="https://www.amazon.com/dp/B01CJABFKM?tag=eloabder-20&linkCode=osi&th=1&psc=1"><img src="https://m.media-amazon.com/images/I/41Cy6DIfuuL._SL500_.jpg" alt="Product Image"></a><p>Custom Catch Personalized Baby Blanket for Boys - Blue</p><p> -27% 0FF </p><p>$21.94</p><a href="https://www.amazon.com/dp/B01CJABFKM?tag=eloabder-20&linkCode=osi&th=1&psc=1">View Product</a></div><div class="product"><a href="https://www.amazon.com/dp/B098NY9KW8?tag=eloabder-20&linkCode=osi&th=1&psc=1"><img src="https://m.media-amazon.com/images/I/41k5gWkxQgL._SL500_.jpg" alt="Product Image"></a><p>Momcozy Muslin Swaddle Blankets, Swaddle Blanket for Baby Boys and Girls, 4-Pack Breathable and Skin-Friendly Baby Receiving Blankets Swaddle Wrap, Baby Essentials, Registry & Gift, 47 x 47 inches</p><p> -40% 0FF </p><p>$29.99</p><a href="https://www.amazon.com/dp/B098NY9KW8?tag=eloabder-20&linkCode=osi&th=1&psc=1">View Product</a></div><div class="product"><a href="https://www.amazon.com/dp/B0CNPDMD1R?tag=eloabder-20&linkCode=osi&th=1&psc=1"><img src="https://m.media-amazon.com/images/I/41P19H8j35L._SL500_.jpg" alt="Product Image"></a><p>Yurhap Fleece Baby Blanket Heart Checkered Blanket, Ultra Soft Cozy Baby Blankets for Girls Boys, Fluffy Infant Toddler Newborn Receiving Blankets for Crib Stroller 30”×40” (Light Pink)</p><p> -33% 0FF </p><p>$9.99</p><a href="https://www.amazon.com/dp/B0CNPDMD1R?tag=eloabder-20&linkCode=osi&th=1&psc=1">View Product</a></div><div class="product"><a href="https://www.amazon.com/dp/B0B3J7RYTF?tag=eloabder-20&linkCode=osi&th=1&psc=1"><img src="https://m.media-amazon.com/images/I/41xEsOQY4yL._SL500_.jpg" alt="Product Image"></a><p>Konssy Waffle Baby Blankets, Nursery Blankets for Boys Girls, Swaddle Blankets Neutral Soft Lightweight Toddler and Kids Throw Blankets(Oat)</p><p> -23% 0FF </p><p>$22.99</p><a href="https://www.amazon.com/dp/B0B3J7RYTF?tag=eloabder-20&linkCode=osi&th=1&psc=1">View Product</a></div><div class="product"><a href="https://www.amazon.com/dp/B0BD6TPYXR?tag=eloabder-20&linkCode=osi&th=1&psc=1"><img src="https://m.media-amazon.com/images/I/51SPJrzTpKL._SL500_.jpg" alt="Product Image"></a><p>Konssy Baby Blankets for Unisex Boys Girls, Super Soft Nursery Minky Blankets with Muslin Cotton Front and Dotted Fleece Backing, Printed Bed Throws Newborn</p><p> -10% 0FF </p><p>$18.99</p><a href="https://www.amazon.com/dp/B0BD6TPYXR?tag=eloabder-20&linkCode=osi&th=1&psc=1">View Product</a></div>
<div class="product"><a href="https://www.amazon.com/dp/B081FTXL88?tag=eloabder-20&linkCode=osi&th=1&psc=1"><img src="https://m.media-amazon.com/images/I/31S6fvevhIL._SL500_.jpg" alt="Product Image"></a><p>Munchkin® Bristle™ Bottle Brush, Grey</p><p> -23% 0FF </p><p>$4.47</p><a href="https://www.amazon.com/dp/B081FTXL88?tag=eloabder-20&linkCode=osi&th=1&psc=1">View Product</a></div><div class="product"><a href="https://www.amazon.com/dp/B082PZ44M9?tag=eloabder-20&linkCode=osi&th=1&psc=1"><img src="https://m.media-amazon.com/images/I/21NI5khXnaL._SL500_.jpg" alt="Product Image"></a><p>Boon Cacti Bottle Cleaning Brush Set - Includes Bottle Brush, Nipple Brush, Detail Brush, and Straw Brush - Baby Bottle Brush Set for Bottle Drying Rack - Baby Essentials - 4 Count</p><p> -12% 0FF </p><p>$13.49</p><a href="https://www.amazon.com/dp/B082PZ44M9?tag=eloabder-20&linkCode=osi&th=1&psc=1">View Product</a></div><div class="product"><a href="https://www.amazon.com/dp/B0CQKF5CWS?tag=eloabder-20&linkCode=osi&th=1&psc=1"><img src="https://m.media-amazon.com/images/I/31RoBDDbg3L._SL500_.jpg" alt="Product Image"></a><p>Munchkin® Bristle™ Bottle Brush, Modern Design, Grey</p><p> -23% 0FF </p><p>$4.47</p><a href="https://www.amazon.com/dp/B0CQKF5CWS?tag=eloabder-20&linkCode=osi&th=1&psc=1">View Product</a></div><div class="product"><a href="https://www.amazon.com/dp/B01968GERY?tag=eloabder-20&linkCode=osi&th=1&psc=1"><img src="https://m.media-amazon.com/images/I/21rubIV8FNL._SL500_.jpg" alt="Product Image"></a><p>NUK Triple Action Baby Bottle & Nipple Brush, 3 Powerful Cleaning Materials - Bristles, Sponge, & Scruber, Non-Slip Handle, Odor Resistant, Top Rack Dishwasher Safe</p><p> -54% 0FF </p><p>$4.49</p><a href="https://www.amazon.com/dp/B01968GERY?tag=eloabder-20&linkCode=osi&th=1&psc=1">View Product</a></div>
<div class="product"><a href="https://www.amazon.com/dp/B09CGTPJSL?tag=eloabder-20&linkCode=osi&th=1&psc=1"><img src="https://m.media-amazon.com/images/I/31O1L+MYMxL._SL500_.jpg" alt="Product Image"></a><p>Baby Bottle Sterilizer | Esterilizador de Biberones, 6-in-1 HAUTURE Bottle Sterilizer and Dryer, Electric Steam Bottle Sanitizer for Baby Stuffs, Baby Bottles & Breast Pump Accessories</p><p> -10% 0FF </p><p>$69.98</p><a href="https://www.amazon.com/dp/B09CGTPJSL?tag=eloabder-20&linkCode=osi&th=1&psc=1">View Product</a></div><div class="product"><a href="https://www.amazon.com/dp/B007VBXKG2?tag=eloabder-20&linkCode=osi&th=1&psc=1"><img src="https://m.media-amazon.com/images/I/315F64OEQHL._SL500_.jpg" alt="Product Image"></a><p>Philips AVENT Microwave Steam Sterilizer for Baby Bottles, Pacifiers, Cups and More, SCF281/05</p><p> -29% 0FF </p><p>$22.79</p><a href="https://www.amazon.com/dp/B007VBXKG2?tag=eloabder-20&linkCode=osi&th=1&psc=1">View Product</a></div><div class="product"><a href="https://www.amazon.com/dp/B09HJDX5S6?tag=eloabder-20&linkCode=osi&th=1&psc=1"><img src="https://m.media-amazon.com/images/I/41rjM6KCAmL._SL500_.jpg" alt="Product Image"></a><p>Baby Brezza Bottle Sterilizer and Dryer Advanced – Electric Steam Sterilization Machine Universal Sterilizing for All Bottles: Plastic + Glass Pacifiers Breast Pump Parts - HEPA Filtration</p><p> -15% 0FF </p><p>$118.99</p><a href="https://www.amazon.com/dp/B09HJDX5S6?tag=eloabder-20&linkCode=osi&th=1&psc=1">View Product</a></div><div class="product"><a href="https://www.amazon.com/dp/B0D474DSB6?tag=eloabder-20&linkCode=osi&th=1&psc=1"><img src="https://m.media-amazon.com/images/I/41p78Of58KL._SL500_.jpg" alt="Product Image"></a><p>Bottle Sterilizer and Dryer, HIYAKOI Electric Steam Baby Bottle Sterilizer and Dryer, All-in-One Sterilizer 2 Layers Large for Baby Bottles, Parts & Other Newborn Essentials - HEPA Filtration</p><p> -38% 0FF </p><p>$49.99</p><a href="https://www.amazon.com/dp/B0D474DSB6?tag=eloabder-20&linkCode=osi&th=1&psc=1">View Product</a></div><div class="product"><a href="https://www.amazon.com/dp/B0CQQFFQKJ?tag=eloabder-20&linkCode=osi&th=1&psc=1"><img src="https://m.media-amazon.com/images/I/41tQNekOelL._SL500_.jpg" alt="Product Image"></a><p>Momcozy Bottle Sterilizer and Dryer, 8-in-1 Electric Steam Baby Bottle Sterilizer for Baby Bottles, Baby stuffs & Breast Pump Accessories</p><p> -36% 0FF </p><p>$63.99</p><a href="https://www.amazon.com/dp/B0CQQFFQKJ?tag=eloabder-20&linkCode=osi&th=1&psc=1">View Product</a></div><div class="product"><a href="https://www.amazon.com/dp/B09HH7HSGV?tag=eloabder-20&linkCode=osi&th=1&psc=1"><img src="https://m.media-amazon.com/images/I/31tOSRxwFYL._SL500_.jpg" alt="Product Image"></a><p>GROWNSY Bottle Sterilizer and Dryer, 2024 Compact Electric Steam Baby Bottle Sterilizer (Esterilizador de Biberones), Bottle Sanitizer for Baby Bottles, Pacifiers, Pump Parts</p><p> -33% 0FF </p><p>$59.99</p><a href="https://www.amazon.com/dp/B09HH7HSGV?tag=eloabder-20&linkCode=osi&th=1&psc=1">View Product</a></div>
<div class="product"><a href="https://www.amazon.com/dp/B07G4KBQJ7?tag=eloabder-20&linkCode=osi&th=1&psc=1"><img src="https://m.media-amazon.com/images/I/41WM4mOjQiL._SL500_.jpg" alt="Product Image"></a><p>Evenflo Feeding Classic Tinted Plastic Standard Neck Bottles for Baby, Infant and Newborn, Pink/Lavender/Teal, 8 Ounce (Pack of 12)</p><p> -27% 0FF </p><p>$10.19</p><a href="https://www.amazon.com/dp/B07G4KBQJ7?tag=eloabder-20&linkCode=osi&th=1&psc=1">View Product</a></div><div class="product"><a href="https://www.amazon.com/dp/B00N9X4YZW?tag=eloabder-20&linkCode=osi&th=1&psc=1"><img src="https://m.media-amazon.com/images/I/51kDCJ8oQmL._SL500_.jpg" alt="Product Image"></a><p>Evenflo Feeding Classic Tinted Plastic Standard Neck Bottles for Baby, Infant and Newborn - Teal/Green/Blue, 8 Ounce (Pack of 12)</p><p> -31% 0FF </p><p>$9.68</p><a href="https://www.amazon.com/dp/B00N9X4YZW?tag=eloabder-20&linkCode=osi&th=1&psc=1">View Product</a></div><div class="product"><a href="https://www.amazon.com/dp/B07DCQKC33?tag=eloabder-20&linkCode=osi&th=1&psc=1"><img src="https://m.media-amazon.com/images/I/41jfe6zVMgL._SL500_.jpg" alt="Product Image"></a><p>Dr. Brown's Anti-Colic Baby Feeding Set with Slow Flow Nipples, Travel Caps, Silicone Pacifier - Pink</p><p> -20% 0FF </p><p>$18.41</p><a href="https://www.amazon.com/dp/B07DCQKC33?tag=eloabder-20&linkCode=osi&th=1&psc=1">View Product</a></div>
<div class="product"><a href="https://www.amazon.com/dp/B095F28Q6J?tag=eloabder-20&linkCode=osi&th=1&psc=1"><img src="https://m.media-amazon.com/images/I/311FVQReZOL._SL500_.jpg" alt="Product Image"></a><p>Baby Delight Alpine Deluxe Portable Bouncer, Infant, 0-6 Months, 100% GOTS Certified Cotton Fabrics, Organic Oat</p><p> -22% 0FF </p><p>$69.99</p><a href="https://www.amazon.com/dp/B095F28Q6J?tag=eloabder-20&linkCode=osi&th=1&psc=1">View Product</a></div><div class="product"><a href="https://www.amazon.com/dp/B0BLP5G5FJ?tag=eloabder-20&linkCode=osi&th=1&psc=1"><img src="https://m.media-amazon.com/images/I/41F7YHDOEGL._SL500_.jpg" alt="Product Image"></a><p>Bright Starts Playful Paradise Comfy Baby Bouncer Seat with Soothing Vibration and Toys, Unisex, 0-6 Months</p><p> -26% 0FF </p><p>$22.11</p><a href="https://www.amazon.com/dp/B0BLP5G5FJ?tag=eloabder-20&linkCode=osi&th=1&psc=1">View Product</a></div><div class="product"><a href="https://www.amazon.com/dp/B016DAWD3W?tag=eloabder-20&linkCode=osi&th=1&psc=1"><img src="https://m.media-amazon.com/images/I/31SssXA+BHL._SL500_.jpg" alt="Product Image"></a><p>BabyBjörn Bouncer Balance Soft, Cotton/Jersey, Dark Gray/Gray (005084US)</p><p> -14% 0FF </p><p>$179.99</p><a href="https://www.amazon.com/dp/B016DAWD3W?tag=eloabder-20&linkCode=osi&th=1&psc=1">View Product</a></div><div class="product"><a href="https://www.amazon.com/dp/B07C9ZR2VC?tag=eloabder-20&linkCode=osi&th=1&psc=1"><img src="https://m.media-amazon.com/images/I/41wSBC1+j4L._SL500_.jpg" alt="Product Image"></a><p>Smart Steps Trend EZ Bouncer, Bluebell</p><p> -45% 0FF </p><p>$29.99</p><a href="https://www.amazon.com/dp/B07C9ZR2VC?tag=eloabder-20&linkCode=osi&th=1&psc=1">View Product</a></div>
<div class="product"><a href="https://www.amazon.com/dp/B07XMN3SK6?tag=eloabder-20&linkCode=osi&th=1&psc=1"><img src="https://m.media-amazon.com/images/I/41bHS4nTJ2L._SL500_.jpg" alt="Product Image"></a><p>Infantino Flip 4-in-1 Carrier - Ergonomic for Newborns and Older Babies 8-32 lbs</p><p> -21% 0FF </p><p>$29.99</p><a href="https://www.amazon.com/dp/B07XMN3SK6?tag=eloabder-20&linkCode=osi&th=1&psc=1">View Product</a></div><div class="product"><a href="https://www.amazon.com/dp/B0743L6R1T?tag=eloabder-20&linkCode=osi&th=1&psc=1"><img src="https://m.media-amazon.com/images/I/31ZGsR+w+1L._SL500_.jpg" alt="Product Image"></a><p>Ergobaby Omni 360 All-Position Baby Carrier for Newborn to Toddler with Lumbar Support (7-45 Pounds), Pearl Grey, One Size (Pack of 1)</p><p> -39% 0FF </p><p>$110.00</p><a href="https://www.amazon.com/dp/B0743L6R1T?tag=eloabder-20&linkCode=osi&th=1&psc=1">View Product</a></div><div class="product"><a href="https://www.amazon.com/dp/B0CDQ1XH6W?tag=eloabder-20&linkCode=osi&th=1&psc=1"><img src="https://m.media-amazon.com/images/I/41kAV5NXZBL._SL500_.jpg" alt="Product Image"></a><p>Momcozy Baby Carrier Newborn to Toddler - Ergonomic, Cozy and Lightweight Infant Carrier for 7-44lbs, Effortless to Put On, Ideal for Hands-Free Parenting, Enhanced Lumbar Support, Leopard</p><p> -8% 0FF </p><p>$59.99</p><a href="https://www.amazon.com/dp/B0CDQ1XH6W?tag=eloabder-20&linkCode=osi&th=1&psc=1">View Product</a></div><div class="product"><a href="https://www.amazon.com/dp/B005SP2LWW?tag=eloabder-20&linkCode=osi&th=1&psc=1"><img src="https://m.media-amazon.com/images/I/31fYPOjdFrL._SL500_.jpg" alt="Product Image"></a><p>Boba Baby Wrap Carrier - Original Baby Carrier Wrap Sling for Newborns - Baby Wearing Essentials - Newborn Wrap Swaddle Holder, Newborn to Toddler Infant Sling (Grey)</p><p> -19% 0FF </p><p>$32.49</p><a href="https://www.amazon.com/dp/B005SP2LWW?tag=eloabder-20&linkCode=osi&th=1&psc=1">View Product</a></div><div class="product"><a href="https://www.amazon.com/dp/B098X8WS7Y?tag=eloabder-20&linkCode=osi&th=1&psc=1"><img src="https://m.media-amazon.com/images/I/41az3xS82UL._SL500_.jpg" alt="Product Image"></a><p>Momcozy Baby Wrap Carrier, Easy to Wear Infant Carrier Slings, Lightweight Hands Free Baby Sling, Adjustable Baby Carriers for Newborn to Toddler 8-35 lbs, Black</p><p> -28% 0FF </p><p>$32.99</p><a href="https://www.amazon.com/dp/B098X8WS7Y?tag=eloabder-20&linkCode=osi&th=1&psc=1">View Product</a></div>
<div class="product"><a href="https://www.amazon.com/dp/B01N3MYVZM?tag=eloabder-20&linkCode=osi&th=1&psc=1"><img src="https://m.media-amazon.com/images/I/41CLrlYJDnL._SL500_.jpg" alt="Product Image"></a><p>Graco SlimFit 3-in-1 Convertible Car Seat, Ultra-Space-Saving Design, Darcie, Suitable for Rear and Forward-Facing, Highback Booster Seat with 10-Position Headrest</p><p> -21% 0FF </p><p>$157.99</p><a href="https://www.amazon.com/dp/B01N3MYVZM?tag=eloabder-20&linkCode=osi&th=1&psc=1">View Product</a></div><div class="product"><a href="https://www.amazon.com/dp/B07J37RTPG?tag=eloabder-20&linkCode=osi&th=1&psc=1"><img src="https://m.media-amazon.com/images/I/41fGAx7LcGL._SL500_.jpg" alt="Product Image"></a><p>Graco 4Ever DLX 4-in-1 Car Seat, Grey, Infant to Toddler Car Seat, with 10 Years of Use, Rear-facing, Forward-facing and Booster Modes, Safe, Comfortable and Convenient</p><p> -7% 0FF </p><p>$279.00</p><a href="https://www.amazon.com/dp/B07J37RTPG?tag=eloabder-20&linkCode=osi&th=1&psc=1">View Product</a></div><div class="product"><a href="https://www.amazon.com/dp/B07R9H1JC9?tag=eloabder-20&linkCode=osi&th=1&psc=1"><img src="https://m.media-amazon.com/images/I/41NwO9xrBGL._SL500_.jpg" alt="Product Image"></a><p>Graco Grows4Me 4-in-1 Car Seat, Convertible Infant to Toddler Car Seat and Booster, West Point Design, for 10 Years of Safe, Comfortable Journeys</p><p> -29% 0FF </p><p>$199.99</p><a href="https://www.amazon.com/dp/B07R9H1JC9?tag=eloabder-20&linkCode=osi&th=1&psc=1">View Product</a></div>
<div class="product"><a href="https://www.amazon.com/dp/B08RN8G58P?tag=eloabder-20&linkCode=osi&th=1&psc=1"><img src="https://m.media-amazon.com/images/I/41Qid-FWhYL._SL500_.jpg" alt="Product Image"></a><p>Baby Portable Changing Pad Travel - Waterproof Compact Diaper Changing Mat with Built-in Pillow - Lightweight & Foldable Changing Station, Newborn Shower Gifts</p><p> -29% 0FF </p><p>$9.99</p><a href="https://www.amazon.com/dp/B08RN8G58P?tag=eloabder-20&linkCode=osi&th=1&psc=1">View Product</a></div><div class="product"><a href="https://www.amazon.com/dp/B089XVKJSL?tag=eloabder-20&linkCode=osi&th=1&psc=1"><img src="https://m.media-amazon.com/images/I/51qlzLJHUWL._SL500_.jpg" alt="Product Image"></a><p>Portable Diaper Changing Pad - Waterproof Foldable Baby Changing Mat - Travel Diaper Change Mat - Lightweight Changing Pads for Baby - Baby Changer - Machine Washable (Black Geo)</p><p> -7% 0FF </p><p>$12.96</p><a href="https://www.amazon.com/dp/B089XVKJSL?tag=eloabder-20&linkCode=osi&th=1&psc=1">View Product</a></div><div class="product"><a href="https://www.amazon.com/dp/B08PH9Y6QS?tag=eloabder-20&linkCode=osi&th=1&psc=1"><img src="https://m.media-amazon.com/images/I/21cBsus1AHL._SL500_.jpg" alt="Product Image"></a><p>Regalo Baby Basics Infant Changing Pad, White , 31x16x4 Inch (Pack of 1)</p><p> -33% 0FF </p><p>$19.99</p><a href="https://www.amazon.com/dp/B08PH9Y6QS?tag=eloabder-20&linkCode=osi&th=1&psc=1">View Product</a></div>
<div class="product"><a href="https://www.amazon.com/dp/B07GFNVLS2?tag=eloabder-20&linkCode=osi&th=1&psc=1"><img src="https://m.media-amazon.com/images/I/31T-p4V5gsL._SL500_.jpg" alt="Product Image"></a><p>Gerber Unisex Baby Multi-Pack Long-Sleeve Onesies Bodysuit Mitten Cuff Sizes 6-Pack Mitten Cuff 0-3 Months</p><p> -12% 0FF </p><p>$15.81</p><a href="https://www.amazon.com/dp/B07GFNVLS2?tag=eloabder-20&linkCode=osi&th=1&psc=1">View Product</a></div><div class="product"><a href="https://www.amazon.com/dp/B0CP3NQCN3?tag=eloabder-20&linkCode=osi&th=1&psc=1"><img src="https://m.media-amazon.com/images/I/41MpsB3rYcL._SL500_.jpg" alt="Product Image"></a><p>Kaipiclos Newborn Infant Girl Clothes Rib Knit Romper Daisy Print Pants Headband Baby Clothes for Girls 0 3 6 12 18 24 Months</p><p> -10% 0FF </p><p>$14.99</p><a href="https://www.amazon.com/dp/B0CP3NQCN3?tag=eloabder-20&linkCode=osi&th=1&psc=1">View Product</a></div><div class="product"><a href="https://www.amazon.com/dp/B0D88Z7VLZ?tag=eloabder-20&linkCode=osi&th=1&psc=1"><img src="https://m.media-amazon.com/images/I/41Au0yzblbL._SL500_.jpg" alt="Product Image"></a><p>Burt's Bees Baby Baby Boys Pajamas, Sleep and Play Loose Fit, 100% Organic Cotton, Soft One-piece PJs, Diagonal Zip Up Jumpsuit Newborn Essentials with Interior Zipper Guard in sizes NB to 6-9 Months</p><p> -49% 0FF </p><p>$7.60</p><a href="https://www.amazon.com/dp/B0D88Z7VLZ?tag=eloabder-20&linkCode=osi&th=1&psc=1">View Product</a></div>
<div class="product"><a href="https://www.amazon.com/dp/B002FQK8IQ?tag=eloabder-20&linkCode=osi&th=1&psc=1"><img src="https://m.media-amazon.com/images/I/41WTSrhkJ4L._SL500_.jpg" alt="Product Image"></a><p>Safety 1st Easy Grip Brush and Comb, Colors May Vary</p><p> -23% 0FF </p><p>$4.59</p><a href="https://www.amazon.com/dp/B002FQK8IQ?tag=eloabder-20&linkCode=osi&th=1&psc=1">View Product</a></div><div class="product"><a href="https://www.amazon.com/dp/B07T16DQ31?tag=eloabder-20&linkCode=osi&th=1&psc=1"><img src="https://m.media-amazon.com/images/I/41Grt+V3Q7L._SL500_.jpg" alt="Product Image"></a><p>Frida Baby The 3-Step Cradle Cap System, DermaFrida The FlakeFixer, Sponge, Brush, Comb and Storage Stand for Babies with Cradle Cap, White-Blue</p><p> -15% 0FF </p><p>$14.44</p><a href="https://www.amazon.com/dp/B07T16DQ31?tag=eloabder-20&linkCode=osi&th=1&psc=1">View Product</a></div>
<div class="product"><a href="https://www.amazon.com/dp/B071K5T5Q2?tag=eloabder-20&linkCode=osi&th=1&psc=1"><img src="https://m.media-amazon.com/images/I/21rvQFmQBLL._SL500_.jpg" alt="Product Image"></a><p>The Honest Company Silicone-Free Conditioner | Gentle for Baby | Naturally Derived, Tear-free, Hypoallergenic | Fragrance Free Sensitive, 10 fl oz</p><p> -16% 0FF </p><p>$10.10 ($1.01 / Fl Oz)</p><a href="https://www.amazon.com/dp/B071K5T5Q2?tag=eloabder-20&linkCode=osi&th=1&psc=1">View Product</a></div><div class="product"><a href="https://www.amazon.com/dp/B07DGJ57P7?tag=eloabder-20&linkCode=osi&th=1&psc=1"><img src="https://m.media-amazon.com/images/I/31AEfjD6FyL._SL500_.jpg" alt="Product Image"></a><p>Johnson's Baby No More Tangles 2-in-1 Detangling Hair Shampoo & Conditioner for Kids & Toddlers, Gentle & Tear-Free, Hypoallergenic & Free of Parabens, Phthalates, Sulfates & Dyes, 20.3 fl. oz</p><p> -7% 0FF </p><p>$6.29 ($0.31 / Fl Oz)</p><a href="https://www.amazon.com/dp/B07DGJ57P7?tag=eloabder-20&linkCode=osi&th=1&psc=1">View Product</a></div><div class="product"><a href="https://www.amazon.com/dp/B07S89SL7D?tag=eloabder-20&linkCode=osi&th=1&psc=1"><img src="https://m.media-amazon.com/images/I/313C69-mF6L._SL500_.jpg" alt="Product Image"></a><p>Johnson's Baby Curl Defining Tear-Free Kids' Leave-in Conditioner with Shea Butter, Paraben-, Sulfate- & Dye-Free Formula, Hypoallergenic & Gentle for Toddlers' Hair, 6.8 fl. Oz</p><p> -28% 0FF </p><p>$6.11 ($0.90 / Fl Oz)</p><a href="https://www.amazon.com/dp/B07S89SL7D?tag=eloabder-20&linkCode=osi&th=1&psc=1">View Product</a></div><div class="product"><a href="https://www.amazon.com/dp/B07S7BPB2Q?tag=eloabder-20&linkCode=osi&th=1&psc=1"><img src="https://m.media-amazon.com/images/I/31DemfdZoNL._SL500_.jpg" alt="Product Image"></a><p>Johnson's Baby Shiny & Soft Tear-Free Kids' Hair Conditioning Spray with Argan Oil & Silk Proteins, Paraben, Sulfate & Dye-Free Formula, Hypoallergenic & Gentle for Toddlers, 10 Fl Oz</p><p> -33% 0FF </p><p>$5.66 ($0.57 / Fl Oz)</p><a href="https://www.amazon.com/dp/B07S7BPB2Q?tag=eloabder-20&linkCode=osi&th=1&psc=1">View Product</a></div><div class="product"><a href="https://www.amazon.com/dp/B0CJP91HN7?tag=eloabder-20&linkCode=osi&th=1&psc=1"><img src="https://m.media-amazon.com/images/I/41Z4G7wsFWL._SL500_.jpg" alt="Product Image"></a><p>ECOLATIÈR Kids Hair Balm Easy Detangling 3+ - Toddler Hair Conditioner, Tear-Free, 96.8% Natural, Vegan, Strengthens & Softens Kids' Hair, No Irritation - 8.5 Fl Oz</p><p> -14% 0FF </p><p>$9.49 ($1.12 / Ounce)</p><a href="https://www.amazon.com/dp/B0CJP91HN7?tag=eloabder-20&linkCode=osi&th=1&psc=1">View Product</a></div>
<div class="product"><a href="https://www.amazon.com/dp/B07Y3WQHZ6?tag=eloabder-20&linkCode=osi&th=1&psc=1"><img src="https://m.media-amazon.com/images/I/41Ai-kbx6LL._SL500_.jpg" alt="Product Image"></a><p>Delta Children Essex 4-in-1 Convertible Baby Crib, Bianca White with Natural Legs</p><p> -34% 0FF </p><p>$145.96</p><a href="https://www.amazon.com/dp/B07Y3WQHZ6?tag=eloabder-20&linkCode=osi&th=1&psc=1">View Product</a></div><div class="product"><a href="https://www.amazon.com/dp/B00LFP61PW?tag=eloabder-20&linkCode=osi&th=1&psc=1"><img src="https://m.media-amazon.com/images/I/41jj-ehw-vL._SL500_.jpg" alt="Product Image"></a><p>Graco Benton 5-in-1 Convertible Crib (White) – GREENGUARD Gold Certified, Converts from Baby Crib to Toddler Bed, Daybed and Full-Size Bed, Fits Standard Full-Size Crib Mattress</p><p> -20% 0FF </p><p>$159.99</p><a href="https://www.amazon.com/dp/B00LFP61PW?tag=eloabder-20&linkCode=osi&th=1&psc=1">View Product</a></div><div class="product"><a href="https://www.amazon.com/dp/B00EANJX5Q?tag=eloabder-20&linkCode=osi&th=1&psc=1"><img src="https://m.media-amazon.com/images/I/41+kxqP4icL._SL500_.jpg" alt="Product Image"></a><p>Dream On Me Synergy 5-In-1 Convertible Crib In White, Greenguard Gold Certified</p><p> -31% 0FF </p><p>$137.20</p><a href="https://www.amazon.com/dp/B00EANJX5Q?tag=eloabder-20&linkCode=osi&th=1&psc=1">View Product</a></div><div class="product"><a href="https://www.amazon.com/dp/B08D4N5RKW?tag=eloabder-20&linkCode=osi&th=1&psc=1"><img src="https://m.media-amazon.com/images/I/41sUNWg3sBL._SL500_.jpg" alt="Product Image"></a><p>Graco Hadley 5-in-1 Convertible Crib and Changer with Drawer (White) – GREENGUARD Gold Certified, Crib and Changing -Table Combo with Drawer, Includes Baby Changing Pad, Converts to Full-Size Bed</p><p> -18% 0FF </p><p>$359.99</p><a href="https://www.amazon.com/dp/B08D4N5RKW?tag=eloabder-20&linkCode=osi&th=1&psc=1">View Product</a></div><div class="product"><a href="https://www.amazon.com/dp/B08PMJBN33?tag=eloabder-20&linkCode=osi&th=1&psc=1"><img src="https://m.media-amazon.com/images/I/416ZYsREZOL._SL500_.jpg" alt="Product Image"></a><p>Oxford Baby North Bay 4-in-1 Convertible Baby Crib, Dove Gray, GreenGuard Gold Certified</p><p> -18% 0FF </p><p>$188.09</p><a href="https://www.amazon.com/dp/B08PMJBN33?tag=eloabder-20&linkCode=osi&th=1&psc=1">View Product</a></div><div class="product"><a href="https://www.amazon.com/dp/B078WTVBVW?tag=eloabder-20&linkCode=osi&th=1&psc=1"><img src="https://m.media-amazon.com/images/I/41NpHX4YnfL._SL500_.jpg" alt="Product Image"></a><p>Dream On Me Jayden 4-in-1 Mini Convertible Crib And Changer in Storm Grey, Greenguard Gold Certified, Non-Toxic Finish, New Zealand Pinewood, 1" Mattress Pad</p><p> -35% 0FF </p><p>$259.99</p><a href="https://www.amazon.com/dp/B078WTVBVW?tag=eloabder-20&linkCode=osi&th=1&psc=1">View Product</a></div>
<div class="product"><a href="https://www.amazon.com/dp/B01M4QMQ4B?tag=eloabder-20&linkCode=osi&th=1&psc=1"><img src="https://m.media-amazon.com/images/I/317ardc5Y-L._SL500_.jpg" alt="Product Image"></a><p>The Honest Company 2-in-1 Cleansing Shampoo + Body Wash | Gentle for Baby | Naturally Derived, Tear-free, Hypoallergenic | Lavender Calm, 10 fl oz</p><p> -8% 0FF </p><p>$10.99 ($1.10 / Fl Oz)</p><a href="https://www.amazon.com/dp/B01M4QMQ4B?tag=eloabder-20&linkCode=osi&th=1&psc=1">View Product</a></div><div class="product"><a href="https://www.amazon.com/dp/B09MVMNW5M?tag=eloabder-20&linkCode=osi&th=1&psc=1"><img src="https://m.media-amazon.com/images/I/41GDxpQsmOL._SL500_.jpg" alt="Product Image"></a><p>Cetaphil Baby Wash & Shampoo, 13.5oz Pack of 2, Hypoallergenic, Gentle Enough for Everyday Use, Soap Free</p><p> -10% 0FF </p><p>$16.99</p><a href="https://www.amazon.com/dp/B09MVMNW5M?tag=eloabder-20&linkCode=osi&th=1&psc=1">View Product</a></div><div class="product"><a href="https://www.amazon.com/dp/B0CZY44GD2?tag=eloabder-20&linkCode=osi&th=1&psc=1"><img src="https://m.media-amazon.com/images/I/31Gh3bZjFXL._SL500_.jpg" alt="Product Image"></a><p>Aveeno Baby Healthy Start Nourishing Newborn Wash, Hypoallergenic Baby Body Wash with Prebiotic Oat Gently Cleanses Delicate Newborn Skin, Fragrance-Free, Tear-Free, Paraben-Free, 8 fl. oz</p><p> -21% 0FF </p><p>$7.01 ($0.88 / Fl Oz)</p><a href="https://www.amazon.com/dp/B0CZY44GD2?tag=eloabder-20&linkCode=osi&th=1&psc=1">View Product</a></div>
<div class="product"><a href="https://www.amazon.com/dp/B07M6FL57T?tag=eloabder-20&linkCode=osi&th=1&psc=1"><img src="https://m.media-amazon.com/images/I/51iE4BjVpYL._SL500_.jpg" alt="Product Image"></a><p>Huggies Newborn Diapers, Little Snugglers Baby Diapers, Size Newborn (up to 10 lbs), 31 Count</p><p> -19% 0FF </p><p>$9.94 ($0.32 / Count)</p><a href="https://www.amazon.com/dp/B07M6FL57T?tag=eloabder-20&linkCode=osi&th=1&psc=1">View Product</a></div><div class="product"><a href="https://www.amazon.com/dp/B0CHGCDYJJ?tag=eloabder-20&linkCode=osi&th=1&psc=1"><img src="https://m.media-amazon.com/images/I/41csgXalIEL._SL500_.jpg" alt="Product Image"></a><p>Huggies Size Newborn Diapers, Skin Essentials Baby Diapers, Size Newborn (6-9 lbs), 31 Count</p><p> -19% 0FF </p><p>$9.94 ($0.32 / Count)</p><a href="https://www.amazon.com/dp/B0CHGCDYJJ?tag=eloabder-20&linkCode=osi&th=1&psc=1">View Product</a></div><div class="product"><a href="https://www.amazon.com/dp/B082QBHW74?tag=eloabder-20&linkCode=osi&th=1&psc=1"><img src="https://m.media-amazon.com/images/I/41z+Jw1td2L._SL500_.jpg" alt="Product Image"></a><p>Pampers Pure Protection Diapers Newborn - Size 0, 76 Count, Hypoallergenic Premium Disposable Baby Diapers</p><p> -19% 0FF </p><p>$22.79 ($0.30 / Count)</p><a href="https://www.amazon.com/dp/B082QBHW74?tag=eloabder-20&linkCode=osi&th=1&psc=1">View Product</a></div><div class="product"><a href="https://www.amazon.com/dp/B07M6FL9V2?tag=eloabder-20&linkCode=osi&th=1&psc=1"><img src="https://m.media-amazon.com/images/I/51JPrk+N-RL._SL500_.jpg" alt="Product Image"></a><p>Huggies Size 4 Diapers, Little Movers Baby Diapers, Size 4 (22-37 lbs), 22 Count (Packaging May Vary)</p><p> -19% 0FF </p><p>$9.94 ($0.45 / Count)</p><a href="https://www.amazon.com/dp/B07M6FL9V2?tag=eloabder-20&linkCode=osi&th=1&psc=1">View Product</a></div><div class="product"><a href="https://www.amazon.com/dp/B07T2QM32L?tag=eloabder-20&linkCode=osi&th=1&psc=1"><img src="https://m.media-amazon.com/images/I/41w5IxTMsnL._SL500_.jpg" alt="Product Image"></a><p>Amazon Brand - Mama Bear Gentle Touch Diapers, Hypoallergenic, Size 6, 27 Count, White</p><p> -10% 0FF </p><p>$11.32</p><a href="https://www.amazon.com/dp/B07T2QM32L?tag=eloabder-20&linkCode=osi&th=1&psc=1">View Product</a></div>
<div class="product"><a href="https://www.amazon.com/dp/B001OC5UMQ?tag=eloabder-20&linkCode=osi&th=1&psc=1"><img src="https://m.media-amazon.com/images/I/413nT5TZ9sL._SL500_.jpg" alt="Product Image"></a><p>Regalo Easy Step 38.5-Inch Wide Walk Thru Baby Gate, Includes 6-Inch Extension Kit, Pressure Mount Kit, Wall Cups</p><p> -22% 0FF </p><p>$34.99</p><a href="https://www.amazon.com/dp/B001OC5UMQ?tag=eloabder-20&linkCode=osi&th=1&psc=1">View Product</a></div><div class="product"><a href="https://www.amazon.com/dp/B075XQ2XYV?tag=eloabder-20&linkCode=osi&th=1&psc=1"><img src="https://m.media-amazon.com/images/I/51+9Fa+FH3L._SL500_.jpg" alt="Product Image"></a><p>Evenflo Position & Lock Baby Gate, Pressure-Mounted, Farmhouse Collection</p><p> -9% 0FF </p><p>$19.98</p><a href="https://www.amazon.com/dp/B075XQ2XYV?tag=eloabder-20&linkCode=osi&th=1&psc=1">View Product</a></div><div class="product"><a href="https://www.amazon.com/dp/B01BTUNHSQ?tag=eloabder-20&linkCode=osi&th=1&psc=1"><img src="https://m.media-amazon.com/images/I/31nuC-O3n9L._SL500_.jpg" alt="Product Image"></a><p>Safety 1st Easy Install 28" High Walk Thru Gate, Fits Between 29" and 38"</p><p> -10% 0FF </p><p>$44.99</p><a href="https://www.amazon.com/dp/B01BTUNHSQ?tag=eloabder-20&linkCode=osi&th=1&psc=1">View Product</a></div><div class="product"><a href="https://www.amazon.com/dp/B07WFZSW72?tag=eloabder-20&linkCode=osi&th=1&psc=1"><img src="https://m.media-amazon.com/images/I/41nc627IqxL._SL500_.jpg" alt="Product Image"></a><p>Cumbor 29.7-46" Baby Gate for Stairs, Mom's Choice Awards Winner-Auto Close Dog Gate for the House, Easy Install Pressure Mounted Pet Gates for Doorways, Easy Walk Thru Wide Safety Gate for Dog, Black</p><p> -10% 0FF </p><p>$89.99</p><a href="https://www.amazon.com/dp/B07WFZSW72?tag=eloabder-20&linkCode=osi&th=1&psc=1">View Product</a></div><div class="product"><a href="https://www.amazon.com/dp/B09F36M2T5?tag=eloabder-20&linkCode=osi&th=1&psc=1"><img src="https://m.media-amazon.com/images/I/416tulkEC2L._SL500_.jpg" alt="Product Image"></a><p>COMOMY 36" Extra Tall Baby Gate for Stairs Doorways, Fits Openings 29.5" to 48.8" Wide, Auto Close Extra Wide Dog Gate for House, Pressure Mounted Easy Walk Through Pet Gate with Door, Black</p><p> -13% 0FF </p><p>$69.99</p><a href="https://www.amazon.com/dp/B09F36M2T5?tag=eloabder-20&linkCode=osi&th=1&psc=1">View Product</a></div><div class="product"><a href="https://www.amazon.com/dp/B01EMK5JQI?tag=eloabder-20&linkCode=osi&th=1&psc=1"><img src="https://m.media-amazon.com/images/I/417uxACGTTL._SL500_.jpg" alt="Product Image"></a><p>Regalo Easy Step 49-Inch Extra Wide Baby Gate, Includes 4-Inch and 12-Inch Extension Kit, 4 Pack of Pressure Mount Kit and 4 Pack of Wall Mount Kit, Black</p><p> -20% 0FF </p><p>$39.99</p><a href="https://www.amazon.com/dp/B01EMK5JQI?tag=eloabder-20&linkCode=osi&th=1&psc=1">View Product</a></div><div class="product"><a href="https://www.amazon.com/dp/B07JGDGG23?tag=eloabder-20&linkCode=osi&th=1&psc=1"><img src="https://m.media-amazon.com/images/I/51eFFFBIYUL._SL500_.jpg" alt="Product Image"></a><p>Toddleroo by North States Superyard 6 Panel Baby Play Yard. Playpen or Extra Wide Baby Gate, Wall Mount Kit Included. Made in USA. 38.5" - 201" wide, 5.5 ft corner to corner play yard (26" tall, Gray)</p><p> -29% 0FF </p><p>$61.46</p><a href="https://www.amazon.com/dp/B07JGDGG23?tag=eloabder-20&linkCode=osi&th=1&psc=1">View Product</a></div>
<div class="product"><a href="https://www.amazon.com/dp/B0D8J8RGMN?tag=eloabder-20&linkCode=osi&th=1&psc=1"><img src="https://m.media-amazon.com/images/I/51IQYrOgXVL._SL500_.jpg" alt="Product Image"></a><p>3 Pack Baby Beanie Hats with Earflaps, 2 Size Baby Winter Hat for Newborn Infant Toddler Kids Children with Cute Smiley Face, Soft Warm Fleece Lined Knit Hat for Girls Boys-01</p><p> -47% 0FF </p><p>$15.99</p><a href="https://www.amazon.com/dp/B0D8J8RGMN?tag=eloabder-20&linkCode=osi&th=1&psc=1">View Product</a></div><div class="product"><a href="https://www.amazon.com/dp/B08V4HJF5T?tag=eloabder-20&linkCode=osi&th=1&psc=1"><img src="https://m.media-amazon.com/images/I/41JnGlILpnL._SL500_.jpg" alt="Product Image"></a><p>6 Pieces Newborn Baby Hat Bear Ears Infant Caps Baby Boy Girl Toddler Hats Infant Beanie Caps for 0-3 Months (Black White, Black, Navy Blue, Black Gray, Gray, White,Classic)</p><p> -8% 0FF </p><p>$11.99</p><a href="https://www.amazon.com/dp/B08V4HJF5T?tag=eloabder-20&linkCode=osi&th=1&psc=1">View Product</a></div><div class="product"><a href="https://www.amazon.com/dp/B091D4KRJS?tag=eloabder-20&linkCode=osi&th=1&psc=1"><img src="https://m.media-amazon.com/images/I/41IspZQwuhL._SL500_.jpg" alt="Product Image"></a><p>Baby Boy Sun Hat Bucket Hats for Toddler 6-12,12-24 months</p><p> -20% 0FF </p><p>$14.39</p><a href="https://www.amazon.com/dp/B091D4KRJS?tag=eloabder-20&linkCode=osi&th=1&psc=1">View Product</a></div>
<div class="product"><a href="https://www.amazon.com/dp/B07BVN1YMN?tag=eloabder-20&linkCode=osi&th=1&psc=1"><img src="https://m.media-amazon.com/images/I/41+i0x5p4TL._SL500_.jpg" alt="Product Image"></a><p>Baby Trend Tot Spot 3-in-1 High Chair, Bluebell</p><p> -40% 0FF </p><p>$59.99</p><a href="https://www.amazon.com/dp/B07BVN1YMN?tag=eloabder-20&linkCode=osi&th=1&psc=1">View Product</a></div><div class="product"><a href="https://www.amazon.com/dp/B01JRY07BQ?tag=eloabder-20&linkCode=osi&th=1&psc=1"><img src="https://m.media-amazon.com/images/I/41zyGMxJY0L._SL500_.jpg" alt="Product Image"></a><p>Cosco Simple Fold High Chair, Comet</p><p> -23% 0FF </p><p>$49.99</p><a href="https://www.amazon.com/dp/B01JRY07BQ?tag=eloabder-20&linkCode=osi&th=1&psc=1">View Product</a></div><div class="product"><a href="https://www.amazon.com/dp/B017VNNWXA?tag=eloabder-20&linkCode=osi&th=1&psc=1"><img src="https://m.media-amazon.com/images/I/41VGIO1sPhL._SL500_.jpg" alt="Product Image"></a><p>Cosco Simple Fold Deluxe High Chair with 3-Position Tray, Monster Syd</p><p> -17% 0FF </p><p>$49.99</p><a href="https://www.amazon.com/dp/B017VNNWXA?tag=eloabder-20&linkCode=osi&th=1&psc=1">View Product</a></div><div class="product"><a href="https://www.amazon.com/dp/B089PKYWJ8?tag=eloabder-20&linkCode=osi&th=1&psc=1"><img src="https://m.media-amazon.com/images/I/31MgSLR6W8L._SL500_.jpg" alt="Product Image"></a><p>Dream On Me Portable 2-in-1 Tabletalk High Chair, Convertible Compact High Chair, Light Weight Portable Highchair, Aqua</p><p> -45% 0FF </p><p>$55.13</p><a href="https://www.amazon.com/dp/B089PKYWJ8?tag=eloabder-20&linkCode=osi&th=1&psc=1">View Product</a></div><div class="product"><a href="https://www.amazon.com/dp/B0CPXDDPDY?tag=eloabder-20&linkCode=osi&th=1&psc=1"><img src="https://m.media-amazon.com/images/I/41qNrW3wklL._SL500_.jpg" alt="Product Image"></a><p>Fodoss 3-in-1 Wooden High Chair for Babies and Toddlers,Convertible Easy Clean Infant Highchair,Silla Modern Design para Comer De Bebe</p><p> -10% 0FF </p><p>$80.98</p><a href="https://www.amazon.com/dp/B0CPXDDPDY?tag=eloabder-20&linkCode=osi&th=1&psc=1">View Product</a></div>
<div class="product"><a href="https://www.amazon.com/dp/B0BG7B1GHP?tag=eloabder-20&linkCode=osi&th=1&psc=1"><img src="https://m.media-amazon.com/images/I/51MRfMlZsSL._SL500_.jpg" alt="Product Image"></a><p>Yoofoss Hooded Baby Towels for Newborn 2 Pack 100% Muslin Cotton Baby Bath Towel with Hood for Babies, Infant, Toddler and Kids, Large 32x32Inch, Soft and Absorbent Newborn Essential</p><p> -20% 0FF </p><p>$15.99</p><a href="https://www.amazon.com/dp/B0BG7B1GHP?tag=eloabder-20&linkCode=osi&th=1&psc=1">View Product</a></div><div class="product"><a href="https://www.amazon.com/dp/B0C6RKZLXW?tag=eloabder-20&linkCode=osi&th=1&psc=1"><img src="https://m.media-amazon.com/images/I/51HX88nmMOL._SL500_.jpg" alt="Product Image"></a><p>Gerber Baby 4 Piece Animal Character Hooded Towel and Washcloth Set, Brown Lion, One Size</p><p> -49% 0FF </p><p>$9.24</p><a href="https://www.amazon.com/dp/B0C6RKZLXW?tag=eloabder-20&linkCode=osi&th=1&psc=1">View Product</a></div><div class="product"><a href="https://www.amazon.com/dp/B0CKXKR1RV?tag=eloabder-20&linkCode=osi&th=1&psc=1"><img src="https://m.media-amazon.com/images/I/41PjOK7YCBL._SL500_.jpg" alt="Product Image"></a><p>Momcozy Baby Hooded Towel, 2 Pack Baby Towel Set, Super Soft Bath Towel with Original Design, Shower Gifts for Infant, Toddler (28 X 28 Inch, Lemon Leaves)</p><p> -19% 0FF </p><p>$21.99</p><a href="https://www.amazon.com/dp/B0CKXKR1RV?tag=eloabder-20&linkCode=osi&th=1&psc=1">View Product</a></div><div class="product"><a href="https://www.amazon.com/dp/B00X21O4L0?tag=eloabder-20&linkCode=osi&th=1&psc=1"><img src="https://m.media-amazon.com/images/I/51fEvVAVyfL._SL500_.jpg" alt="Product Image"></a><p>Luvable Friends Unisex Baby Hooded Towel with Five Washcloths, Boy Fox, One Size</p><p> -17% 0FF </p><p>$9.99</p><a href="https://www.amazon.com/dp/B00X21O4L0?tag=eloabder-20&linkCode=osi&th=1&psc=1">View Product</a></div>
<div class="product"><a href="https://www.amazon.com/dp/B07DGKXBD7?tag=eloabder-20&linkCode=osi&th=1&psc=1"><img src="https://m.media-amazon.com/images/I/31FyDL3570L._SL500_.jpg" alt="Product Image"></a><p>Johnson's Moisturizing Mild Pink Baby Lotion with Coconut Oil for Delicate Baby Skin, Paraben-, Phthalate- & Dye-Free, Hypoallergenic & Dermatologist-Tested, Baby Skin Care, 27.1 Fl. Oz</p><p> -33% 0FF </p><p>$7.19 ($0.27 / Fl Oz)</p><a href="https://www.amazon.com/dp/B07DGKXBD7?tag=eloabder-20&linkCode=osi&th=1&psc=1">View Product</a></div><div class="product"><a href="https://www.amazon.com/dp/B00JF3RYPM?tag=eloabder-20&linkCode=osi&th=1&psc=1"><img src="https://m.media-amazon.com/images/I/31n9VJQSijL._SL500_.jpg" alt="Product Image"></a><p>CeraVe Baby Lotion | Gentle Baby Skin Care with Ceramides, Niacinamide & Vitamin E | Fragrance, Paraben, Dye & Phthalates Free | Lightweight Baby Moisturizer | 8 Ounce | Packaging May Vary</p><p> -10% 0FF </p><p>$8.97 ($1.12 / Fl Oz)</p><a href="https://www.amazon.com/dp/B00JF3RYPM?tag=eloabder-20&linkCode=osi&th=1&psc=1">View Product</a></div><div class="product"><a href="https://www.amazon.com/dp/B094RH4GHC?tag=eloabder-20&linkCode=osi&th=1&psc=1"><img src="https://m.media-amazon.com/images/I/31xi7tuBJAL._SL500_.jpg" alt="Product Image"></a><p>Johnson's Baby Moisturizing Mild Pink Baby Lotion with Coconut Oil for Delicate Baby Skin, Paraben-, Phthalate- & Dye-Free, Hypoallergenic & Dermatologist-Tested, Baby Skin Care, 13.6 Fl. Oz</p><p> -34% 0FF </p><p>$4.49 ($0.33 / Fl Oz)</p><a href="https://www.amazon.com/dp/B094RH4GHC?tag=eloabder-20&linkCode=osi&th=1&psc=1">View Product</a></div><div class="product"><a href="https://www.amazon.com/dp/B0030UF6EW?tag=eloabder-20&linkCode=osi&th=1&psc=1"><img src="https://m.media-amazon.com/images/I/31RKFp5lxLL._SL500_.jpg" alt="Product Image"></a><p>Aveeno Baby Daily Moisture Body Lotion for Sensitive Skin, Hypoallergenic Moisturizing Baby Lotion with Nourishing Oatmeal to Deeply Moisturize Baby's Skin, Fragrance-Free, 18 fl. oz</p><p> -32% 0FF </p><p>$11.06</p><a href="https://www.amazon.com/dp/B0030UF6EW?tag=eloabder-20&linkCode=osi&th=1&psc=1">View Product</a></div><div class="product"><a href="https://www.amazon.com/dp/B00U2VQW72?tag=eloabder-20&linkCode=osi&th=1&psc=1"><img src="https://m.media-amazon.com/images/I/31nMuDcXtPL._SL500_.jpg" alt="Product Image"></a><p>Aveeno Baby Calming Comfort Moisturizing Body Lotion with Relaxing Lavender & Vanilla Scents, Non-Greasy Baby Lotion, Nourishing Prebiotic Oatmeal, Paraben- & Phthalate-Free, 18 fl. oz</p><p> -29% 0FF </p><p>$11.69 ($0.65 / Fl Oz)</p><a href="https://www.amazon.com/dp/B00U2VQW72?tag=eloabder-20&linkCode=osi&th=1&psc=1">View Product</a></div><div class="product"><a href="https://www.amazon.com/dp/B07DGL23H4?tag=eloabder-20&linkCode=osi&th=1&psc=1"><img src="https://m.media-amazon.com/images/I/31YO49z1TsL._SL500_.jpg" alt="Product Image"></a><p>Johnson's Moisturizing Bedtime Baby Lotion with Coconut Oil & NaturalCalm Aromas to Help Relax Baby, Hypoallergenic & Free of Parabens, Phthalates & Dyes, Mild Baby Skin Care, 27.1 fl. oz</p><p> -36% 0FF </p><p>$9.50 ($0.35 / Fl Oz)</p><a href="https://www.amazon.com/dp/B07DGL23H4?tag=eloabder-20&linkCode=osi&th=1&psc=1">View Product</a></div><div class="product"><a href="https://www.amazon.com/dp/B01A59VMSO?tag=eloabder-20&linkCode=osi&th=1&psc=1"><img src="https://m.media-amazon.com/images/I/31P-2Bf0eYL._SL500_.jpg" alt="Product Image"></a><p>Eucerin Baby Body Lotion, Hypoallergenic and Fragrance Free Baby Lotion, Baby Moisturizer with Pro-Vitamin B5 and Shea Butter, 13.5 Fl Oz Bottle</p><p> -17% 0FF </p><p>$9.78 ($0.72 / Fl Oz)</p><a href="https://www.amazon.com/dp/B01A59VMSO?tag=eloabder-20&linkCode=osi&th=1&psc=1">View Product</a></div><div class="product"><a href="https://www.amazon.com/dp/B07DGKXBDD?tag=eloabder-20&linkCode=osi&th=1&psc=1"><img src="https://m.media-amazon.com/images/I/31IvagYz0ML._SL500_.jpg" alt="Product Image"></a><p>Johnson's Baby CottonTouch Newborn Baby Face and Body Lotion, Hypoallergenic and Paraben-Free Moisturization for Baby's Sensitive Skin, Made with Real Cotton, 27.1 fl. oz</p><p> -37% 0FF </p><p>$9.35 ($0.35 / Fl Oz)</p><a href="https://www.amazon.com/dp/B07DGKXBDD?tag=eloabder-20&linkCode=osi&th=1&psc=1">View Product</a></div>
<div class="product"><a href="https://www.amazon.com/dp/B08HSNXSM6?tag=eloabder-20&linkCode=osi&th=1&psc=1"><img src="https://m.media-amazon.com/images/I/4193Km1SQcL._SL500_.jpg" alt="Product Image"></a><p>The Peanutshell Crib Mobile for Boys or Girls - White Musical Baby Crib Mobile with 12 Lullabies, Jungle Animal, Baby Mobile Crib Safari Animals Nursery Decor</p><p> -11% 0FF </p><p>$39.99</p><a href="https://www.amazon.com/dp/B08HSNXSM6?tag=eloabder-20&linkCode=osi&th=1&psc=1">View Product</a></div><div class="product"><a href="https://www.amazon.com/dp/B088TCNZ52?tag=eloabder-20&linkCode=osi&th=1&psc=1"><img src="https://m.media-amazon.com/images/I/41Nuh1UJwkL._SL500_.jpg" alt="Product Image"></a><p>EVERLOVE Montessori Mobile Baby for Crib (TINITIGIES) - Black and White Mobile Give Visual Stimulation to Engage Your Newborn - Baby Crib Mobile for Boys & Girls - Baby Mobile for Crib</p><p> -12% 0FF </p><p>$37.99</p><a href="https://www.amazon.com/dp/B088TCNZ52?tag=eloabder-20&linkCode=osi&th=1&psc=1">View Product</a></div><div class="product"><a href="https://www.amazon.com/dp/B07DM86Z43?tag=eloabder-20&linkCode=osi&th=1&psc=1"><img src="https://m.media-amazon.com/images/I/41wBVQgCTUL._SL500_.jpg" alt="Product Image"></a><p>Baby Einstein Sea Dreams Soother Musical Crib Toy and Sound Machine, Newborn and up</p><p> -15% 0FF </p><p>$33.90</p><a href="https://www.amazon.com/dp/B07DM86Z43?tag=eloabder-20&linkCode=osi&th=1&psc=1">View Product</a></div><div class="product"><a href="https://www.amazon.com/dp/B0B38G1MBD?tag=eloabder-20&linkCode=osi&th=1&psc=1"><img src="https://m.media-amazon.com/images/I/51ES4bHBHqL._SL500_.jpg" alt="Product Image"></a><p>Eners Baby Crib Mobile with Music and Lights, Mobile for Crib with Remote Control, Rotation, Moon and Star Projection, Baby Crib Toys for Boys Girls (Blue)</p><p> -6% 0FF </p><p>$33.99</p><a href="https://www.amazon.com/dp/B0B38G1MBD?tag=eloabder-20&linkCode=osi&th=1&psc=1">View Product</a></div>
<div class="product"><a href="https://www.amazon.com/dp/B09GM8JZM9?tag=eloabder-20&linkCode=osi&th=1&psc=1"><img src="https://m.media-amazon.com/images/I/41XmH3g0-aL._SL500_.jpg" alt="Product Image"></a><p>HelloBaby Upgrade Baby Monitor, 5'' Screen with 30-Hour Battery, Pan-Tilt-Zoom Video Baby Monitor with Camera and Audio, Night Vision, VOX, 2-Way Talk, 8 Lullabies and 1000ft Range No WiFi</p><p> -20% 0FF </p><p>$79.99</p><a href="https://www.amazon.com/dp/B09GM8JZM9?tag=eloabder-20&linkCode=osi&th=1&psc=1">View Product</a></div><div class="product"><a href="https://www.amazon.com/dp/B00JEV5UI8?tag=eloabder-20&linkCode=osi&th=1&psc=1"><img src="https://m.media-amazon.com/images/I/41va56lWJ6L._SL500_.jpg" alt="Product Image"></a><p>VTech Upgraded Audio Baby Monitor with Rechargeable Battery, Long Range, and Crystal-Clear Sound</p><p> -9% 0FF </p><p>$19.99</p><a href="https://www.amazon.com/dp/B00JEV5UI8?tag=eloabder-20&linkCode=osi&th=1&psc=1">View Product</a></div><div class="product"><a href="https://www.amazon.com/dp/B0BZ8BN87L?tag=eloabder-20&linkCode=osi&th=1&psc=1"><img src="https://m.media-amazon.com/images/I/41Bi8mMjlBL._SL500_.jpg" alt="Product Image"></a><p>OKAIDI Video Baby Monitor with Camera and Audio, 5" Display Baby Monitor No WiFi, 30H Battery and 1000ft Range Baby Monitor, Remote Pan-Tilt-Zoom Baby Camera, Night Vision, 2-Way Talk, VOX,Temperature</p><p> -25% 0FF </p><p>$44.99</p><a href="https://www.amazon.com/dp/B0BZ8BN87L?tag=eloabder-20&linkCode=osi&th=1&psc=1">View Product</a></div><div class="product"><a href="https://www.amazon.com/dp/B0B316NPZ6?tag=eloabder-20&linkCode=osi&th=1&psc=1"><img src="https://m.media-amazon.com/images/I/41IWDeVuDfL._SL500_.jpg" alt="Product Image"></a><p>HelloBaby Monitor with Camera and Audio, 1000ft Long Range Video Baby Monitor-No WiFi, Night Vision, VOX Mode-Power Saving, 2.4'' Portable Travel Screen, Baby Safety Camera, for Baby/Pet, Plug & Play</p><p> -10% 0FF </p><p>$29.98</p><a href="https://www.amazon.com/dp/B0B316NPZ6?tag=eloabder-20&linkCode=osi&th=1&psc=1">View Product</a></div><div class="product"><a href="https://www.amazon.com/dp/B0CYCDTZ6G?tag=eloabder-20&linkCode=osi&th=1&psc=1"><img src="https://m.media-amazon.com/images/I/41PTcAHdqoL._SL500_.jpg" alt="Product Image"></a><p>HelloBaby Baby Monitor with Camera and Audio, 6'' World First IPS Screen Baby Camera Monitor No WiFi, 30-Hrs Battery, ECO, VOX, 2-Way Talk, Night Vision, 1000ft, Video Baby Monitor Portable</p><p> -25% 0FF </p><p>$89.99</p><a href="https://www.amazon.com/dp/B0CYCDTZ6G?tag=eloabder-20&linkCode=osi&th=1&psc=1">View Product</a></div><div class="product"><a href="https://www.amazon.com/dp/B007NG5UF4?tag=eloabder-20&linkCode=osi&th=1&psc=1"><img src="https://m.media-amazon.com/images/I/41SdqvzVNuL._SL500_.jpg" alt="Product Image"></a><p>VTech DM221 Audio Baby Monitor with up to 1,000 ft of Range, Vibrating Sound-Alert, Talk Back Intercom & Night Light Loop, White/Silver</p><p> -13% 0FF </p><p>$33.95</p><a href="https://www.amazon.com/dp/B007NG5UF4?tag=eloabder-20&linkCode=osi&th=1&psc=1">View Product</a></div><div class="product"><a href="https://www.amazon.com/dp/B0CZDYF95R?tag=eloabder-20&linkCode=osi&th=1&psc=1"><img src="https://m.media-amazon.com/images/I/41hYOyPQ9dL._SL500_.jpg" alt="Product Image"></a><p>VTimes Baby Monitor with Camera and Audio, Video Baby Monitor No WiFi Night Vision, 2.4" LCD Screen Portable Baby Camera VOX Mode Pan-Tilt-Zoom Alarm and 1000ft Range, Ideal for Baby/Elderly/Pet</p><p> -40% 0FF </p><p>$29.99</p><a href="https://www.amazon.com/dp/B0CZDYF95R?tag=eloabder-20&linkCode=osi&th=1&psc=1">View Product</a></div>
<div class="product"><a href="https://www.amazon.com/dp/B0119493OY?tag=eloabder-20&linkCode=osi&th=1&psc=1"><img src="https://m.media-amazon.com/images/I/31o0TllpwAL._SL500_.jpg" alt="Product Image"></a><p>Safety 1st Fold-Up Nail Clippers - 2pk</p><p> -25% 0FF </p><p>$2.99</p><a href="https://www.amazon.com/dp/B0119493OY?tag=eloabder-20&linkCode=osi&th=1&psc=1">View Product</a></div><div class="product"><a href="https://www.amazon.com/dp/B01644OCVS?tag=eloabder-20&linkCode=osi&th=1&psc=1"><img src="https://m.media-amazon.com/images/I/41oX5dLMB1L._SL500_.jpg" alt="Product Image"></a><p>Frida Baby NailFrida The SnipperClipper Set, Baby Nail Clippers & Nail Filer, Baby Essential Nail Kit for Newborns and Up</p><p> -36% 0FF </p><p>$8.31</p><a href="https://www.amazon.com/dp/B01644OCVS?tag=eloabder-20&linkCode=osi&th=1&psc=1">View Product</a></div><div class="product"><a href="https://www.amazon.com/dp/B084JZ27SM?tag=eloabder-20&linkCode=osi&th=1&psc=1"><img src="https://m.media-amazon.com/images/I/31JsNl8WpML._SL500_.jpg" alt="Product Image"></a><p>Safety 1st Light Zoom Nail Clippers, One Size</p><p> -27% 0FF </p><p>$7.29</p><a href="https://www.amazon.com/dp/B084JZ27SM?tag=eloabder-20&linkCode=osi&th=1&psc=1">View Product</a></div><div class="product"><a href="https://www.amazon.com/dp/B0D9BCJWC7?tag=eloabder-20&linkCode=osi&th=1&psc=1"><img src="https://m.media-amazon.com/images/I/41vknqnodfL._SL500_.jpg" alt="Product Image"></a><p>Yeeeasy Baby Nail Clippers Kit Baby Grooming Set with Nail Clippers, Scissors, Nail File & Tweezers Baby Care Kit Fingernail Cutter for Baby,Newborn,Infant,Toddler,Kid(Purple)</p><p> -55% 0FF </p><p>$4.49</p><a href="https://www.amazon.com/dp/B0D9BCJWC7?tag=eloabder-20&linkCode=osi&th=1&psc=1">View Product</a></div>
<div class="product"><a href="https://www.amazon.com/dp/B08CMWHD3B?tag=eloabder-20&linkCode=osi&th=1&psc=1"><img src="https://m.media-amazon.com/images/I/41+F2Dv0iiL._SL500_.jpg" alt="Product Image"></a><p>GROWNSY Nasal Aspirator for Baby, Baby Nose Sucker Pro with 3 Soft Silicone Tips, Adjustable Suction, Electric Nose Suction for Baby, Built-in Music & Light Soothing</p><p> -20% 0FF </p><p>$39.99 ($39.99 / Count)</p><a href="https://www.amazon.com/dp/B08CMWHD3B?tag=eloabder-20&linkCode=osi&th=1&psc=1">View Product</a></div><div class="product"><a href="https://www.amazon.com/dp/B00RP0GHBO?tag=eloabder-20&linkCode=osi&th=1&psc=1"><img src="https://m.media-amazon.com/images/I/41pIJoWu-UL._SL500_.jpg" alt="Product Image"></a><p>Frida Baby NoseFrida SnotSucker Nasal Aspirator for Baby, Baby Nose Sucker with 24 Extra Hygiene Filters, Baby Congestion Relief, FSA/HSA Eligible</p><p> -25% 0FF </p><p>$14.99</p><a href="https://www.amazon.com/dp/B00RP0GHBO?tag=eloabder-20&linkCode=osi&th=1&psc=1">View Product</a></div><div class="product"><a href="https://www.amazon.com/dp/B0C3CHQHJP?tag=eloabder-20&linkCode=osi&th=1&psc=1"><img src="https://m.media-amazon.com/images/I/51IO9JHchbL._SL500_.jpg" alt="Product Image"></a><p>X-Bosak Baby Nasal Aspirator, Electric Nose Sucker with 5 Levels Suction, Soothing Light & Nursery Rhymes</p><p> -18% 0FF </p><p>$30.99</p><a href="https://www.amazon.com/dp/B0C3CHQHJP?tag=eloabder-20&linkCode=osi&th=1&psc=1">View Product</a></div><div class="product"><a href="https://www.amazon.com/dp/B094Z43BQF?tag=eloabder-20&linkCode=osi&th=1&psc=1"><img src="https://m.media-amazon.com/images/I/41elOKysySL._SL500_.jpg" alt="Product Image"></a><p>Frida Baby Electric NoseFrida Nasal Aspirator for Baby, Nose Sucker for Baby & Toddler, Nasal Aspirator for Congestion Relief with 3 Suction Levels, 2 Silicone Tips, USB Rechargeable</p><p> -13% 0FF </p><p>$34.99</p><a href="https://www.amazon.com/dp/B094Z43BQF?tag=eloabder-20&linkCode=osi&th=1&psc=1">View Product</a></div><div class="product"><a href="https://www.amazon.com/dp/B01N093BYV?tag=eloabder-20&linkCode=osi&th=1&psc=1"><img src="https://m.media-amazon.com/images/I/316hpVBAmNL._SL500_.jpg" alt="Product Image"></a><p>Frida Baby Nasal Aspirator for Baby, NoseFrida Baby Nose Sucker with 10 Extra Filters + All-Natural Saline Nasal Spray for Babies, Nasal Spray Decongestant, 0.68 fl oz</p><p> -15% 0FF </p><p>$16.97</p><a href="https://www.amazon.com/dp/B01N093BYV?tag=eloabder-20&linkCode=osi&th=1&psc=1">View Product</a></div><div class="product"><a href="https://www.amazon.com/dp/B0BSVG8S59?tag=eloabder-20&linkCode=osi&th=1&psc=1"><img src="https://m.media-amazon.com/images/I/31Rju6jEphL._SL500_.jpg" alt="Product Image"></a><p>Dr. Talbot's Nasal Aspirator for Babies - Silicone - Includes Storage Case - Clear</p><p> -20% 0FF </p><p>$6.39</p><a href="https://www.amazon.com/dp/B0BSVG8S59?tag=eloabder-20&linkCode=osi&th=1&psc=1">View Product</a></div>
<div class="product"><a href="https://www.amazon.com/dp/B00WEBVM5U?tag=eloabder-20&linkCode=osi&th=1&psc=1"><img src="https://m.media-amazon.com/images/I/31oMSFi3dGL._SL500_.jpg" alt="Product Image"></a><p>Johnson's Baby Oil, Mineral Oil Enriched with Shea & Cocoa Butter to Prevent Moisture Loss, Hypoallergenic, 20 fl. oz</p><p> -35% 0FF </p><p>$5.90 ($0.30 / Fl Oz)</p><a href="https://www.amazon.com/dp/B00WEBVM5U?tag=eloabder-20&linkCode=osi&th=1&psc=1">View Product</a></div><div class="product"><a href="https://www.amazon.com/dp/B00J51Q1IA?tag=eloabder-20&linkCode=osi&th=1&psc=1"><img src="https://m.media-amazon.com/images/I/31WSLNGqaEL._SL500_.jpg" alt="Product Image"></a><p>Johnson & Johnson SLC (Cosmetics) Baby Oil, 20 Fl Oz</p><p> -33% 0FF </p><p>$6.02 ($0.30 / Fl Oz)</p><a href="https://www.amazon.com/dp/B00J51Q1IA?tag=eloabder-20&linkCode=osi&th=1&psc=1">View Product</a></div><div class="product"><a href="https://www.amazon.com/dp/B00LPC15FQ?tag=eloabder-20&linkCode=osi&th=1&psc=1"><img src="https://m.media-amazon.com/images/I/315PcqnZ4qL._SL500_.jpg" alt="Product Image"></a><p>Johnson's Baby Johnson & Johnson Baby Oil, Aloe Vera & Vitamin E, Multicolor, 14 Fl Oz</p><p> -23% 0FF </p><p>$5.49 ($0.39 / Fl Oz)</p><a href="https://www.amazon.com/dp/B00LPC15FQ?tag=eloabder-20&linkCode=osi&th=1&psc=1">View Product</a></div><div class="product"><a href="https://www.amazon.com/dp/B001UAA2UC?tag=eloabder-20&linkCode=osi&th=1&psc=1"><img src="https://m.media-amazon.com/images/I/31-74Q7XbxL._SL500_.jpg" alt="Product Image"></a><p>Johnson's Baby Oil Gel, Moisturizing Baby Massage Mineral Oil Enriched with Shea & Cocoa Butter, Dry Skin Relief for Babies, Kids & Adults, Nourishing & Gentle on Delicate Skin, 6.5 fl. oz</p><p> -16% 0FF </p><p>$5.98 ($0.92 / Fl Oz)</p><a href="https://www.amazon.com/dp/B001UAA2UC?tag=eloabder-20&linkCode=osi&th=1&psc=1">View Product</a></div>
<div class="product"><a href="https://www.amazon.com/dp/B0D88Y4955?tag=eloabder-20&linkCode=osi&th=1&psc=1"><img src="https://m.media-amazon.com/images/I/41Au0yzblbL._SL500_.jpg" alt="Product Image"></a><p>Burt's Bees Baby Baby Boys Pajamas, Sleep and Play Loose Fit, 100% Organic Cotton, Soft One-piece PJs, Diagonal Zip Up Jumpsuit Newborn Essentials with Interior Zipper Guard in sizes NB to 6-9 Months</p><p> -49% 0FF </p><p>$7.60</p><a href="https://www.amazon.com/dp/B0D88Y4955?tag=eloabder-20&linkCode=osi&th=1&psc=1">View Product</a></div><div class="product"><a href="https://www.amazon.com/dp/B08GHLBW8P?tag=eloabder-20&linkCode=osi&th=1&psc=1"><img src="https://m.media-amazon.com/images/I/512q+TZZ2UL._SL500_.jpg" alt="Product Image"></a><p>Gerber Baby Boys' 4-Pack Footed Pajamas, Dinosaurs Space Grey, 18 Months</p><p> -9% 0FF </p><p>$29.98</p><a href="https://www.amazon.com/dp/B08GHLBW8P?tag=eloabder-20&linkCode=osi&th=1&psc=1">View Product</a></div>
<div class="product"><a href="https://www.amazon.com/dp/B09XHGG4B8?tag=eloabder-20&linkCode=osi&th=1&psc=1"><img src="https://m.media-amazon.com/images/I/51drx-WonLL._SL500_.jpg" alt="Product Image"></a><p>Yeeeasy Tummy Time Water Mat丨Inflatable Tummy Time Water Play Mat for Babies, Infants and Toddlers 3 to 12 Months Promote Development Toys Baby Gifts</p><p> -33% 0FF </p><p>$9.99</p><a href="https://www.amazon.com/dp/B09XHGG4B8?tag=eloabder-20&linkCode=osi&th=1&psc=1">View Product</a></div>
<div class="product"><a href="https://www.amazon.com/dp/B0009STDJW?tag=eloabder-20&linkCode=osi&th=1&psc=1"><img src="https://m.media-amazon.com/images/I/31XlMHyMw4L._SL500_.jpg" alt="Product Image"></a><p>Johnson's Baby Powder, Naturally Derived Cornstarch with Aloe & Vitamin E for Delicate Skin, Hypoallergenic and Free of Parabens, Phthalates, and Dyes for Gentle Baby Skin Care, 15 oz</p><p> -31% 0FF </p><p>$4.98 ($0.33 / Ounce)</p><a href="https://www.amazon.com/dp/B0009STDJW?tag=eloabder-20&linkCode=osi&th=1&psc=1">View Product</a></div><div class="product"><a href="https://www.amazon.com/dp/B005IHT880?tag=eloabder-20&linkCode=osi&th=1&psc=1"><img src="https://m.media-amazon.com/images/I/31Yy8plMS3L._SL500_.jpg" alt="Product Image"></a><p>Johnson's Baby Naturally Derived Cornstarch Baby Powder with Aloe and Vitamin E for Delicate Skin, Hypoallergenic and Free of Parabens, Phthalates, and Dyes for Gentle Baby Skin Care, 1.5 oz</p><p> -31% 0FF </p><p>$1.97 ($1.31 / Ounce)</p><a href="https://www.amazon.com/dp/B005IHT880?tag=eloabder-20&linkCode=osi&th=1&psc=1">View Product</a></div><div class="product"><a href="https://www.amazon.com/dp/B00I5MVFB8?tag=eloabder-20&linkCode=osi&th=1&psc=1"><img src="https://m.media-amazon.com/images/I/41kU-erHU1L._SL500_.jpg" alt="Product Image"></a><p>Johnson's Baby Powder, Pure Cornstarch, Aloe & Vitamin E, 22 Ounce (Pack of 3) - Packaging May Vary</p><p> -31% 0FF </p><p>$18.87 ($0.29 / Ounce)</p><a href="https://www.amazon.com/dp/B00I5MVFB8?tag=eloabder-20&linkCode=osi&th=1&psc=1">View Product</a></div><div class="product"><a href="https://www.amazon.com/dp/B004Z4MNGQ?tag=eloabder-20&linkCode=osi&th=1&psc=1"><img src="https://m.media-amazon.com/images/I/31szXN97ucL._SL500_.jpg" alt="Product Image"></a><p>Johnson's Baby Powder with Naturally Derived Cornstarch Aloe & Vitamin E, Hypoallergenic, 9 oz</p><p> -26% 0FF </p><p>$3.95 ($0.44 / Ounce)</p><a href="https://www.amazon.com/dp/B004Z4MNGQ?tag=eloabder-20&linkCode=osi&th=1&psc=1">View Product</a></div><div class="product"><a href="https://www.amazon.com/dp/B0CCPK861Q?tag=eloabder-20&linkCode=osi&th=1&psc=1"><img src="https://m.media-amazon.com/images/I/51jIdMql0FL._SL500_.jpg" alt="Product Image"></a><p>Burt's Bees Christmas Gifts, Baby Dusting Powder, 100% Natural Origin, Talc-Free, Pediatrician Tested Stocking Stuffers, 7.5 Ounces, Pack of 3, Pack May Vary</p><p> -29% 0FF </p><p>$19.17 ($0.85 / Ounce)</p><a href="https://www.amazon.com/dp/B0CCPK861Q?tag=eloabder-20&linkCode=osi&th=1&psc=1">View Product</a></div><div class="product"><a href="https://www.amazon.com/dp/B012FUZ8NG?tag=eloabder-20&linkCode=osi&th=1&psc=1"><img src="https://m.media-amazon.com/images/I/41t4DM92+aL._SL500_.jpg" alt="Product Image"></a><p>Gold Bond Comfort Body Powder, 10 oz., Talc-Free, Fresh Clean Scent With Aloe & Chamomile</p><p> -7% 0FF </p><p>$6.79 ($0.68 / Ounce)</p><a href="https://www.amazon.com/dp/B012FUZ8NG?tag=eloabder-20&linkCode=osi&th=1&psc=1">View Product</a></div>
<div class="product"><a href="https://www.amazon.com/dp/B00JHKTDQG?tag=eloabder-20&linkCode=osi&th=1&psc=1"><img src="https://m.media-amazon.com/images/I/41u2OOs0uOL._SL500_.jpg" alt="Product Image"></a><p>Safety 1st Plug Protectors, 36 Count</p><p> -22% 0FF </p><p>$3.49</p><a href="https://www.amazon.com/dp/B00JHKTDQG?tag=eloabder-20&linkCode=osi&th=1&psc=1">View Product</a></div><div class="product"><a href="https://www.amazon.com/dp/B0CZRKFS5Z?tag=eloabder-20&linkCode=osi&th=1&psc=1"><img src="https://m.media-amazon.com/images/I/413bGIIY4WL._SL500_.jpg" alt="Product Image"></a><p>Baby Proofing Kit, Oven Door Lock Child proof Safety Product for Kitchen, Double Button, Heat-Resistant, Easy to Install (1 Pack,Grey)</p><p> -20% 0FF </p><p>$7.99</p><a href="https://www.amazon.com/dp/B0CZRKFS5Z?tag=eloabder-20&linkCode=osi&th=1&psc=1">View Product</a></div><div class="product"><a href="https://www.amazon.com/dp/B00YKG2YS6?tag=eloabder-20&linkCode=osi&th=1&psc=1"><img src="https://m.media-amazon.com/images/I/41+wB4D0smL._SL500_.jpg" alt="Product Image"></a><p>Safety 1st Safety Essentials Kit , White , 1 Count</p><p> -38% 0FF </p><p>$7.48</p><a href="https://www.amazon.com/dp/B00YKG2YS6?tag=eloabder-20&linkCode=osi&th=1&psc=1">View Product</a></div>
<div class="product"><a href="https://www.amazon.com/dp/B000BNCA4K?tag=eloabder-20&linkCode=osi&th=1&psc=1"><img src="https://m.media-amazon.com/images/I/51+hwco0h6L._SL500_.jpg" alt="Product Image"></a><p>Manhattan Toy Winkel Rattle & Sensory Teether Toy, Blue/Green/Orange, 5 Inch x 4 Inch x 3.5 Inch</p><p> -29% 0FF </p><p>$9.99</p><a href="https://www.amazon.com/dp/B000BNCA4K?tag=eloabder-20&linkCode=osi&th=1&psc=1">View Product</a></div><div class="product"><a href="https://www.amazon.com/dp/B000FMQWS2?tag=eloabder-20&linkCode=osi&th=1&psc=1"><img src="https://m.media-amazon.com/images/I/4108+CwoQfL._SL500_.jpg" alt="Product Image"></a><p>Bright Starts Grab & Spin Baby Rattle & BPA-Free Teether Toy, Ages 3 Months+</p><p> -15% 0FF </p><p>$2.97</p><a href="https://www.amazon.com/dp/B000FMQWS2?tag=eloabder-20&linkCode=osi&th=1&psc=1">View Product</a></div><div class="product"><a href="https://www.amazon.com/dp/B071YCHDX1?tag=eloabder-20&linkCode=osi&th=1&psc=1"><img src="https://m.media-amazon.com/images/I/512uBUjyccL._SL500_.jpg" alt="Product Image"></a><p>iPlay, iLearn 10pcs Baby Rattles Toys Set, Infant Grab Shake Rattle, Sensory Teether, Babies Development Learning Music Toy, Newborn First Christmas Gifts 0 1 2 3 4 5 6 7 8 9 10 12 Month Boy Girl</p><p> -15% 0FF </p><p>$22.99</p><a href="https://www.amazon.com/dp/B071YCHDX1?tag=eloabder-20&linkCode=osi&th=1&psc=1">View Product</a></div><div class="product"><a href="https://www.amazon.com/dp/B019ICFYNI?tag=eloabder-20&linkCode=osi&th=1&psc=1"><img src="https://m.media-amazon.com/images/I/51oYX33BlzL._SL500_.jpg" alt="Product Image"></a><p>VTech Baby Rattle and Sing Puppy</p><p> -18% 0FF </p><p>$8.99</p><a href="https://www.amazon.com/dp/B019ICFYNI?tag=eloabder-20&linkCode=osi&th=1&psc=1">View Product</a></div><div class="product"><a href="https://www.amazon.com/dp/B000V2Y5BW?tag=eloabder-20&linkCode=osi&th=1&psc=1"><img src="https://m.media-amazon.com/images/I/41Bz5Kz2OzL._SL500_.jpg" alt="Product Image"></a><p>The First Years First Keys Infant and Baby Toy</p><p> -67% 0FF </p><p>$2.44</p><a href="https://www.amazon.com/dp/B000V2Y5BW?tag=eloabder-20&linkCode=osi&th=1&psc=1">View Product</a></div>
<div class="product"><a href="https://www.amazon.com/dp/B005SPESKK?tag=eloabder-20&linkCode=osi&th=1&psc=1"><img src="https://m.media-amazon.com/images/I/410ZKnRS3aL._SL500_.jpg" alt="Product Image"></a><p>Aveeno Baby Bathtime Solutions Baby & Me Gift Set with Baby Wash & Shampoo, Calming Baby Bath, Baby Daily Moisturizing Lotion & Stress Relief Body Wash for Mom, Oatmeal, 4 Items</p><p> -35% 0FF </p><p>$20.69</p><a href="https://www.amazon.com/dp/B005SPESKK?tag=eloabder-20&linkCode=osi&th=1&psc=1">View Product</a></div><div class="product"><a href="https://www.amazon.com/dp/B005UEB96K?tag=eloabder-20&linkCode=osi&th=1&psc=1"><img src="https://m.media-amazon.com/images/I/41irWX472ZL._SL500_.jpg" alt="Product Image"></a><p>Aquaphor Baby Healing Ointment Advanced Therapy Skin Protectant, Dry Skin and Diaper Rash Ointment, 14 Oz Jar</p><p> -8% 0FF </p><p>$18.37</p><a href="https://www.amazon.com/dp/B005UEB96K?tag=eloabder-20&linkCode=osi&th=1&psc=1">View Product</a></div><div class="product"><a href="https://www.amazon.com/dp/B0CNXKT6S7?tag=eloabder-20&linkCode=osi&th=1&psc=1"><img src="https://m.media-amazon.com/images/I/41UPubKIJYL._SL500_.jpg" alt="Product Image"></a><p>Blissful Diary Baby Diaper Caddy Organizer, Stylish Nursery Storage Basket - Gift for Baby Shower, Baby Registry Must Have, Newborn Essentials - Baby Caddy Organizer for Diaper Station - Sage Green</p><p> -7% 0FF </p><p>$22.99</p><a href="https://www.amazon.com/dp/B0CNXKT6S7?tag=eloabder-20&linkCode=osi&th=1&psc=1">View Product</a></div><div class="product"><a href="https://www.amazon.com/dp/B07RX5BD32?tag=eloabder-20&linkCode=osi&th=1&psc=1"><img src="https://m.media-amazon.com/images/I/41p16YTuexL._SL500_.jpg" alt="Product Image"></a><p>Portable Diaper Changing Pad, Portable Changing pad for Newborn Girl & Boy - Baby Changing Pad with Smart Wipes Pocket – Waterproof Travel Changing Kit - Baby Gift by Kopi Baby</p><p> -42% 0FF </p><p>$21.89</p><a href="https://www.amazon.com/dp/B07RX5BD32?tag=eloabder-20&linkCode=osi&th=1&psc=1">View Product</a></div>
<div class="product"><a href="https://www.amazon.com/dp/B07DGKWFJM?tag=eloabder-20&linkCode=osi&th=1&psc=1"><img src="https://m.media-amazon.com/images/I/313M7YzzHPL._SL500_.jpg" alt="Product Image"></a><p>Johnson's Baby Shampoo with Tear-Free Formula, Shampoo for Baby's Delicate Scalp & Skin, Gently Washes Away Dirt & Germs, Paraben-, Phthalate-, Sulfate- & Dye-Free, 20.3 fl. oz</p><p> -35% 0FF </p><p>$5.90 ($0.29 / Fl Oz)</p><a href="https://www.amazon.com/dp/B07DGKWFJM?tag=eloabder-20&linkCode=osi&th=1&psc=1">View Product</a></div><div class="product"><a href="https://www.amazon.com/dp/B07DGK9FQG?tag=eloabder-20&linkCode=osi&th=1&psc=1"><img src="https://m.media-amazon.com/images/I/31ZmgkaoecL._SL500_.jpg" alt="Product Image"></a><p>Johnson's Baby Tear Free Shampoo, No Parabens/Phthalates/Sulfates/Dyes, Fresh, 13.6 Fl Oz</p><p> -30% 0FF </p><p>$4.78 ($0.35 / Fl Oz)</p><a href="https://www.amazon.com/dp/B07DGK9FQG?tag=eloabder-20&linkCode=osi&th=1&psc=1">View Product</a></div><div class="product"><a href="https://www.amazon.com/dp/B07D2JMJPS?tag=eloabder-20&linkCode=osi&th=1&psc=1"><img src="https://m.media-amazon.com/images/I/31GFcXvNoSL._SL500_.jpg" alt="Product Image"></a><p>Johnson's Head-to-Toe Gentle Tear-Free Baby & Newborn Wash & Shampoo, Sulfate-, Paraben- Phthalate- & Dye-Free, Hypoallergenic Wash for Sensitive Skin & Hair, 27.1 fl. Oz</p><p> -33% 0FF </p><p>$7.19 ($0.27 / Fl Oz)</p><a href="https://www.amazon.com/dp/B07D2JMJPS?tag=eloabder-20&linkCode=osi&th=1&psc=1">View Product</a></div><div class="product"><a href="https://www.amazon.com/dp/B07NSBTZ22?tag=eloabder-20&linkCode=osi&th=1&psc=1"><img src="https://m.media-amazon.com/images/I/316UK0+xv+L._SL500_.jpg" alt="Product Image"></a><p>Aveeno Baby Daily Moisture Gentle Bath Wash & Shampoo with Natural Oat Extract, Hypoallergenic, Tear-Free & Paraben-Free Formula For Sensitive Hair & Skin, Lightly Scented, 33 fl. oz</p><p> -43% 0FF </p><p>$13.98 ($0.42 / Fl Oz)</p><a href="https://www.amazon.com/dp/B07NSBTZ22?tag=eloabder-20&linkCode=osi&th=1&psc=1">View Product</a></div><div class="product"><a href="https://www.amazon.com/dp/B07DGPL4Y7?tag=eloabder-20&linkCode=osi&th=1&psc=1"><img src="https://m.media-amazon.com/images/I/310oJnMMURS._SL500_.jpg" alt="Product Image"></a><p>Johnson's Baby Calming Baby Shampoo with Soothing NaturalCalm Scent, Hypoallergenic & Tear-Free Baby Hair Shampoo, Free of Parabens, Phthalates, Sulfates & Dyes, 20.3 fl. oz</p><p> -9% 0FF </p><p>$5.39 ($0.27 / Fl Oz)</p><a href="https://www.amazon.com/dp/B07DGPL4Y7?tag=eloabder-20&linkCode=osi&th=1&psc=1">View Product</a></div><div class="product"><a href="https://www.amazon.com/dp/B072QXWXS6?tag=eloabder-20&linkCode=osi&th=1&psc=1"><img src="https://m.media-amazon.com/images/I/31nATTwRNrL._SL500_.jpg" alt="Product Image"></a><p>The Honest Company 2-in-1 Cleansing Shampoo + Body Wash | Gentle for Baby | Naturally Derived, Tear-free, Hypoallergenic | Fragrance Free Sensitive, 10 fl oz</p><p> -8% 0FF </p><p>$10.99 ($1.10 / Fl Oz)</p><a href="https://www.amazon.com/dp/B072QXWXS6?tag=eloabder-20&linkCode=osi&th=1&psc=1">View Product</a></div><div class="product"><a href="https://www.amazon.com/dp/B0BXB874ZB?tag=eloabder-20&linkCode=osi&th=1&psc=1"><img src="https://m.media-amazon.com/images/I/61I9qaFfznL._SL500_.jpg" alt="Product Image"></a><p>SheaMoisture Baby Shampoo & Bath Milk Manuka Honey & Lavender for Delicate Hair and Skin Nighttime Skin and Hair Care Regimen 13 oz</p><p> -10% 0FF </p><p>$8.97 ($0.69 / Fl Oz)</p><a href="https://www.amazon.com/dp/B0BXB874ZB?tag=eloabder-20&linkCode=osi&th=1&psc=1">View Product</a></div>
<div class="product"><a href="https://www.amazon.com/dp/B07JP112TD?tag=eloabder-20&linkCode=osi&th=1&psc=1"><img src="https://m.media-amazon.com/images/I/31-1TtUqz2L._SL500_.jpg" alt="Product Image"></a><p>Stride Rite Baby Girls Sr Taye 2.0 First Walker Shoe, Pink, 3 Infant US</p><p> -30% 0FF </p><p>$25.72</p><a href="https://www.amazon.com/dp/B07JP112TD?tag=eloabder-20&linkCode=osi&th=1&psc=1">View Product</a></div><div class="product"><a href="https://www.amazon.com/dp/B08M5M2ZNJ?tag=eloabder-20&linkCode=osi&th=1&psc=1"><img src="https://m.media-amazon.com/images/I/31qHgEG+WSL._SL500_.jpg" alt="Product Image"></a><p>Baby Booties 6-12 Months Unisex Cozy Fleece Newborn Booties Non-Slip Newborn First Walkers Shoes Toddler Slippers for Baby Boys & Baby Girls Gifts, Black</p><p> -33% 0FF </p><p>$9.99</p><a href="https://www.amazon.com/dp/B08M5M2ZNJ?tag=eloabder-20&linkCode=osi&th=1&psc=1">View Product</a></div><div class="product"><a href="https://www.amazon.com/dp/B0BV2J28DN?tag=eloabder-20&linkCode=osi&th=1&psc=1"><img src="https://m.media-amazon.com/images/I/41n15Z33RlL._SL500_.jpg" alt="Product Image"></a><p>Baby Walking Shoes First Boy Girl Walker Infant Sock Tennis Mesh Sneakers Breathable 6 9 12 18 24 Months Camel Size 6-12 Months Infant</p><p> -18% 0FF </p><p>$26.99</p><a href="https://www.amazon.com/dp/B0BV2J28DN?tag=eloabder-20&linkCode=osi&th=1&psc=1">View Product</a></div><div class="product"><a href="https://www.amazon.com/dp/B0C9ZTGHWF?tag=eloabder-20&linkCode=osi&th=1&psc=1"><img src="https://m.media-amazon.com/images/I/41jzu4SNmLL._SL500_.jpg" alt="Product Image"></a><p>BMCiTYBM Baby Boy Girl Shoes Infant First Walker Shoes Breathable Walking Shoes Lightweight Non-Slip Sneakers 6 9 12 18 24 Months Gray Size 12-18 Months Infant</p><p> -12% 0FF </p><p>$29.99</p><a href="https://www.amazon.com/dp/B0C9ZTGHWF?tag=eloabder-20&linkCode=osi&th=1&psc=1">View Product</a></div>
<div class="product"><a href="https://www.amazon.com/dp/B0B6Z9SVXG?tag=eloabder-20&linkCode=osi&th=1&psc=1"><img src="https://m.media-amazon.com/images/I/41yQhQfpuJL._SL500_.jpg" alt="Product Image"></a><p>Shiaon Baby Sling Carrier Newborn to Toddler, Lightweight Baby Carrier Sling, Baby Wrap Sling, Baby Hip Seat Carrier for Toddler Sling, Baby Holder Carrier, Nursing Sling, Carrying 7-45 lbs, Grey</p><p> -20% 0FF </p><p>$32.99</p><a href="https://www.amazon.com/dp/B0B6Z9SVXG?tag=eloabder-20&linkCode=osi&th=1&psc=1">View Product</a></div><div class="product"><a href="https://www.amazon.com/dp/B07SK6GVCJ?tag=eloabder-20&linkCode=osi&th=1&psc=1"><img src="https://m.media-amazon.com/images/I/41o7bWiYEUL._SL500_.jpg" alt="Product Image"></a><p>CUBY Water Baby Sling Carrier Breathable Mesh Baby Wraps Carrier Adjustable Ring Sling Baby Carrier Infant Carrier for Summer Swimming Pool Beach (Light Grey)</p><p> -27% 0FF </p><p>$18.99</p><a href="https://www.amazon.com/dp/B07SK6GVCJ?tag=eloabder-20&linkCode=osi&th=1&psc=1">View Product</a></div><div class="product"><a href="https://www.amazon.com/dp/B07YQYRVDX?tag=eloabder-20&linkCode=osi&th=1&psc=1"><img src="https://m.media-amazon.com/images/I/41nKHqgPniL._SL500_.jpg" alt="Product Image"></a><p>Baby Sling and Ring Sling 100% Cotton Muslin Infant Carrier, Front and Chest Newborn Carrier Wrap, Toddler Carrier – Grey</p><p> -31% 0FF </p><p>$44.95</p><a href="https://www.amazon.com/dp/B07YQYRVDX?tag=eloabder-20&linkCode=osi&th=1&psc=1">View Product</a></div>
<div class="product"><a href="https://www.amazon.com/dp/B07N13W76L?tag=eloabder-20&linkCode=osi&th=1&psc=1"><img src="https://m.media-amazon.com/images/I/41d8emuEA8L._SL500_.jpg" alt="Product Image"></a><p>Baby Dove Sensitive Skin Care Baby Wash Calming Moisture For a Calming Bath Wash Hypoallergenic and Tear-Free, Washes Away Bacteria 13 oz</p><p> -6% 0FF </p><p>$7.99 ($0.61 / Ounce)</p><a href="https://www.amazon.com/dp/B07N13W76L?tag=eloabder-20&linkCode=osi&th=1&psc=1">View Product</a></div><div class="product"><a href="https://www.amazon.com/dp/B097NRRRNT?tag=eloabder-20&linkCode=osi&th=1&psc=1"><img src="https://m.media-amazon.com/images/I/31qcQUGmwRS._SL500_.jpg" alt="Product Image"></a><p>Johnson's Skin Nourishing Moisture Baby Body Wash With Vanilla & Oat Scents, Hypoallergenic & Tear Free Baby Bath Wash, Paraben-, Dye-, Sulfate & Phthalate-Free, 20.3 fl. oz</p><p> -26% 0FF </p><p>$6.78 ($0.33 / Fl Oz)</p><a href="https://www.amazon.com/dp/B097NRRRNT?tag=eloabder-20&linkCode=osi&th=1&psc=1">View Product</a></div><div class="product"><a href="https://www.amazon.com/dp/B07D2G6CLG?tag=eloabder-20&linkCode=osi&th=1&psc=1"><img src="https://m.media-amazon.com/images/I/31EQ6Pb153L._SL500_.jpg" alt="Product Image"></a><p>Johnson's Bedtime Baby Bath with Soothing NaturalCalm Aromas, Hypoallergenic & Tear Free Formula, 27.1 fl. oz</p><p> -33% 0FF </p><p>$9.98 ($0.37 / Fl Oz)</p><a href="https://www.amazon.com/dp/B07D2G6CLG?tag=eloabder-20&linkCode=osi&th=1&psc=1">View Product</a></div>
<div class="product"><a href="https://www.amazon.com/dp/B006VB29D8?tag=eloabder-20&linkCode=osi&th=1&psc=1"><img src="https://m.media-amazon.com/images/I/41avOtC2ssL._SL500_.jpg" alt="Product Image"></a><p>Munchkin® Soft Tip™ Baby Spoons, BPA Free, 12 Pack</p><p> -17% 0FF </p><p>$6.98</p><a href="https://www.amazon.com/dp/B006VB29D8?tag=eloabder-20&linkCode=osi&th=1&psc=1">View Product</a></div><div class="product"><a href="https://www.amazon.com/dp/B0CKJXWM44?tag=eloabder-20&linkCode=osi&th=1&psc=1"><img src="https://m.media-amazon.com/images/I/41n4jr8b6VL._SL500_.jpg" alt="Product Image"></a><p>Nuby Baby's First Spoons Set - (3-Pack) Feeding Utensils for Babies - 6+ Months</p><p> -40% 0FF </p><p>$5.97</p><a href="https://www.amazon.com/dp/B0CKJXWM44?tag=eloabder-20&linkCode=osi&th=1&psc=1">View Product</a></div><div class="product"><a href="https://www.amazon.com/dp/B0CKWJNQP4?tag=eloabder-20&linkCode=osi&th=1&psc=1"><img src="https://m.media-amazon.com/images/I/413epEJW7PL._SL500_.jpg" alt="Product Image"></a><p>Munchkin® Gentle Dip™ Multistage First Spoon Set for Baby Led Weaning, Self Feeding, Solids & Purees, 3 Pack, Coral/Purple</p><p> -35% 0FF </p><p>$6.49</p><a href="https://www.amazon.com/dp/B0CKWJNQP4?tag=eloabder-20&linkCode=osi&th=1&psc=1">View Product</a></div><div class="product"><a href="https://www.amazon.com/dp/B08MVST7H1?tag=eloabder-20&linkCode=osi&th=1&psc=1"><img src="https://m.media-amazon.com/images/I/319zTmlUj8L._SL500_.jpg" alt="Product Image"></a><p>PrimaStella Silicone Chew Spoon Set for Babies and Toddlers | Safety Tested | BPA Free | Microwave, Dishwasher and Freezer Safe</p><p> -33% 0FF </p><p>$7.99</p><a href="https://www.amazon.com/dp/B08MVST7H1?tag=eloabder-20&linkCode=osi&th=1&psc=1">View Product</a></div>
<div class="product"><a href="https://www.amazon.com/dp/B0D5Q2GKMX?tag=eloabder-20&linkCode=osi&th=1&psc=1"><img src="https://m.media-amazon.com/images/I/51PSbL1vo1L._SL500_.jpg" alt="Product Image"></a><p>Accombe 2 in 1 Baby Stroller, Convertible Bassinet Pushchair for Infants and Newborns 0-36 Months</p><p> -23% 0FF </p><p>$154.99</p><a href="https://www.amazon.com/dp/B0D5Q2GKMX?tag=eloabder-20&linkCode=osi&th=1&psc=1">View Product</a></div><div class="product"><a href="https://www.amazon.com/dp/B01FCDWZFC?tag=eloabder-20&linkCode=osi&th=1&psc=1"><img src="https://m.media-amazon.com/images/I/41jrn+R3+0L._SL500_.jpg" alt="Product Image"></a><p>Baby Trend Range Jogger Stroller, Millennium</p><p> -36% 0FF </p><p>$90.08</p><a href="https://www.amazon.com/dp/B01FCDWZFC?tag=eloabder-20&linkCode=osi&th=1&psc=1">View Product</a></div><div class="product"><a href="https://www.amazon.com/dp/B0BSP4K34F?tag=eloabder-20&linkCode=osi&th=1&psc=1"><img src="https://m.media-amazon.com/images/I/41zs0EAVv0L._SL500_.jpg" alt="Product Image"></a><p>Summer by Ingenuity 3Dquickclose CS+ Compact Fold Stroller, Car-Seat Compatible, Lightweight Stroller with Oversized Canopy, Extra-Large Storage</p><p> -19% 0FF </p><p>$80.74</p><a href="https://www.amazon.com/dp/B0BSP4K34F?tag=eloabder-20&linkCode=osi&th=1&psc=1">View Product</a></div><div class="product"><a href="https://www.amazon.com/dp/B08K2YFNDW?tag=eloabder-20&linkCode=osi&th=1&psc=1"><img src="https://m.media-amazon.com/images/I/41USzhsByBL._SL500_.jpg" alt="Product Image"></a><p>Graco Ready2Grow LX 2.0 Double Stroller Features Bench Seat and Standing Platform Options, Clark</p><p> -20% 0FF </p><p>$215.99</p><a href="https://www.amazon.com/dp/B08K2YFNDW?tag=eloabder-20&linkCode=osi&th=1&psc=1">View Product</a></div><div class="product"><a href="https://www.amazon.com/dp/B09FL82SRC?tag=eloabder-20&linkCode=osi&th=1&psc=1"><img src="https://m.media-amazon.com/images/I/41oWEq1J+SL._SL500_.jpg" alt="Product Image"></a><p>Mompush Wiz 2-in-1 Convertible Baby Stroller with Bassinet Mode - Foldable Infant Stroller to Explore More as a Family - Toddler Stroller with Reversible Stroller Seat</p><p> -30% 0FF </p><p>$159.99</p><a href="https://www.amazon.com/dp/B09FL82SRC?tag=eloabder-20&linkCode=osi&th=1&psc=1">View Product</a></div><div class="product"><a href="https://www.amazon.com/dp/B01JRY00C2?tag=eloabder-20&linkCode=osi&th=1&psc=1"><img src="https://m.media-amazon.com/images/I/41oyBwt71IL._SL500_.jpg" alt="Product Image"></a><p>Safety 1st Smooth Ride Travel System Stroller and Car Seat OnBoard™ FLX - Efficient Infant Car Seat Stroller and Infant Car Seat and Stroller Combo, Monument</p><p> -9% 0FF </p><p>$199.99</p><a href="https://www.amazon.com/dp/B01JRY00C2?tag=eloabder-20&linkCode=osi&th=1&psc=1">View Product</a></div>
<div class="product"><a href="https://www.amazon.com/dp/B08K2CN246?tag=eloabder-20&linkCode=osi&th=1&psc=1"><img src="https://m.media-amazon.com/images/I/41kw6Z5JVpL._SL500_.jpg" alt="Product Image"></a><p>Graco Soothe My Way with Removable Rocker, Madden - Versatile Baby Swing & Portable Rocker</p><p> -5% 0FF </p><p>$199.99</p><a href="https://www.amazon.com/dp/B08K2CN246?tag=eloabder-20&linkCode=osi&th=1&psc=1">View Product</a></div><div class="product"><a href="https://www.amazon.com/dp/B0CPTD1PS8?tag=eloabder-20&linkCode=osi&th=1&psc=1"><img src="https://m.media-amazon.com/images/I/31mjNCs4A0L._SL500_.jpg" alt="Product Image"></a><p>Maxi-Cosi Cassia Baby Swings for Infants: Smart Portable Baby Swing with Music, Lightweight & Foldable Baby Swing, 360 Rotation Infant Swing, Classic Oat</p><p> -14% 0FF </p><p>$172.65</p><a href="https://www.amazon.com/dp/B0CPTD1PS8?tag=eloabder-20&linkCode=osi&th=1&psc=1">View Product</a></div>
<div class="product"><a href="https://www.amazon.com/dp/B0795ZW85G?tag=eloabder-20&linkCode=osi&th=1&psc=1"><img src="https://m.media-amazon.com/images/I/41MJ3gfs90L._SL500_.jpg" alt="Product Image"></a><p>Kinsa Smart,Fever, Digital Medical Baby, Kid and Adult Termometro - Accurate, Fast, FDA Cleared Thermometer for Oral, Armpit or Rectal Temperature Reading - QuickCare</p><p> -27% 0FF </p><p>$21.97</p><a href="https://www.amazon.com/dp/B0795ZW85G?tag=eloabder-20&linkCode=osi&th=1&psc=1">View Product</a></div>
<div class="product"><a href="https://www.amazon.com/dp/B0866RV9SM?tag=eloabder-20&linkCode=osi&th=1&psc=1"><img src="https://m.media-amazon.com/images/I/41n5jaf1l8L._SL500_.jpg" alt="Product Image"></a><p>Dr. Brown's Infant-to-Toddler Training Toothbrush Set with Fluoride-Free Baby Toothpaste, Strawberry - Giraffe - 1.4oz - 0-3 years</p><p> -9% 0FF </p><p>$8.19</p><a href="https://www.amazon.com/dp/B0866RV9SM?tag=eloabder-20&linkCode=osi&th=1&psc=1">View Product</a></div>
<div class="product"><a href="https://www.amazon.com/dp/B079KV58DJ?tag=eloabder-20&linkCode=osi&th=1&psc=1"><img src="https://m.media-amazon.com/images/I/31a0bFQr94L._SL500_.jpg" alt="Product Image"></a><p>Dr. Talbot's Baby Toothpaste Naturally Inspired with Citroganix and Silicone Finger Gum Massager, Vanilla Milk Flavor</p><p> -35% 0FF </p><p>$3.87</p><a href="https://www.amazon.com/dp/B079KV58DJ?tag=eloabder-20&linkCode=osi&th=1&psc=1">View Product</a></div><div class="product"><a href="https://www.amazon.com/dp/B07GT9YRXD?tag=eloabder-20&linkCode=osi&th=1&psc=1"><img src="https://m.media-amazon.com/images/I/416EJX6PtPL._SL500_.jpg" alt="Product Image"></a><p>Baby Toothpaste 6 to 12 Months - Rain Fluoride Free Tooth Paste Gel for Infant Toddler Kids 0-6 Years and Up, Safe to Swallow, 2.8 Oz, Babies Training, Xylitol, Vitamin C, Vegan, SLS Free, Gluten Free</p><p> -25% 0FF </p><p>$13.94</p><a href="https://www.amazon.com/dp/B07GT9YRXD?tag=eloabder-20&linkCode=osi&th=1&psc=1">View Product</a></div>
<div class="product"><a href="https://www.amazon.com/dp/B0B9BMFS4X?tag=eloabder-20&linkCode=osi&th=1&psc=1"><img src="https://m.media-amazon.com/images/I/51QOy--SVyL._SL500_.jpg" alt="Product Image"></a><p>HOMEXCEL Baby Washcloths 24 Pack-Microfiber Coral Fleece Baby Bath Face Towel 7 x 9 Inch Extra Absorbent and Soft Burp Cloth and Wash Cloths for Newborn-Infants and Toddlers-Gentle On Sensitive Skin</p><p> -10% 0FF </p><p>$8.99</p><a href="https://www.amazon.com/dp/B0B9BMFS4X?tag=eloabder-20&linkCode=osi&th=1&psc=1">View Product</a></div>
<div class="product"><a href="https://www.amazon.com/dp/B00M2AAYG6?tag=eloabder-20&linkCode=osi&th=1&psc=1"><img src="https://m.media-amazon.com/images/I/41fixA-oZyL._SL500_.jpg" alt="Product Image"></a><p>Smart Steps 3.0 Activity Walker, Emily</p><p> -20% 0FF </p><p>$39.98</p><a href="https://www.amazon.com/dp/B00M2AAYG6?tag=eloabder-20&linkCode=osi&th=1&psc=1">View Product</a></div><div class="product"><a href="https://www.amazon.com/dp/B0C4PB4QN3?tag=eloabder-20&linkCode=osi&th=1&psc=1"><img src="https://m.media-amazon.com/images/I/41a0CSHVcBL._SL500_.jpg" alt="Product Image"></a><p>Wismind Baby Walker Foldable with 9 Adjustable Heights, Baby Walkers and Activity Center for Boys Girls Babies 7-18 Months, Baby Walker with Wheels Portable</p><p> -30% 0FF </p><p>$69.99</p><a href="https://www.amazon.com/dp/B0C4PB4QN3?tag=eloabder-20&linkCode=osi&th=1&psc=1">View Product</a></div><div class="product"><a href="https://www.amazon.com/dp/B074ZDNJBD?tag=eloabder-20&linkCode=osi&th=1&psc=1"><img src="https://m.media-amazon.com/images/I/41WJhym-67L._SL500_.jpg" alt="Product Image"></a><p>Fisher-Price Baby Toy Laugh & Learn Smart Stages Learn with Puppy Walker with Music Lights & Activities for Infants Ages 6+ Months</p><p> -20% 0FF </p><p>$19.97</p><a href="https://www.amazon.com/dp/B074ZDNJBD?tag=eloabder-20&linkCode=osi&th=1&psc=1">View Product</a></div><div class="product"><a href="https://www.amazon.com/dp/B0CPP7HFVY?tag=eloabder-20&linkCode=osi&th=1&psc=1"><img src="https://m.media-amazon.com/images/I/51L9TuZYYDL._SL500_.jpg" alt="Product Image"></a><p>Tiny Land Wooden Baby Walker, Baby Push Walker, Montessori Walker Toy, Adjustable Speed Baby Walker for Boys and Girls, Baby Activity Center, Push Toys for Kids Development</p><p> -6% 0FF </p><p>$79.99</p><a href="https://www.amazon.com/dp/B0CPP7HFVY?tag=eloabder-20&linkCode=osi&th=1&psc=1">View Product</a></div><div class="product"><a href="https://www.amazon.com/dp/B09QNK7BD9?tag=eloabder-20&linkCode=osi&th=1&psc=1"><img src="https://m.media-amazon.com/images/I/417kGxszQCL._SL500_.jpg" alt="Product Image"></a><p>Bright Starts Disney Baby Minnie Mouse Forever Besties 2-in-1 Baby Activity Walker - Easy Fold Frame and Removable -Toy Station, 6 Months and up</p><p> -17% 0FF </p><p>$49.98</p><a href="https://www.amazon.com/dp/B09QNK7BD9?tag=eloabder-20&linkCode=osi&th=1&psc=1">View Product</a></div>
<div class="product"><a href="https://www.amazon.com/dp/B078XYF78X?tag=eloabder-20&linkCode=osi&th=1&psc=1"><img src="https://m.media-amazon.com/images/I/41cDmYF13wL._SL500_.jpg" alt="Product Image"></a><p>Huggies Simply Clean Fragrance-Free Baby Wipes, Unscented Diaper Wipes, 1 Flip-Top Pack (64 Wipes Total)</p><p> -21% 0FF </p><p>$2.17 ($3.39 / 100 Count)</p><a href="https://www.amazon.com/dp/B078XYF78X?tag=eloabder-20&linkCode=osi&th=1&psc=1">View Product</a></div><div class="product"><a href="https://www.amazon.com/dp/B08QRT84WJ?tag=eloabder-20&linkCode=osi&th=1&psc=1"><img src="https://m.media-amazon.com/images/I/51vfRHDV3QL._SL500_.jpg" alt="Product Image"></a><p>Huggies Natural Care Sensitive Baby Wipes, Unscented, Hypoallergenic, 6 Flip-Top Packs (288 Wipes Total)</p><p> -15% 0FF </p><p>$11.33 ($3.93 / 100 Count)</p><a href="https://www.amazon.com/dp/B08QRT84WJ?tag=eloabder-20&linkCode=osi&th=1&psc=1">View Product</a></div><div class="product"><a href="https://www.amazon.com/dp/B0CNSCVGPH?tag=eloabder-20&linkCode=osi&th=1&psc=1"><img src="https://m.media-amazon.com/images/I/51oFmARUYLL._SL500_.jpg" alt="Product Image"></a><p>Huggies Simply Clean Fresh Scent Baby Wipes, 3 Flip-Top Packs of 64 (192 Wipes Total)</p><p> -13% 0FF </p><p>$6.77 ($3.53 / 100 Count)</p><a href="https://www.amazon.com/dp/B0CNSCVGPH?tag=eloabder-20&linkCode=osi&th=1&psc=1">View Product</a></div><div class="product"><a href="https://www.amazon.com/dp/B07KGL6L56?tag=eloabder-20&linkCode=osi&th=1&psc=1"><img src="https://m.media-amazon.com/images/I/41mNPe9fqbL._SL500_.jpg" alt="Product Image"></a><p>Pampers Baby Clean Wipes, Baby Fresh Scented Baby Wipes, 72 Baby Wipes Total (1 Flip-Top Pack)</p><p> -27% 0FF </p><p>$2.49 ($3.46 / 100 Count)</p><a href="https://www.amazon.com/dp/B07KGL6L56?tag=eloabder-20&linkCode=osi&th=1&psc=1">View Product</a></div><div class="product"><a href="https://www.amazon.com/dp/B07XMFVN95?tag=eloabder-20&linkCode=osi&th=1&psc=1"><img src="https://m.media-amazon.com/images/I/51-VIf1JGuL._SL500_.jpg" alt="Product Image"></a><p>Amazon Brand - Mama Bear Gentle Fragrance Free Baby Wipes, Hypoallergenic, Sensitive Skin, Unscented, 800 Count (8 Packs of 100)</p><p> -11% 0FF </p><p>$20.59</p><a href="https://www.amazon.com/dp/B07XMFVN95?tag=eloabder-20&linkCode=osi&th=1&psc=1">View Product</a></div>
<div class="product"><a href="https://www.amazon.com/dp/B082PSKBXV?tag=eloabder-20&linkCode=osi&th=1&psc=1"><img src="https://m.media-amazon.com/images/I/41e-U+REwlL._SL500_.jpg" alt="Product Image"></a><p>Baby Wrap Carrier Jeroray Hands Free Infant Carrier,Lightweight,Breathable,Softness,Heather Grey</p><p> -11% 0FF </p><p>$19.59</p><a href="https://www.amazon.com/dp/B082PSKBXV?tag=eloabder-20&linkCode=osi&th=1&psc=1">View Product</a></div>
<div class="product"><a href="https://www.amazon.com/dp/B0771L5HN5?tag=eloabder-20&linkCode=osi&th=1&psc=1"><img src="https://m.media-amazon.com/images/I/51pAl1My4tL._SL500_.jpg" alt="Product Image"></a><p>Corner Protector for Baby, Protectors Guards, Furniture Corner Guard & Edge Safety Bumpers - Baby Proof Bumper Cushion - Clear & Transparent (12 Pack)</p><p> -11% 0FF </p><p>$7.98 ($0.66 / Count)</p><a href="https://www.amazon.com/dp/B0771L5HN5?tag=eloabder-20&linkCode=osi&th=1&psc=1">View Product</a></div><div class="product"><a href="https://www.amazon.com/dp/B07CNS8W5Y?tag=eloabder-20&linkCode=osi&th=1&psc=1"><img src="https://m.media-amazon.com/images/I/41Hxr+wFkkL._SL500_.jpg" alt="Product Image"></a><p>12 Pack Corner Guards Corner Protectors Baby Proof Furniture Corner & Edge Safety Bumpers, Table Corner Protector for Furniture Corner Covers Baby Safety</p><p> -17% 0FF </p><p>$4.99</p><a href="https://www.amazon.com/dp/B07CNS8W5Y?tag=eloabder-20&linkCode=osi&th=1&psc=1">View Product</a></div>
<div class="product"><a href="https://www.amazon.com/dp/B0BDFB3LW6?tag=eloabder-20&linkCode=osi&th=1&psc=1"><img src="https://m.media-amazon.com/images/I/31HyDb7637L._SL500_.jpg" alt="Product Image"></a><p>Baby Proofing Cabinets,Cabinet Locks for Babies,U-Shaped Child Locks for Cabinets, Child Proof Cabinet Latches,Child Safety Cabinet Locks with Adjustable by SPISPI (Pack of 2)</p><p> -30% 0FF </p><p>$6.99</p><a href="https://www.amazon.com/dp/B0BDFB3LW6?tag=eloabder-20&linkCode=osi&th=1&psc=1">View Product</a></div><div class="product"><a href="https://www.amazon.com/dp/B07GRNTXJZ?tag=eloabder-20&linkCode=osi&th=1&psc=1"><img src="https://m.media-amazon.com/images/I/41WR7vsRvML._SL500_.jpg" alt="Product Image"></a><p>Upgraded Invisible Baby Proofing Cabinet Latch Locks (10 Pack) - No Drilling or Tools Required for Installation, Works with Most Cabinets and Drawers, Works with Countertop Overhangs, Highly Secure</p><p> -33% 0FF </p><p>$19.99</p><a href="https://www.amazon.com/dp/B07GRNTXJZ?tag=eloabder-20&linkCode=osi&th=1&psc=1">View Product</a></div><div class="product"><a href="https://www.amazon.com/dp/B07TV9QY16?tag=eloabder-20&linkCode=osi&th=1&psc=1"><img src="https://m.media-amazon.com/images/I/31CzUhfEf9S._SL500_.jpg" alt="Product Image"></a><p>Child Safety Cabinet Locks - (10 Pack) Baby Proofing Latches to Drawer Door Fridge Oven Toilet Seat Kitchen Cupboard Appliance Trash Can with 3M Adhesive - Adjustable Strap No Drill No Tool</p><p> -25% 0FF </p><p>$14.99</p><a href="https://www.amazon.com/dp/B07TV9QY16?tag=eloabder-20&linkCode=osi&th=1&psc=1">View Product</a></div><div class="product"><a href="https://www.amazon.com/dp/B0D7W79D9T?tag=eloabder-20&linkCode=osi&th=1&psc=1"><img src="https://m.media-amazon.com/images/I/31awaiU9CVL._SL500_.jpg" alt="Product Image"></a><p>Baby Proofing Cabinets, Sliding Cabinet Locks for Babies, Adjustable U Shaped Baby Safety Locks, Childproof Cabinet Latch for Kitchen, Bathroom, Drawer, Cupboard Doors Knobs & Handles (2Pack White)</p><p> -25% 0FF </p><p>$2.99</p><a href="https://www.amazon.com/dp/B0D7W79D9T?tag=eloabder-20&linkCode=osi&th=1&psc=1">View Product</a></div><div class="product"><a href="https://www.amazon.com/dp/B07K2PWN19?tag=eloabder-20&linkCode=osi&th=1&psc=1"><img src="https://m.media-amazon.com/images/I/41UlC3lEJaS._SL500_.jpg" alt="Product Image"></a><p>Cabinet Locks - Adoric Life Child Safety Locks 4 Pack - Baby Safety Cabinet Locks - Baby Proofing Cabinet Kitchen System with Strong Adhesive Tape</p><p> -46% 0FF </p><p>$6.99</p><a href="https://www.amazon.com/dp/B07K2PWN19?tag=eloabder-20&linkCode=osi&th=1&psc=1">View Product</a></div>
<div class="product"><a href="https://www.amazon.com/dp/B007IUOG5A?tag=eloabder-20&linkCode=osi&th=1&psc=1"><img src="https://m.media-amazon.com/images/I/31+8zGGzplL._SL500_.jpg" alt="Product Image"></a><p>Safety Innovations Twin Door Baby Safety Outlet Cover Box for Babyproofing Outlets - More Interior Space for Extra Large Electrical Plugs and Adapters - Easy to Install - Easy to Use, (1-Pack)</p><p> -33% 0FF </p><p>$9.95</p><a href="https://www.amazon.com/dp/B007IUOG5A?tag=eloabder-20&linkCode=osi&th=1&psc=1">View Product</a></div><div class="product"><a href="https://www.amazon.com/dp/B000HKVG9C?tag=eloabder-20&linkCode=osi&th=1&psc=1"><img src="https://m.media-amazon.com/images/I/41RdFKMVyCL._SL500_.jpg" alt="Product Image"></a><p>Safety 1st Outlet Cover with Cord Shortener for Baby Proofing</p><p> -9% 0FF </p><p>$4.98</p><a href="https://www.amazon.com/dp/B000HKVG9C?tag=eloabder-20&linkCode=osi&th=1&psc=1">View Product</a></div><div class="product"><a href="https://www.amazon.com/dp/B01N7H7J47?tag=eloabder-20&linkCode=osi&th=1&psc=1"><img src="https://m.media-amazon.com/images/I/414dT3xocLL._SL500_.jpg" alt="Product Image"></a><p>Outlet Covers Baby Proofing (50 Pack) Safe & Secure Electric Plug Protectors | Sturdy Childproof Socket Covers for Home & Office | Easy Installation | Protect Toddlers & Babies | White</p><p> -31% 0FF </p><p>$8.99</p><a href="https://www.amazon.com/dp/B01N7H7J47?tag=eloabder-20&linkCode=osi&th=1&psc=1">View Product</a></div>
<div class="product"><a href="https://www.amazon.com/dp/B08SQYKXCH?tag=eloabder-20&linkCode=osi&th=1&psc=1"><img src="https://m.media-amazon.com/images/I/51NMUNJ6CmL._SL500_.jpg" alt="Product Image"></a><p>Baby Proofing Edge Corner Protector, Table Bumper Guard, Soft Rubber Foam Guard, 3M Pre-Taped Corners, 20.5 ft (18.1ft Edge + 8 Corners) Baby Proof Corner Guard Heavy-Duty (18.1ft, Cream White)</p><p> -5% 0FF </p><p>$15.75</p><a href="https://www.amazon.com/dp/B08SQYKXCH?tag=eloabder-20&linkCode=osi&th=1&psc=1">View Product</a></div>
<div class="product"><a href="https://www.amazon.com/dp/B082LN53Y4?tag=eloabder-20&linkCode=osi&th=1&psc=1"><img src="https://m.media-amazon.com/images/I/51MQ1RC2tuL._SL500_.jpg" alt="Product Image"></a><p>Baby Car Mirror Most Stable Backseat Mirror with Premium Matte Finish-Super Clear PMMA Material Mirror-Safe, Secure and Shatterproof,Black</p><p> -53% 0FF </p><p>$7.99</p><a href="https://www.amazon.com/dp/B082LN53Y4?tag=eloabder-20&linkCode=osi&th=1&psc=1">View Product</a></div><div class="product"><a href="https://www.amazon.com/dp/B07MT8HXVC?tag=eloabder-20&linkCode=osi&th=1&psc=1"><img src="https://m.media-amazon.com/images/I/51lvNQUNxjL._SL500_.jpg" alt="Product Image"></a><p>Baby Car Mirror, DARVIQS Seat Safely Monitor Infant Child in Rear Facing Seat, Wide View Shatterproof Adjustable Acrylic 360°for Backseat, Crash Tested and Certified for Safety</p><p> -15% 0FF </p><p>$12.69</p><a href="https://www.amazon.com/dp/B07MT8HXVC?tag=eloabder-20&linkCode=osi&th=1&psc=1">View Product</a></div><div class="product"><a href="https://www.amazon.com/dp/B01K478YBA?tag=eloabder-20&linkCode=osi&th=1&psc=1"><img src="https://m.media-amazon.com/images/I/413tQ4nkWHL._SL500_.jpg" alt="Product Image"></a><p>Shynerk Baby Car Mirror, Rear Facing Car Seat Mirror Safety for Infant Newborn, Baby Mirror with Wide Rearview & 360° Rotation, Shatterproof & Easy Assembled Crash Tested</p><p> -38% 0FF </p><p>$15.99</p><a href="https://www.amazon.com/dp/B01K478YBA?tag=eloabder-20&linkCode=osi&th=1&psc=1">View Product</a></div><div class="product"><a href="https://www.amazon.com/dp/B08FLH1SHC?tag=eloabder-20&linkCode=osi&th=1&psc=1"><img src="https://m.media-amazon.com/images/I/31HQAIIlPlL._SL500_.jpg" alt="Product Image"></a><p>Munchkin® Brica® 360 Pivot Baby in-Sight® Wide Angle Adjustable Car Mirror, Crash Tested and Shatter Resistant, Black</p><p> -11% 0FF </p><p>$20.52</p><a href="https://www.amazon.com/dp/B08FLH1SHC?tag=eloabder-20&linkCode=osi&th=1&psc=1">View Product</a></div><div class="product"><a href="https://www.amazon.com/dp/B0DD43HCBS?tag=eloabder-20&linkCode=osi&th=1&psc=1"><img src="https://m.media-amazon.com/images/I/411RbPJWuRL._SL500_.jpg" alt="Product Image"></a><p>WZBB Baby Car Mirror with Light - Remote Control, 360° Adjustable, Shatter Resistant, Clear Night Vision, Easy Installation for Rear Facing Infants and Toddlers</p><p> -22% 0FF </p><p>$27.98</p><a href="https://www.amazon.com/dp/B0DD43HCBS?tag=eloabder-20&linkCode=osi&th=1&psc=1">View Product</a></div>
<div class="product"><a href="https://www.amazon.com/dp/B000JVCJDQ?tag=eloabder-20&linkCode=osi&th=1&psc=1"><img src="https://m.media-amazon.com/images/I/41o-rEGfj5L._SL500_.jpg" alt="Product Image"></a><p>Earth Mama Organic Diaper Balm | Diaper Cream with Calendula | Calm Skin Baby Essentials for Diaper Bag |Multipurpose Baby Ointment, 2-Fluid Ounce (2-Pack)</p><p> -30% 0FF </p><p>$26.58</p><a href="https://www.amazon.com/dp/B000JVCJDQ?tag=eloabder-20&linkCode=osi&th=1&psc=1">View Product</a></div><div class="product"><a href="https://www.amazon.com/dp/B006YTX0HQ?tag=eloabder-20&linkCode=osi&th=1&psc=1"><img src="https://m.media-amazon.com/images/I/41WJwvRm5aL._SL500_.jpg" alt="Product Image"></a><p>Burt's Bees Christmas Gifts, Baby 100% Natural Multipurpose Healing Ointment, Face & Body Baby Ointment – 7.5 Ounce Tub</p><p> -16% 0FF </p><p>$7.59 ($1.01 / Ounce)</p><a href="https://www.amazon.com/dp/B006YTX0HQ?tag=eloabder-20&linkCode=osi&th=1&psc=1">View Product</a></div><div class="product"><a href="https://www.amazon.com/dp/B01HI7VY84?tag=eloabder-20&linkCode=osi&th=1&psc=1"><img src="https://m.media-amazon.com/images/I/41tnCnueEWL._SL500_.jpg" alt="Product Image"></a><p>Aveeno Baby Eczema Therapy Nighttime Moisturizing Body Balm, Nourishing Skin Protectant Soothes & Relieves Dry, Itchy Skin from Eczema, Hypoallergenic, Fragrance- & Steroid-Free, 11 oz</p><p> -28% 0FF </p><p>$19.37 ($1.76 / Ounce)</p><a href="https://www.amazon.com/dp/B01HI7VY84?tag=eloabder-20&linkCode=osi&th=1&psc=1">View Product</a></div><div class="product"><a href="https://www.amazon.com/dp/B078B9JPLX?tag=eloabder-20&linkCode=osi&th=1&psc=1"><img src="https://m.media-amazon.com/images/I/31V-kg6EG5L._SL500_.jpg" alt="Product Image"></a><p>Earth Mama Organic Baby Face Nose & Cheek Balm | Moisturizer with Calendula Oil for Dry Skin Care, Natural Petroleum Jelly Alternative (2-Fluid Ounce)</p><p> -9% 0FF </p><p>$9.99 ($5.00 / Ounce)</p><a href="https://www.amazon.com/dp/B078B9JPLX?tag=eloabder-20&linkCode=osi&th=1&psc=1">View Product</a></div>
<div class="product"><a href="https://www.amazon.com/dp/B0C6V4KH59?tag=eloabder-20&linkCode=osi&th=1&psc=1"><img src="https://m.media-amazon.com/images/I/41-m52lOZwL._SL500_.jpg" alt="Product Image"></a><p>HALO Baby Flex BassiNest, Adjustable Travel Bassinet, Easy Folding, Lightweight with Mattress and Carrying Bag, Morning Mist</p><p> -50% 0FF </p><p>$49.99</p><a href="https://www.amazon.com/dp/B0C6V4KH59?tag=eloabder-20&linkCode=osi&th=1&psc=1">View Product</a></div><div class="product"><a href="https://www.amazon.com/dp/B0C7VRMHYY?tag=eloabder-20&linkCode=osi&th=1&psc=1"><img src="https://m.media-amazon.com/images/I/41XOT8oQMML._SL500_.jpg" alt="Product Image"></a><p>AirClub Bassinet Bedside Sleeper, Baby Crib for Newborn, Baby Bassinets Bedside Sleeper with 4 Auto-Lock & Adjustable Height, Breathable Mesh & Mattress, Bedside Bassinet</p><p> -25% 0FF </p><p>$149.99</p><a href="https://www.amazon.com/dp/B0C7VRMHYY?tag=eloabder-20&linkCode=osi&th=1&psc=1">View Product</a></div><div class="product"><a href="https://www.amazon.com/dp/B0CB3HVPL7?tag=eloabder-20&linkCode=osi&th=1&psc=1"><img src="https://m.media-amazon.com/images/I/41AO8J-9fZL._SL500_.jpg" alt="Product Image"></a><p>Fodoss Baby Bassinets Bedside Sleeper - All Mesh Bedside Bassinet with Wheels, 7 Height Adjustable Baby Bassinet for Infants, Beige</p><p> -10% 0FF </p><p>$89.99</p><a href="https://www.amazon.com/dp/B0CB3HVPL7?tag=eloabder-20&linkCode=osi&th=1&psc=1">View Product</a></div><div class="product"><a href="https://www.amazon.com/dp/B0CXG8NVBP?tag=eloabder-20&linkCode=osi&th=1&psc=1"><img src="https://m.media-amazon.com/images/I/3173PjIYwrL._SL500_.jpg" alt="Product Image"></a><p>Graco® SmartSense™ Soothing Baby Bassinet – Smart Newborn Bassinet Detects and Automatically Responds to Baby's Cries – for Newborn Babies to 6 Months</p><p> -20% 0FF </p><p>$319.99</p><a href="https://www.amazon.com/dp/B0CXG8NVBP?tag=eloabder-20&linkCode=osi&th=1&psc=1">View Product</a></div><div class="product"><a href="https://www.amazon.com/dp/B08K3314ZL?tag=eloabder-20&linkCode=osi&th=1&psc=1"><img src="https://m.media-amazon.com/images/I/41pUDfJ9dAL._SL500_.jpg" alt="Product Image"></a><p>Graco Pack 'n Play Close2Baby Bassinet Playard Features Portable Bassinet Diaper Changer and More, Derby</p><p> -6% 0FF </p><p>$188.09</p><a href="https://www.amazon.com/dp/B08K3314ZL?tag=eloabder-20&linkCode=osi&th=1&psc=1">View Product</a></div><div class="product"><a href="https://www.amazon.com/dp/B0CTKT6641?tag=eloabder-20&linkCode=osi&th=1&psc=1"><img src="https://m.media-amazon.com/images/I/31pNKDUBgDL._SL500_.jpg" alt="Product Image"></a><p>Baby Delight Beside Me Dreamer Bassinet | Bedside Sleeper & Baby Bassinet | 6-Position Height Adjustment | 100% GOTS Certified Organic Cotton Fabric | Organic Mocha</p><p> -22% 0FF </p><p>$139.99</p><a href="https://www.amazon.com/dp/B0CTKT6641?tag=eloabder-20&linkCode=osi&th=1&psc=1">View Product</a></div><div class="product"><a href="https://www.amazon.com/dp/B09XHKL683?tag=eloabder-20&linkCode=osi&th=1&psc=1"><img src="https://m.media-amazon.com/images/I/611wEYRVaUL._SL500_.jpg" alt="Product Image"></a><p>Baby Bassinet Bedside Sleeper, besrey Bedside Bassinet for Newborn Infant with Comfy Mattress, 9 Height Positions, Adjustable Bedside Crib with 360° Swivel Wheels Bassinet for Baby with Storage Basket</p><p> -27% 0FF </p><p>$153.99</p><a href="https://www.amazon.com/dp/B09XHKL683?tag=eloabder-20&linkCode=osi&th=1&psc=1">View Product</a></div>
<div class="product"><a href="https://www.amazon.com/dp/B08CNM6DZT?tag=eloabder-20&linkCode=osi&th=1&psc=1"><img src="https://m.media-amazon.com/images/I/51D5+ArDsWL._SL500_.jpg" alt="Product Image"></a><p>Comfortable Bath Kneeler and Elbow Kneeling Rest Pad for Baby Bathing Parents - Painless Foam Mat with Toy Organizer Pockets - Quick Drying, Foldable, Non-Slip for Baby and Toddler Bathing</p><p> -20% 0FF </p><p>$41.97</p><a href="https://www.amazon.com/dp/B08CNM6DZT?tag=eloabder-20&linkCode=osi&th=1&psc=1">View Product</a></div><div class="product"><a href="https://www.amazon.com/dp/B07FK58QB1?tag=eloabder-20&linkCode=osi&th=1&psc=1"><img src="https://m.media-amazon.com/images/I/41qpzgGaHVL._SL500_.jpg" alt="Product Image"></a><p>Skip Hop Moby Bath Kneeler, Grey</p><p> -20% 0FF </p><p>$14.39</p><a href="https://www.amazon.com/dp/B07FK58QB1?tag=eloabder-20&linkCode=osi&th=1&psc=1">View Product</a></div><div class="product"><a href="https://www.amazon.com/dp/B081T5449V?tag=eloabder-20&linkCode=osi&th=1&psc=1"><img src="https://m.media-amazon.com/images/I/41bxm5Tx9BL._SL500_.jpg" alt="Product Image"></a><p>Toodly Baby Bath Kneeler and Elbow Rest Pad Set - Baby Bath Support for Knees and Elbows - Bath Kneeler Pad with Memory Foam and Bath Toys Organizer - Ideal Bath Kneeling Pad for Bathing Baby - Grey</p><p> -33% 0FF </p><p>$39.99</p><a href="https://www.amazon.com/dp/B081T5449V?tag=eloabder-20&linkCode=osi&th=1&psc=1">View Product</a></div><div class="product"><a href="https://www.amazon.com/dp/B07K1W7WN5?tag=eloabder-20&linkCode=osi&th=1&psc=1"><img src="https://m.media-amazon.com/images/I/31c0BxxJKZL._SL500_.jpg" alt="Product Image"></a><p>Skip Hop Baby Bath All-in-One Elbow Saver and Kneeler, Moby, Grey</p><p> -22% 0FF </p><p>$29.49</p><a href="https://www.amazon.com/dp/B07K1W7WN5?tag=eloabder-20&linkCode=osi&th=1&psc=1">View Product</a></div><div class="product"><a href="https://www.amazon.com/dp/B0CP48MH77?tag=eloabder-20&linkCode=osi&th=1&psc=1"><img src="https://m.media-amazon.com/images/I/41hoDZTiOEL._SL500_.jpg" alt="Product Image"></a><p>Efforest Baby Bath Kneeler and Elbow Rest Pad Set, 1.5" Thick Kneeling Pad for Baby Bath, Bathtub Kneeling pad with Toy Organizer for Knee & Arm Support, Non-Slip Mat for Baby & Toddler Bath</p><p> -50% 0FF </p><p>$17.48</p><a href="https://www.amazon.com/dp/B0CP48MH77?tag=eloabder-20&linkCode=osi&th=1&psc=1">View Product</a></div><div class="product"><a href="https://www.amazon.com/dp/B07WQTV19X?tag=eloabder-20&linkCode=osi&th=1&psc=1"><img src="https://m.media-amazon.com/images/I/41KGpUoWZ-S._SL500_.jpg" alt="Product Image"></a><p>Bath Kneeler and Elbow Rest Pad, 1.75 inch Extra Thick Baby Bath Kneeling Pad and Elbow Pad for Bathtub. Bath Tub Elbow Pad with Infant Toy and Baby Accessories Organizer, Grey</p><p> -13% 0FF </p><p>$34.99</p><a href="https://www.amazon.com/dp/B07WQTV19X?tag=eloabder-20&linkCode=osi&th=1&psc=1">View Product</a></div>
<div class="product"><a href="https://www.amazon.com/dp/B00I3K25R0?tag=eloabder-20&linkCode=osi&th=1&psc=1"><img src="https://m.media-amazon.com/images/I/41wucHZw+xL._SL500_.jpg" alt="Product Image"></a><p>Munchkin® Float & Play Bubbles™ Baby and Toddler Bath Toy, 4 Count</p><p> -35% 0FF </p><p>$6.15</p><a href="https://www.amazon.com/dp/B00I3K25R0?tag=eloabder-20&linkCode=osi&th=1&psc=1">View Product</a></div><div class="product"><a href="https://www.amazon.com/dp/B0C3VFVWYB?tag=eloabder-20&linkCode=osi&th=1&psc=1"><img src="https://m.media-amazon.com/images/I/41Cr35zwy4L._SL500_.jpg" alt="Product Image"></a><p>XY-WQ Bath Toys No Hole, for Infants 6-12& Toddlers 1-3, No Hole Bathtub Toys (Animal Ⅱ, 8 Pcs with Mesh Bag)</p><p> -25% 0FF </p><p>$11.99</p><a href="https://www.amazon.com/dp/B0C3VFVWYB?tag=eloabder-20&linkCode=osi&th=1&psc=1">View Product</a></div><div class="product"><a href="https://www.amazon.com/dp/B0D95ZDWD3?tag=eloabder-20&linkCode=osi&th=1&psc=1"><img src="https://m.media-amazon.com/images/I/51J3Myxu1lL._SL500_.jpg" alt="Product Image"></a><p>candyfouse Baby Whale Bath Toys,Whale Bath Toy Sprinkler, Light Up Bath Toys for Toddlers 1-3, Four Water Spray Patterns, Waterproof Design, Bathtub Fountain Spray Toy, Baby Birthday Shower Gifts</p><p> -40% 0FF </p><p>$5.99</p><a href="https://www.amazon.com/dp/B0D95ZDWD3?tag=eloabder-20&linkCode=osi&th=1&psc=1">View Product</a></div><div class="product"><a href="https://www.amazon.com/dp/B07Z22YMPN?tag=eloabder-20&linkCode=osi&th=1&psc=1"><img src="https://m.media-amazon.com/images/I/5101dLkJnoL._SL500_.jpg" alt="Product Image"></a><p>Toy Boat Bath Toys for Toddlers with 4 Mini Car Toys and 4 Bath Boat Squirters, Kids Ferry Boat for Bathtub Bathroom Pool Beach Toys</p><p> -50% 0FF </p><p>$13.47</p><a href="https://www.amazon.com/dp/B07Z22YMPN?tag=eloabder-20&linkCode=osi&th=1&psc=1">View Product</a></div><div class="product"><a href="https://www.amazon.com/dp/B0C72TGNHL?tag=eloabder-20&linkCode=osi&th=1&psc=1"><img src="https://m.media-amazon.com/images/I/51AOyTHwqrL._SL500_.jpg" alt="Product Image"></a><p>SplashEZ Mold Free Bath Toys for Babies & Toddlers, Car No Hole Bath Toys, Non Squirting Bath Toys No Mold for Tub, Beach, Pool, BPA-Free, Safe, Fun Infant Baby Bath Toys No Holes 0 1 3 6 12 18 Months</p><p> -38% 0FF </p><p>$9.99</p><a href="https://www.amazon.com/dp/B0C72TGNHL?tag=eloabder-20&linkCode=osi&th=1&psc=1">View Product</a></div>
<div class="product"><a href="https://www.amazon.com/dp/B078941ZC8?tag=eloabder-20&linkCode=osi&th=1&psc=1"><img src="https://m.media-amazon.com/images/I/31ltY+yutGL._SL500_.jpg" alt="Product Image"></a><p>Summer by Ingenuity My Bath Seat for Sit-Up Baby Bathing, Sure & Secure Suction Cups, ASTM Safety Tested & Approved, Backrest for Assisted Sitting, Easy Setup & Storage, Aqua</p><p> -34% 0FF </p><p>$23.16</p><a href="https://www.amazon.com/dp/B078941ZC8?tag=eloabder-20&linkCode=osi&th=1&psc=1">View Product</a></div><div class="product"><a href="https://www.amazon.com/dp/B0DCZ4F9MT?tag=eloabder-20&linkCode=osi&th=1&psc=1"><img src="https://m.media-amazon.com/images/I/31BF+egPyoL._SL500_.jpg" alt="Product Image"></a><p>Baby Bath Seat for Babies 6 Months & Up, Bath Seats for Babies Sitting Up, 3 Baby Bath Toys, Open Design, Non-Slip, Compact Toddler Bath Seat.</p><p> -6% 0FF </p><p>$39.99</p><a href="https://www.amazon.com/dp/B0DCZ4F9MT?tag=eloabder-20&linkCode=osi&th=1&psc=1">View Product</a></div><div class="product"><a href="https://www.amazon.com/dp/B0CSCYM2NW?tag=eloabder-20&linkCode=osi&th=1&psc=1"><img src="https://m.media-amazon.com/images/I/31Vbrx5q63L._SL500_.jpg" alt="Product Image"></a><p>Trankerloop Baby Bath Seat, Bath Seat for Baby 6 Month & up, Baby Bath tub Seat with Suction Cups, Non-Slip, Detachable, Pink</p><p> -11% 0FF </p><p>$39.99</p><a href="https://www.amazon.com/dp/B0CSCYM2NW?tag=eloabder-20&linkCode=osi&th=1&psc=1">View Product</a></div><div class="product"><a href="https://www.amazon.com/dp/B0CJF7WSCV?tag=eloabder-20&linkCode=osi&th=1&psc=1"><img src="https://m.media-amazon.com/images/I/41r0TqNTb+L._SL500_.jpg" alt="Product Image"></a><p>BKFEDLU Infant Bath Seat with Thermometer, Suction Cups, Toys - Toddler Bath Chair for Babies 6 Months & Up</p><p> -50% 0FF </p><p>$19.99</p><a href="https://www.amazon.com/dp/B0CJF7WSCV?tag=eloabder-20&linkCode=osi&th=1&psc=1">View Product</a></div><div class="product"><a href="https://www.amazon.com/dp/B0CRYFHT1G?tag=eloabder-20&linkCode=osi&th=1&psc=1"><img src="https://m.media-amazon.com/images/I/41nKT+O2y1L._SL500_.jpg" alt="Product Image"></a><p>Baby Bath Seat LDIIDII Baby Bathtub Seat Infant Bath Seat for Babies 6 Months&Up Sit Up Bathing in Tub,Toddler Bath Seat with Water Thermometer/4 Strong Suction Cup/3 Bath Toys/Shower Cap (Grey)</p><p> -50% 0FF </p><p>$19.99</p><a href="https://www.amazon.com/dp/B0CRYFHT1G?tag=eloabder-20&linkCode=osi&th=1&psc=1">View Product</a></div><div class="product"><a href="https://www.amazon.com/dp/B0D9VMXND1?tag=eloabder-20&linkCode=osi&th=1&psc=1"><img src="https://m.media-amazon.com/images/I/41UIJrNYB2L._SL500_.jpg" alt="Product Image"></a><p>Baby Bath Seat for Babies 6 Months & Up, Non-Slip Toddler Bath Seat for Baby Sitting Up, Safe Baby Bath tub Seat with Suction Cups, Soft Cushion, Baby Bath Chair, Gray</p><p> -13% 0FF </p><p>$39.99</p><a href="https://www.amazon.com/dp/B0D9VMXND1?tag=eloabder-20&linkCode=osi&th=1&psc=1">View Product</a></div><div class="product"><a href="https://www.amazon.com/dp/B0CR78TDQS?tag=eloabder-20&linkCode=osi&th=1&psc=1"><img src="https://m.media-amazon.com/images/I/41nFTXKoQGL._SL500_.jpg" alt="Product Image"></a><p>Wddbb Baby Bath Seat, Bath seat for Babies 6 Months & up, with Thermometer Bath Seats for Babies Sitting up, Non-Slip Toddler Bath Seat for Baby,Baby Bathtub Baby Bath Seats 6-24 Months (Gray)</p><p> -50% 0FF </p><p>$19.98</p><a href="https://www.amazon.com/dp/B0CR78TDQS?tag=eloabder-20&linkCode=osi&th=1&psc=1">View Product</a></div>
<div class="product"><a href="https://www.amazon.com/dp/B073GGVN3Q?tag=eloabder-20&linkCode=osi&th=1&psc=1"><img src="https://m.media-amazon.com/images/I/31vxBAs9CqL._SL500_.jpg" alt="Product Image"></a><p>b&h Baby Thermometer, The Infant Baby Bath Floating Toy Safety Temperature Water Thermometer (Classic Duck)</p><p> -6% 0FF </p><p>$15.99</p><a href="https://www.amazon.com/dp/B073GGVN3Q?tag=eloabder-20&linkCode=osi&th=1&psc=1">View Product</a></div><div class="product"><a href="https://www.amazon.com/dp/B0CBVTGRW2?tag=eloabder-20&linkCode=osi&th=1&psc=1"><img src="https://m.media-amazon.com/images/I/415ogBhdwML._SL500_.jpg" alt="Product Image"></a><p>Nuby Bath and Room Digital Thermometer - Baby Thermometer for Safe and Cozy Bath and Room Temperatures - Penguin</p><p> -20% 0FF </p><p>$11.99</p><a href="https://www.amazon.com/dp/B0CBVTGRW2?tag=eloabder-20&linkCode=osi&th=1&psc=1">View Product</a></div><div class="product"><a href="https://www.amazon.com/dp/B08HWBT9YD?tag=eloabder-20&linkCode=osi&th=1&psc=1"><img src="https://m.media-amazon.com/images/I/31SEPnY30NL._SL500_.jpg" alt="Product Image"></a><p>Doli Yearning Upgrade Baby Bath Thermometer Room Temperature| Water Thermometer|Kids' Bathroom Safety Products| Baby Bath(Seal Shape)℃/℉, LCD</p><p> -28% 0FF </p><p>$12.99</p><a href="https://www.amazon.com/dp/B08HWBT9YD?tag=eloabder-20&linkCode=osi&th=1&psc=1">View Product</a></div><div class="product"><a href="https://www.amazon.com/dp/B0CNCVSKWJ?tag=eloabder-20&linkCode=osi&th=1&psc=1"><img src="https://m.media-amazon.com/images/I/413jcI7ZoZL._SL500_.jpg" alt="Product Image"></a><p>Baby Bath Thermometer, Digital Water Temperature Thermometer with 3 Color Backlit and Temperature Warning, Safety Bath Tube Thermometer Floating Toy for Infant, Toddler</p><p> -7% 0FF </p><p>$12.99</p><a href="https://www.amazon.com/dp/B0CNCVSKWJ?tag=eloabder-20&linkCode=osi&th=1&psc=1">View Product</a></div><div class="product"><a href="https://www.amazon.com/dp/B01MY98912?tag=eloabder-20&linkCode=osi&th=1&psc=1"><img src="https://m.media-amazon.com/images/I/41HQEQLxeCL._SL500_.jpg" alt="Product Image"></a><p>Bath Thermometer - Bath Water Thermometer for Bathtub Baby Safety Water Temperature for Baby Bath - Easy to Use Bath Temperature Thermometer</p><p> -12% 0FF </p><p>$5.25</p><a href="https://www.amazon.com/dp/B01MY98912?tag=eloabder-20&linkCode=osi&th=1&psc=1">View Product</a></div><div class="product"><a href="https://www.amazon.com/dp/B0CYLVX1ZJ?tag=eloabder-20&linkCode=osi&th=1&psc=1"><img src="https://m.media-amazon.com/images/I/41xhSGYiopL._SL500_.jpg" alt="Product Image"></a><p>Pircaath Baby Bath Thermometer & Swimming Turtle Floating Bath Toys, BPA-Free Bath Thermometer Baby Safety, Backlit Display Bathtub Thermometer Baby Water Thermometer, Bath Temperature Toy for Infant</p><p> -17% 0FF </p><p>$9.99</p><a href="https://www.amazon.com/dp/B0CYLVX1ZJ?tag=eloabder-20&linkCode=osi&th=1&psc=1">View Product</a></div><div class="product"><a href="https://www.amazon.com/dp/B07GC7H86T?tag=eloabder-20&linkCode=osi&th=1&psc=1"><img src="https://m.media-amazon.com/images/I/414jIzev-VL._SL500_.jpg" alt="Product Image"></a><p>Baby Bath Thermometer with Room Thermometer - Famidoc FDTH-V0-22 New Upgraded Sensor Technology for Baby Health Bath Tub Thermometer Floating Toy Thermometer (Blue)</p><p> -12% 0FF </p><p>$14.99</p><a href="https://www.amazon.com/dp/B07GC7H86T?tag=eloabder-20&linkCode=osi&th=1&psc=1">View Product</a></div>
<div class="product"><a href="https://www.amazon.com/dp/B00G0KPLZI?tag=eloabder-20&linkCode=osi&th=1&psc=1"><img src="https://m.media-amazon.com/images/I/41X53ExW5-S._SL500_.jpg" alt="Product Image"></a><p>Spasilk Hooded Terry Bathrobe with Booties, Blue Plane, One Size</p><p> -14% 0FF </p><p>$11.99</p><a href="https://www.amazon.com/dp/B00G0KPLZI?tag=eloabder-20&linkCode=osi&th=1&psc=1">View Product</a></div><div class="product"><a href="https://www.amazon.com/dp/B09N7BB9Y6?tag=eloabder-20&linkCode=osi&th=1&psc=1"><img src="https://m.media-amazon.com/images/I/41iGc7gTxlL._SL500_.jpg" alt="Product Image"></a><p>ROMASA Baby Bath Towel Ultra Soft Hooded Towel Highly Absorbent Bathrobe Blanket Toddlers Shower Gifts for Boys Girls- 27.5" x 55" (Yellow)</p><p> -20% 0FF </p><p>$14.39 ($1.27 / Ounce)</p><a href="https://www.amazon.com/dp/B09N7BB9Y6?tag=eloabder-20&linkCode=osi&th=1&psc=1">View Product</a></div>
<div class="product"><a href="https://www.amazon.com/dp/B0C9Q8MXWW?tag=eloabder-20&linkCode=osi&th=1&psc=1"><img src="https://m.media-amazon.com/images/I/31aI3dosJJL._SL500_.jpg" alt="Product Image"></a><p>Baby Bathtub Faucet Cover, Bath Faucet Cover for Kids, Baby Bath Spout Cover, Soft Silicone Bathtub Faucet Safety Toys, Cute Whale, Universal Fit, Make Your Baby's Bath Time Fun and Love It</p><p> -46% 0FF </p><p>$6.99</p><a href="https://www.amazon.com/dp/B0C9Q8MXWW?tag=eloabder-20&linkCode=osi&th=1&psc=1">View Product</a></div><div class="product"><a href="https://www.amazon.com/dp/B07D98DLDV?tag=eloabder-20&linkCode=osi&th=1&psc=1"><img src="https://m.media-amazon.com/images/I/21f3AzvkYLL._SL500_.jpg" alt="Product Image"></a><p>Skip Hop Baby Bath Spout Cover, Universal Fit, Moby, Grey</p><p> -7% 0FF </p><p>$12.99</p><a href="https://www.amazon.com/dp/B07D98DLDV?tag=eloabder-20&linkCode=osi&th=1&psc=1">View Product</a></div><div class="product"><a href="https://www.amazon.com/dp/B0CSYJQ9D6?tag=eloabder-20&linkCode=osi&th=1&psc=1"><img src="https://m.media-amazon.com/images/I/314iWaEh9xL._SL500_.jpg" alt="Product Image"></a><p>Baby Bathtub Faucet Cover, Baby Safety Protection Silicone Toys, Bath Spout Cover Baby Bathtub, Faucet Cover Baby Bathtub Silicone Whale for Kids, Toddler, Infant, Grey Whale</p><p> -20% 0FF </p><p>$7.99</p><a href="https://www.amazon.com/dp/B0CSYJQ9D6?tag=eloabder-20&linkCode=osi&th=1&psc=1">View Product</a></div>
<div class="product"><a href="https://www.amazon.com/dp/B0070WGV9K?tag=eloabder-20&linkCode=osi&th=1&psc=1"><img src="https://m.media-amazon.com/images/I/41pqg6p2q0L._SL500_.jpg" alt="Product Image"></a><p>Regalo Swing Down Bed Rail Guard, with Reinforced Anchor Safety System</p><p> -8% 0FF </p><p>$23.99</p><a href="https://www.amazon.com/dp/B0070WGV9K?tag=eloabder-20&linkCode=osi&th=1&psc=1">View Product</a></div><div class="product"><a href="https://www.amazon.com/dp/B0CWS2NZ3K?tag=eloabder-20&linkCode=osi&th=1&psc=1"><img src="https://m.media-amazon.com/images/I/41OVQSq+N9L._SL500_.jpg" alt="Product Image"></a><p>NUTIKAS Baby Bed Rail Guard for Toddlers - 47" Toddler Bed Side Rails for Twin, Full, Queen Bunk Size Bed Swing Down Bedrail Extral Tall Child Safety Side Railing Guards for Kids</p><p> -27% 0FF </p><p>$35.98</p><a href="https://www.amazon.com/dp/B0CWS2NZ3K?tag=eloabder-20&linkCode=osi&th=1&psc=1">View Product</a></div><div class="product"><a href="https://www.amazon.com/dp/B00MTJWT68?tag=eloabder-20&linkCode=osi&th=1&psc=1"><img src="https://m.media-amazon.com/images/I/21FdaFkL+tL._SL500_.jpg" alt="Product Image"></a><p>Dream On Me Lightweight Mesh Security Adjustable Bed Rail for Toddler, Breathable Mesh Fabric, Suitable for All Types Of Beds, Reinforced Anchor System Bed Guard Rail, White</p><p> -50% 0FF </p><p>$19.98</p><a href="https://www.amazon.com/dp/B00MTJWT68?tag=eloabder-20&linkCode=osi&th=1&psc=1">View Product</a></div><div class="product"><a href="https://www.amazon.com/dp/B07JJP7S3Q?tag=eloabder-20&linkCode=osi&th=1&psc=1"><img src="https://m.media-amazon.com/images/I/41Rn7Sf-wLL._SL500_.jpg" alt="Product Image"></a><p>BANBALOO | Bed Bumper for Toddlers 53" | Bed Rails for Queen, King, Twin, Full-Size Bed | Toddler Bed Bumper | Bumpers for Bed | Bed Rail for Toddlers | Bed Barrier for Toddler | Foam Bumper</p><p> -23% 0FF </p><p>$26.99</p><a href="https://www.amazon.com/dp/B07JJP7S3Q?tag=eloabder-20&linkCode=osi&th=1&psc=1">View Product</a></div>
<div class="product"><a href="https://www.amazon.com/dp/B07SPT3D3J?tag=eloabder-20&linkCode=osi&th=1&psc=1"><img src="https://m.media-amazon.com/images/I/517zG-7ToEL._SL500_.jpg" alt="Product Image"></a><p>Teddy Soft Baby Book Activity Quiet Cloth Books Developmental Toys,Interactive Baby Books for Babies Toddlers Infants kids,Baby Boy Girls Machine Washable Toys Fabric Soft Book Goodnight Gift Box</p><p> -5% 0FF </p><p>$17.95</p><a href="https://www.amazon.com/dp/B07SPT3D3J?tag=eloabder-20&linkCode=osi&th=1&psc=1">View Product</a></div>
<div class="product"><a href="https://www.amazon.com/dp/B00JFTFPHK?tag=eloabder-20&linkCode=osi&th=1&psc=1"><img src="https://m.media-amazon.com/images/I/51O+qRW-KEL._SL500_.jpg" alt="Product Image"></a><p>25pcs 1" Pacifier Suspender Clips, Marrywindix Pacifier Clips for Making Pacifier Holders Bib Clips Toy Holder Silver</p><p> -33% 0FF </p><p>$5.99</p><a href="https://www.amazon.com/dp/B00JFTFPHK?tag=eloabder-20&linkCode=osi&th=1&psc=1">View Product</a></div><div class="product"><a href="https://www.amazon.com/dp/B00W94QLX0?tag=eloabder-20&linkCode=osi&th=1&psc=1"><img src="https://m.media-amazon.com/images/I/51O+qRW-KEL._SL500_.jpg" alt="Product Image"></a><p>50pcs 1" Pacifier Suspender Clips, Marrywindix Pacifier Clips for Making Pacifier Holders Bib Clips Toy Holder Silver</p><p> -40% 0FF </p><p>$8.99</p><a href="https://www.amazon.com/dp/B00W94QLX0?tag=eloabder-20&linkCode=osi&th=1&psc=1">View Product</a></div>
<div class="product"><a href="https://www.amazon.com/dp/B08G4SDDQC?tag=eloabder-20&linkCode=osi&th=1&psc=1"><img src="https://m.media-amazon.com/images/I/41HQSFX14bL._SL500_.jpg" alt="Product Image"></a><p>8-Pack Organic Baby Bandana Drool Bibs for Girls - Super Absorbent Baby Bibs for Baby Girls, Baby Boys, Soft Cotton Bandana Bibs, Baby Drool Bib, Teething Bibs for Infant, Toddler(Muted Pastel)</p><p> -26% 0FF </p><p>$16.96</p><a href="https://www.amazon.com/dp/B08G4SDDQC?tag=eloabder-20&linkCode=osi&th=1&psc=1">View Product</a></div>
<div class="product"><a href="https://www.amazon.com/dp/B08NNDN5GF?tag=eloabder-20&linkCode=osi&th=1&psc=1"><img src="https://m.media-amazon.com/images/I/41ocef4uVmL._SL500_.jpg" alt="Product Image"></a><p>Hudson Baby Unisex Baby Plush Sleeping Bag, Sack, Blanket, Gray Clouds, 18-24 Months</p><p> -37% 0FF </p><p>$10.08</p><a href="https://www.amazon.com/dp/B08NNDN5GF?tag=eloabder-20&linkCode=osi&th=1&psc=1">View Product</a></div><div class="product"><a href="https://www.amazon.com/dp/B0CQMHYCMX?tag=eloabder-20&linkCode=osi&th=1&psc=1"><img src="https://m.media-amazon.com/images/I/41vq0RvJ3yL._SL500_.jpg" alt="Product Image"></a><p>Gerber Baby Girls Flame Resistant Fleece Footed Pajamas 2-Pack, Purple Rainbows</p><p> -6% 0FF </p><p>$16.98</p><a href="https://www.amazon.com/dp/B0CQMHYCMX?tag=eloabder-20&linkCode=osi&th=1&psc=1">View Product</a></div>
<div class="product"><a href="https://www.amazon.com/dp/B0BDRKG478?tag=eloabder-20&linkCode=osi&th=1&psc=1"><img src="https://m.media-amazon.com/images/I/31LBn9SzD9L._SL500_.jpg" alt="Product Image"></a><p>Graco TurboBooster 2.0 Backless Booster Car Seat, Denton</p><p> -29% 0FF </p><p>$20.49</p><a href="https://www.amazon.com/dp/B0BDRKG478?tag=eloabder-20&linkCode=osi&th=1&psc=1">View Product</a></div><div class="product"><a href="https://www.amazon.com/dp/B07C2RNRCJ?tag=eloabder-20&linkCode=osi&th=1&psc=1"><img src="https://m.media-amazon.com/images/I/31CuULOPD4L._SL500_.jpg" alt="Product Image"></a><p>Graco Tranzitions 3 in 1 Harness Booster Seat</p><p> -21% 0FF </p><p>$94.49</p><a href="https://www.amazon.com/dp/B07C2RNRCJ?tag=eloabder-20&linkCode=osi&th=1&psc=1">View Product</a></div>
<div class="product"><a href="https://www.amazon.com/dp/B09H6Y14KH?tag=eloabder-20&linkCode=osi&th=1&psc=1"><img src="https://m.media-amazon.com/images/I/410cJD5cOBL._SL500_.jpg" alt="Product Image"></a><p>Mancro Breastmilk Cooler Bag with Ice Pack, Fits 6 Baby Bottles Up to 9 Ounce Insulated Bottle Bag, Breast Milk on The go Strap, for Nursing Mom Daycare, Black</p><p> -6% 0FF </p><p>$16.99</p><a href="https://www.amazon.com/dp/B09H6Y14KH?tag=eloabder-20&linkCode=osi&th=1&psc=1">View Product</a></div>
<div class="product"><a href="https://www.amazon.com/dp/B006SFUCV8?tag=eloabder-20&linkCode=osi&th=1&psc=1"><img src="https://m.media-amazon.com/images/I/31Uu2+3+7RL._SL500_.jpg" alt="Product Image"></a><p>Munchkin® High Capacity Drying Rack for Baby Bottles and Accessories, White</p><p> -6% 0FF </p><p>$13.75</p><a href="https://www.amazon.com/dp/B006SFUCV8?tag=eloabder-20&linkCode=osi&th=1&psc=1">View Product</a></div><div class="product"><a href="https://www.amazon.com/dp/B0CHJS27KB?tag=eloabder-20&linkCode=osi&th=1&psc=1"><img src="https://m.media-amazon.com/images/I/51CDxHsKEAL._SL500_.jpg" alt="Product Image"></a><p>Termichy Baby Bottle Drying Rack: Large Vertical Bottle Dryer Rack Holder - Space Saving Standing Drying Rack for Baby Bottles and Pump Part Cleaning (Gray)</p><p> -7% 0FF </p><p>$26.99</p><a href="https://www.amazon.com/dp/B0CHJS27KB?tag=eloabder-20&linkCode=osi&th=1&psc=1">View Product</a></div><div class="product"><a href="https://www.amazon.com/dp/B00RQ83N76?tag=eloabder-20&linkCode=osi&th=1&psc=1"><img src="https://m.media-amazon.com/images/I/31bE-Iv6B6L._SL500_.jpg" alt="Product Image"></a><p>Munchkin Fold Baby Bottle Drying Rack - Compact Design Folds Flat for Easy Storage, White/Grey</p><p> -8% 0FF </p><p>$7.76</p><a href="https://www.amazon.com/dp/B00RQ83N76?tag=eloabder-20&linkCode=osi&th=1&psc=1">View Product</a></div><div class="product"><a href="https://www.amazon.com/dp/B00HNVWGNS?tag=eloabder-20&linkCode=osi&th=1&psc=1"><img src="https://m.media-amazon.com/images/I/41oD0n0VKWL._SL500_.jpg" alt="Product Image"></a><p>Dr. Brown's Folding Baby Bottle Drying Rack for Easy Storage, Dry Nipples, Pacifiers and Other Baby Essentials, BPA-free</p><p> -34% 0FF </p><p>$11.89</p><a href="https://www.amazon.com/dp/B00HNVWGNS?tag=eloabder-20&linkCode=osi&th=1&psc=1">View Product</a></div><div class="product"><a href="https://www.amazon.com/dp/B0CMRV5CPZ?tag=eloabder-20&linkCode=osi&th=1&psc=1"><img src="https://m.media-amazon.com/images/I/41XhN13vG4L._SL500_.jpg" alt="Product Image"></a><p>Dr. Brown's Drying Tower, Stand-Up Drying Rack, Countertop Baby Bottle Drying with Organized Storage for Baby Essentials, Space Saving Vertical Rack</p><p> -32% 0FF </p><p>$19.98</p><a href="https://www.amazon.com/dp/B0CMRV5CPZ?tag=eloabder-20&linkCode=osi&th=1&psc=1">View Product</a></div>
<div class="product"><a href="https://www.amazon.com/dp/B0876T9DQZ?tag=eloabder-20&linkCode=osi&th=1&psc=1"><img src="https://m.media-amazon.com/images/I/41EvYRi2WLL._SL500_.jpg" alt="Product Image"></a><p>Philips Avent Premium Fast Bottle Warmer, with Smart Temperature Control, Water Bath Technology, Automatic Shut-Off, Model SCF358</p><p> -20% 0FF </p><p>$39.99</p><a href="https://www.amazon.com/dp/B0876T9DQZ?tag=eloabder-20&linkCode=osi&th=1&psc=1">View Product</a></div><div class="product"><a href="https://www.amazon.com/dp/B0D2X9276K?tag=eloabder-20&linkCode=osi&th=1&psc=1"><img src="https://m.media-amazon.com/images/I/31kRB6a3EoL._SL500_.jpg" alt="Product Image"></a><p>WITGER 8-in-1 Baby Bottle Warmer and Sterilizer - Fast Heating, Accurate Temperature Control, BPA-Free, Defrosting, Food Heating, and Constant Temperature Maintenance.</p><p> -14% 0FF </p><p>$29.99</p><a href="https://www.amazon.com/dp/B0D2X9276K?tag=eloabder-20&linkCode=osi&th=1&psc=1">View Product</a></div><div class="product"><a href="https://www.amazon.com/dp/B09XJBQWQZ?tag=eloabder-20&linkCode=osi&th=1&psc=1"><img src="https://m.media-amazon.com/images/I/41rEmiL1MDL._SL500_.jpg" alt="Product Image"></a><p>Dr. Brown’s™ Insta-Feed™ Bottle Warmer and Sterilizer</p><p> -14% 0FF </p><p>$24.99</p><a href="https://www.amazon.com/dp/B09XJBQWQZ?tag=eloabder-20&linkCode=osi&th=1&psc=1">View Product</a></div><div class="product"><a href="https://www.amazon.com/dp/B0B97M3PX2?tag=eloabder-20&linkCode=osi&th=1&psc=1"><img src="https://m.media-amazon.com/images/I/31D1jFeOavL._SL500_.jpg" alt="Product Image"></a><p>Momcozy Bottle Warmer, Fast Bottle Warmers for All Bottles with Timer, Accurate Temperature Control and Automatic Shut-Off, Multifunctional Bottle Warmer for Breastmilk</p><p> -43% 0FF </p><p>$33.99</p><a href="https://www.amazon.com/dp/B0B97M3PX2?tag=eloabder-20&linkCode=osi&th=1&psc=1">View Product</a></div><div class="product"><a href="https://www.amazon.com/dp/B07YJKWTYW?tag=eloabder-20&linkCode=osi&th=1&psc=1"><img src="https://m.media-amazon.com/images/I/31Rfvw7DMyL._SL500_.jpg" alt="Product Image"></a><p>Bottle Warmer, GROWNSY 8-in-1 Fast Baby Milk Warmer with Timer for Breastmilk or Formula, Accurate Temperature Control, with Defrost, Sterili-zing, Keep, Heat Baby Food Jars Function</p><p> -20% 0FF </p><p>$39.99</p><a href="https://www.amazon.com/dp/B07YJKWTYW?tag=eloabder-20&linkCode=osi&th=1&psc=1">View Product</a></div><div class="product"><a href="https://www.amazon.com/dp/B0BY26RDWQ?tag=eloabder-20&linkCode=osi&th=1&psc=1"><img src="https://m.media-amazon.com/images/I/412nEaDc-cL._SL500_.jpg" alt="Product Image"></a><p>Momcozy Nutri Bottle Warmer, 9-in-1 Baby Bottle Warmer with Night Light, Accurate Temperature to Preserve Fullest Nutrients in Breast Milk, Bottle Warmers for All Bottles with Breastmilk or Formula</p><p> -20% 0FF </p><p>$39.99</p><a href="https://www.amazon.com/dp/B0BY26RDWQ?tag=eloabder-20&linkCode=osi&th=1&psc=1">View Product</a></div><div class="product"><a href="https://www.amazon.com/dp/B00005BXKM?tag=eloabder-20&linkCode=osi&th=1&psc=1"><img src="https://m.media-amazon.com/images/I/31nh2NZoUTL._SL500_.jpg" alt="Product Image"></a><p>The First Years Baby Bottle Warmer and Sterilizer - Pacifier and Bottle Nipple Sanitizer - Feeding Baby Essentials for Formula or Breast Milk - Holds Multiple Sizes</p><p> -10% 0FF </p><p>$19.75</p><a href="https://www.amazon.com/dp/B00005BXKM?tag=eloabder-20&linkCode=osi&th=1&psc=1">View Product</a></div>
<div class="product"><a href="https://www.amazon.com/dp/B0C7FL2XSL?tag=eloabder-20&linkCode=osi&th=1&psc=1"><img src="https://m.media-amazon.com/images/I/3195BfbxF2L._SL500_.jpg" alt="Product Image"></a><p>Motif Medical, Milk Storage Bags, 6 oz Milk Freezer Bag with Easy Pour Spout, BPA Free, Write-On Label - 100 Count</p><p> -20% 0FF </p><p>$15.99</p><a href="https://www.amazon.com/dp/B0C7FL2XSL?tag=eloabder-20&linkCode=osi&th=1&psc=1">View Product</a></div>
<div class="product"><a href="https://www.amazon.com/dp/B08H9QJVNZ?tag=eloabder-20&linkCode=osi&th=1&psc=1"><img src="https://m.media-amazon.com/images/I/31XZwvFZhIL._SL500_.jpg" alt="Product Image"></a><p>Medela Manual breast pump with Flex Shields Harmony Single Hand for More Comfort and Expressing More Milk</p><p> -34% 0FF </p><p>$28.72</p><a href="https://www.amazon.com/dp/B08H9QJVNZ?tag=eloabder-20&linkCode=osi&th=1&psc=1">View Product</a></div><div class="product"><a href="https://www.amazon.com/dp/B0BXH3XF7X?tag=eloabder-20&linkCode=osi&th=1&psc=1"><img src="https://m.media-amazon.com/images/I/41GBdp47u+L._SL500_.jpg" alt="Product Image"></a><p>Momcozy Hands Free Breast Pump S9 Pro Updated, Wearable Breast Pump of Longer Battery Life & LED Display, Double Portable Electric Breast Pump with 2 Modes & 9 Levels - 24mm, 2 Pack Gray</p><p> -31% 0FF </p><p>$95.98</p><a href="https://www.amazon.com/dp/B0BXH3XF7X?tag=eloabder-20&linkCode=osi&th=1&psc=1">View Product</a></div><div class="product"><a href="https://www.amazon.com/dp/B0CNGJMQDD?tag=eloabder-20&linkCode=osi&th=1&psc=1"><img src="https://m.media-amazon.com/images/I/41XS8v-5dyL._SL500_.jpg" alt="Product Image"></a><p>Momcozy Breast Pump Hands Free M5, Wearable Breast Pump of Baby Mouth Double-Sealed Flange with 3 Modes & 9 Levels, Electric Breast Pump Portable - 24mm, 2 Pack Cozy Red</p><p> -23% 0FF </p><p>$199.99 ($100.00 / Count)</p><a href="https://www.amazon.com/dp/B0CNGJMQDD?tag=eloabder-20&linkCode=osi&th=1&psc=1">View Product</a></div><div class="product"><a href="https://www.amazon.com/dp/B0DK9VJCRK?tag=eloabder-20&linkCode=osi&th=1&psc=1"><img src="https://m.media-amazon.com/images/I/41RyWq3DsfL._SL500_.jpg" alt="Product Image"></a><p>Hands Free Breast Pump Wearable MY-375 - Strong Suction, Low Noise, Wearable Breastfeeding Pump with 4 Mode &12 Levels, Portable Electric Breast Pump - 19/21/24mm Insert/Flange, 2 Pack (White)</p><p> -33% 0FF </p><p>$99.99 ($50.00 / Count)</p><a href="https://www.amazon.com/dp/B0DK9VJCRK?tag=eloabder-20&linkCode=osi&th=1&psc=1">View Product</a></div>
<div class="product"><a href="https://www.amazon.com/dp/B0BTZTSMM7?tag=eloabder-20&linkCode=osi&th=1&psc=1"><img src="https://m.media-amazon.com/images/I/41E+gI3y2mL._SL500_.jpg" alt="Product Image"></a><p>Konssy Muslin Nursing Cover for Baby Breastfeeding, Breathable 100% Cotton Breastfeeding Cover with Rigid Hoop for Mother Nursing Apron, Multi-use Carseat Canopy (Summer Wheat)</p><p> -25% 0FF </p><p>$14.99</p><a href="https://www.amazon.com/dp/B0BTZTSMM7?tag=eloabder-20&linkCode=osi&th=1&psc=1">View Product</a></div><div class="product"><a href="https://www.amazon.com/dp/B0CRY93RSV?tag=eloabder-20&linkCode=osi&th=1&psc=1"><img src="https://m.media-amazon.com/images/I/31GF3tvRWjL._SL500_.jpg" alt="Product Image"></a><p>Konssy Knit Nursing Cover for Breastfeeding, 360 Full Privacy Breathable Breastfeeding Cover, Multi-use Carseat Canopy(Beige)</p><p> -25% 0FF </p><p>$14.99</p><a href="https://www.amazon.com/dp/B0CRY93RSV?tag=eloabder-20&linkCode=osi&th=1&psc=1">View Product</a></div><div class="product"><a href="https://www.amazon.com/dp/B0CYM1Y178?tag=eloabder-20&linkCode=osi&th=1&psc=1"><img src="https://m.media-amazon.com/images/I/41BlDYTW3hL._SL500_.jpg" alt="Product Image"></a><p>Comfy Cubs Nursing Cover for Baby Breastfeeding - 100% Muslin Cotton, Soft & Breathable Cotton, Breastfeeding Pumping Cover for Mom, with Rigid Hoop - Privacy Unisex Lightweight Wrap (Pacific Blue)</p><p> -48% 0FF </p><p>$12.99</p><a href="https://www.amazon.com/dp/B0CYM1Y178?tag=eloabder-20&linkCode=osi&th=1&psc=1">View Product</a></div><div class="product"><a href="https://www.amazon.com/dp/B074M6FRND?tag=eloabder-20&linkCode=osi&th=1&psc=1"><img src="https://m.media-amazon.com/images/I/51odoDcAZ9L._SL500_.jpg" alt="Product Image"></a><p>Baby Nursing Cover & Nursing Poncho - Multi Use Cover for Baby Car Seat Canopy, Shopping Cart Cover, Stroller Cover, 360° Full Privacy Breastfeeding Coverage, Baby Shower Gifts for Boy&Girl</p><p> -30% 0FF </p><p>$13.95</p><a href="https://www.amazon.com/dp/B074M6FRND?tag=eloabder-20&linkCode=osi&th=1&psc=1">View Product</a></div><div class="product"><a href="https://www.amazon.com/dp/B0CB15QFNL?tag=eloabder-20&linkCode=osi&th=1&psc=1"><img src="https://m.media-amazon.com/images/I/31GyAL5zSlL._SL500_.jpg" alt="Product Image"></a><p>Breathable Car Seat Cover for Babies – Multi-Purpose Soft Rayon Nursing Cover for Breastfeeding, High Stretchy Infant Carseat Canopy, Stroller Cover (Smooth Rayon, Blush)</p><p> -20% 0FF </p><p>$7.99</p><a href="https://www.amazon.com/dp/B0CB15QFNL?tag=eloabder-20&linkCode=osi&th=1&psc=1">View Product</a></div>
<div class="product"><a href="https://www.amazon.com/dp/B00PC3K7OE?tag=eloabder-20&linkCode=osi&th=1&psc=1"><img src="https://m.media-amazon.com/images/I/41Ysisnr8oL._SL500_.jpg" alt="Product Image"></a><p>My Brest Friend Nursing Pillow - Deluxe - Enhanced Comfort w/ Slipcover - Ergonomic Breastfeeding Pillow For Ultimate Support For Mom & Baby - Adjustable Pillow W/ Handy Side Pocket, Evening Grey</p><p> -6% 0FF </p><p>$49.99</p><a href="https://www.amazon.com/dp/B00PC3K7OE?tag=eloabder-20&linkCode=osi&th=1&psc=1">View Product</a></div><div class="product"><a href="https://www.amazon.com/dp/B0B2W7X465?tag=eloabder-20&linkCode=osi&th=1&psc=1"><img src="https://m.media-amazon.com/images/I/41TWXbEgaJL._SL500_.jpg" alt="Product Image"></a><p>Momcozy Nursing Pillow for Breastfeeding, Original Plus Size Breastfeeding Pillows for More Support for Mom and Baby, with Adjustable Waist Strap and Removable Cotton Cover, Grey</p><p> -17% 0FF </p><p>$39.99</p><a href="https://www.amazon.com/dp/B0B2W7X465?tag=eloabder-20&linkCode=osi&th=1&psc=1">View Product</a></div><div class="product"><a href="https://www.amazon.com/dp/B08LF56YHJ?tag=eloabder-20&linkCode=osi&th=1&psc=1"><img src="https://m.media-amazon.com/images/I/31pJjCYHNMS._SL500_.jpg" alt="Product Image"></a><p>My Brest Friend Super Deluxe Nursing Pillow - Enhanced Comfort & Ergonomic Breastfeeding Pillow for Ultimate Support For Mom & Baby - Adjustable and with Handy Side Pocket, Platinum</p><p> -8% 0FF </p><p>$59.99</p><a href="https://www.amazon.com/dp/B08LF56YHJ?tag=eloabder-20&linkCode=osi&th=1&psc=1">View Product</a></div><div class="product"><a href="https://www.amazon.com/dp/B0C3RWRCQM?tag=eloabder-20&linkCode=osi&th=1&psc=1"><img src="https://m.media-amazon.com/images/I/516Q+AKi5kL._SL500_.jpg" alt="Product Image"></a><p>PILLANI Nursing Pillow, Plus Size Breastfeeding Pillows for Enhanced Support & Comfort for Mom & Baby, Removable Cotton Cover, Adjustable Waist Strap, Breastfeeding Essentials, Baby Registry Search</p><p> -20% 0FF </p><p>$31.99</p><a href="https://www.amazon.com/dp/B0C3RWRCQM?tag=eloabder-20&linkCode=osi&th=1&psc=1">View Product</a></div><div class="product"><a href="https://www.amazon.com/dp/B0CPVDN3J3?tag=eloabder-20&linkCode=osi&th=1&psc=1"><img src="https://m.media-amazon.com/images/I/41sq3SZUjlL._SL500_.jpg" alt="Product Image"></a><p>Momcozy Original Nursing Pillow and Positioner, Plus Size Breast Feeding Pillow for More Support for Mom and Baby Boy or Girl，Baby Essentials for Nursing or Bottle Feeding and Removable Cotton Cover</p><p> -15% 0FF </p><p>$39.99</p><a href="https://www.amazon.com/dp/B0CPVDN3J3?tag=eloabder-20&linkCode=osi&th=1&psc=1">View Product</a></div><div class="product"><a href="https://www.amazon.com/dp/B00PC3JYQQ?tag=eloabder-20&linkCode=osi&th=1&psc=1"><img src="https://m.media-amazon.com/images/I/51AoteowPXL._SL500_.jpg" alt="Product Image"></a><p>My Brest Friend Original Nursing Pillow Enhanced Ergonomics Essential Breastfeeding Pillow Support For Mom & Baby W/ Convenient Side Pocket, Double Straps & slipcover, Midnight Poppy</p><p> -7% 0FF </p><p>$41.99</p><a href="https://www.amazon.com/dp/B00PC3JYQQ?tag=eloabder-20&linkCode=osi&th=1&psc=1">View Product</a></div>
<div class="product"><a href="https://www.amazon.com/dp/B09KRKGJ3S?tag=eloabder-20&linkCode=osi&th=1&psc=1"><img src="https://m.media-amazon.com/images/I/41fXKHSGeCL._SL500_.jpg" alt="Product Image"></a><p>Looxii Muslin Burp Cloths 100% Cotton Large 20''x10'' Extra Soft and Absorbent 6 Pack Baby Burping Cloth for Boys Girls (Dark Green)</p><p> -6% 0FF </p><p>$13.14</p><a href="https://www.amazon.com/dp/B09KRKGJ3S?tag=eloabder-20&linkCode=osi&th=1&psc=1">View Product</a></div><div class="product"><a href="https://www.amazon.com/dp/B0CLPGQWNB?tag=eloabder-20&linkCode=osi&th=1&psc=1"><img src="https://m.media-amazon.com/images/I/416sGTkqHRL._SL500_.jpg" alt="Product Image"></a><p>Comfy Cubs Muslin Burp Cloths Large 100% Cotton Hand Washcloths for Babies, Baby Essentials 6 Layers Extra Absorbent and Soft Boys & Girls Baby Bibs & Burp Cloths Set (Multicolor, 10-Pack, 20" X10")</p><p> -33% 0FF </p><p>$19.99</p><a href="https://www.amazon.com/dp/B0CLPGQWNB?tag=eloabder-20&linkCode=osi&th=1&psc=1">View Product</a></div><div class="product"><a href="https://www.amazon.com/dp/B0CNKWNY43?tag=eloabder-20&linkCode=osi&th=1&psc=1"><img src="https://m.media-amazon.com/images/I/31iZQ-IdT6L._SL500_.jpg" alt="Product Image"></a><p>Comfy Cubs Burp Cloths 6 Pack Large 100% Cotton Washcloths Double Layered Absorbent Burping Cloth Extra Absorbent Baby Burp Cloth Extra Soft for Boys and Girls (Multicolor Girl, Pack of 6)</p><p> -40% 0FF </p><p>$14.99 ($2.50 / Count)</p><a href="https://www.amazon.com/dp/B0CNKWNY43?tag=eloabder-20&linkCode=osi&th=1&psc=1">View Product</a></div>
<div class="product"><a href="https://www.amazon.com/dp/B096NZHHVR?tag=eloabder-20&linkCode=osi&th=1&psc=1"><img src="https://m.media-amazon.com/images/I/41PxfLKcdWL._SL500_.jpg" alt="Product Image"></a><p>Meolsaek Car Seat Protector for Child Car Seat, 600D Fabric Waterproof Car Seat Cover with Non-Slip Backing, Under Baby Car Seat from Pressure Marks</p><p> -15% 0FF </p><p>$33.97</p><a href="https://www.amazon.com/dp/B096NZHHVR?tag=eloabder-20&linkCode=osi&th=1&psc=1">View Product</a></div><div class="product"><a href="https://www.amazon.com/dp/B096PGXGB4?tag=eloabder-20&linkCode=osi&th=1&psc=1"><img src="https://m.media-amazon.com/images/I/31Y4e9zhROS._SL500_.jpg" alt="Product Image"></a><p>XHYANG Car Seat Protector 1 Pack Car Seat Cushion Mat Thickest Padding,Waterproof 600D Fabric Car Seat Covers for Non-Slip Backing Mesh Pockets for Baby and Pet (1 Seat Protector)</p><p> -24% 0FF </p><p>$17.95</p><a href="https://www.amazon.com/dp/B096PGXGB4?tag=eloabder-20&linkCode=osi&th=1&psc=1">View Product</a></div><div class="product"><a href="https://www.amazon.com/dp/B09828NDRS?tag=eloabder-20&linkCode=osi&th=1&psc=1"><img src="https://m.media-amazon.com/images/I/31ua+nTGAXL._SL500_.jpg" alt="Product Image"></a><p>XHYANG Car Seat Protector,Auto Car Seat Protectors Baby Carseat Waterproof Durable 600D Fabric for Child Baby Car Seat Mat Vehicle Pet Cover 2 Storage Pockets (1 Pack)</p><p> -31% 0FF </p><p>$17.99</p><a href="https://www.amazon.com/dp/B09828NDRS?tag=eloabder-20&linkCode=osi&th=1&psc=1">View Product</a></div><div class="product"><a href="https://www.amazon.com/dp/B0CB14PHZT?tag=eloabder-20&linkCode=osi&th=1&psc=1"><img src="https://m.media-amazon.com/images/I/31lC1dggTTL._SL500_.jpg" alt="Product Image"></a><p>Breathable Car Seat Cover for Babies – Multi-Purpose Soft Rayon Nursing Cover for Breastfeeding, High Stretchy Infant Carseat Canopy, Stroller Cover (Smooth Rayon, Roman Green)</p><p> -20% 0FF </p><p>$7.19</p><a href="https://www.amazon.com/dp/B0CB14PHZT?tag=eloabder-20&linkCode=osi&th=1&psc=1">View Product</a></div><div class="product"><a href="https://www.amazon.com/dp/B08H4WCFXV?tag=eloabder-20&linkCode=osi&th=1&psc=1"><img src="https://m.media-amazon.com/images/I/516mz-4vqgL._SL500_.jpg" alt="Product Image"></a><p>Yoofoss Baby Car Seat Cover Winter Carseat Canopies Cover to Protect Baby from Cold Wind, Super Warm Plush Fleece Baby Carrier Cover for Infant Boys Girls (Black)</p><p> -11% 0FF </p><p>$32.99</p><a href="https://www.amazon.com/dp/B08H4WCFXV?tag=eloabder-20&linkCode=osi&th=1&psc=1">View Product</a></div>

<div class="product"><a href="https://www.amazon.com/dp/B07W6JGDYW?tag=eloabder-20&linkCode=osi&th=1&psc=1"><img src="https://m.media-amazon.com/images/I/41H2tKos7SL._SL500_.jpg" alt="Product Image"></a><p>Kaiphy Car Seat Protector - Seat Protection Mat - Thick Padding - Durable, Waterproof Fabric, Leather Reinforced Corners & 3 Pockets for Handy Storage Black</p><p> -46% 0FF </p><p>$13.97</p><a href="https://www.amazon.com/dp/B07W6JGDYW?tag=eloabder-20&linkCode=osi&th=1&psc=1">View Product</a></div><div class="product"><a href="https://www.amazon.com/dp/B0D5XFHH28?tag=eloabder-20&linkCode=osi&th=1&psc=1"><img src="https://m.media-amazon.com/images/I/31XhcmIiWAL._SL500_.jpg" alt="Product Image"></a><p>Car Seat Protector, Carseat Seat Protectors with Thick Padding and Upgraded Non-Slip Backing, Waterproof Seat Protector under Baby Car Seat, 600D Fabric Car Seat Covers with Storage Pockets for Baby</p><p> -20% 0FF </p><p>$13.59</p><a href="https://www.amazon.com/dp/B0D5XFHH28?tag=eloabder-20&linkCode=osi&th=1&psc=1">View Product</a></div><div class="product"><a href="https://www.amazon.com/dp/B07JBQBVL6?tag=eloabder-20&linkCode=osi&th=1&psc=1"><img src="https://m.media-amazon.com/images/I/31PZj+OEfjL._SL500_.jpg" alt="Product Image"></a><p>Car Seat Protector for Baby Child Car Seats, Shynerk Auto Seat Cover Mat for Under Carseat to Protect Automotive Vehicle Leather and Cloth Upholstery - Waterproof and Dirt Resistant</p><p> -33% 0FF </p><p>$19.99</p><a href="https://www.amazon.com/dp/B07JBQBVL6?tag=eloabder-20&linkCode=osi&th=1&psc=1">View Product</a></div>
<div class="product"><a href="https://www.amazon.com/dp/B00O64QJOC?tag=eloabder-20&linkCode=osi&th=1&psc=1"><img src="https://m.media-amazon.com/images/I/21l2K1fjgyL._SL500_.jpg" alt="Product Image"></a><p>Munchkin® Secure Grip™ Contoured Baby Diaper Changing Pad for Dresser, Waterproof, 16" x 31"</p><p> -10% 0FF </p><p>$31.49</p><a href="https://www.amazon.com/dp/B00O64QJOC?tag=eloabder-20&linkCode=osi&th=1&psc=1">View Product</a></div><div class="product"><a href="https://www.amazon.com/dp/B0DF1W28C5?tag=eloabder-20&linkCode=osi&th=1&psc=1"><img src="https://m.media-amazon.com/images/I/31F+H+AlPWL._SL500_.jpg" alt="Product Image"></a><p>Blissful Diary Vegan Leather Baby Changing Pad with Waterproof & Wipe-Clean PU Cover, Standard Size Cozy Baby Changing Table Pads for Dressers/Tables, Taupe</p><p> -13% 0FF </p><p>$34.99</p><a href="https://www.amazon.com/dp/B0DF1W28C5?tag=eloabder-20&linkCode=osi&th=1&psc=1">View Product</a></div><div class="product"><a href="https://www.amazon.com/dp/B0B45JKHGG?tag=eloabder-20&linkCode=osi&th=1&psc=1"><img src="https://m.media-amazon.com/images/I/41i2u89FqBL._SL500_.jpg" alt="Product Image"></a><p>YENING Baby Diaper Changing Pad for Dresser Top with Cover Waterproof Lining Foam Contoured Changing Table Pads Topper 31" x 16" Grey</p><p> -33% 0FF </p><p>$26.98</p><a href="https://www.amazon.com/dp/B0B45JKHGG?tag=eloabder-20&linkCode=osi&th=1&psc=1">View Product</a></div>
<div class="product"><a href="https://www.amazon.com/dp/B0D3BPZ77F?tag=eloabder-20&linkCode=osi&th=1&psc=1"><img src="https://m.media-amazon.com/images/I/41-+eE90DeL._SL500_.jpg" alt="Product Image"></a><p>Baby Changing Table, Versatile Folding Changing Table, Waterproof Diaper Changing Station, Adjustable Height with 2 Drawers,Baby Changing Station, Mobile Nursery for Infant and Newborn</p><p> -30% 0FF </p><p>$159.99</p><a href="https://www.amazon.com/dp/B0D3BPZ77F?tag=eloabder-20&linkCode=osi&th=1&psc=1">View Product</a></div><div class="product"><a href="https://www.amazon.com/dp/B073YB522V?tag=eloabder-20&linkCode=osi&th=1&psc=1"><img src="https://m.media-amazon.com/images/I/41IwxC2WttS._SL500_.jpg" alt="Product Image"></a><p>Delta Children Eclipse Changing Table with Changing Pad, Grey</p><p> -44% 0FF </p><p>$79.00</p><a href="https://www.amazon.com/dp/B073YB522V?tag=eloabder-20&linkCode=osi&th=1&psc=1">View Product</a></div><div class="product"><a href="https://www.amazon.com/dp/B075ZVTJ3D?tag=eloabder-20&linkCode=osi&th=1&psc=1"><img src="https://m.media-amazon.com/images/I/41Ig2EwFThL._SL500_.jpg" alt="Product Image"></a><p>Dream On Me Emily Changing Table In Steel Grey, Comes With 1" Changing Pad, Features Two Shelves, Portable Changing Station, Made Of Sustainable New Zealand Pinewood</p><p> -21% 0FF </p><p>$69.99</p><a href="https://www.amazon.com/dp/B075ZVTJ3D?tag=eloabder-20&linkCode=osi&th=1&psc=1">View Product</a></div><div class="product"><a href="https://www.amazon.com/dp/B08HMJCHCT?tag=eloabder-20&linkCode=osi&th=1&psc=1"><img src="https://m.media-amazon.com/images/I/31aqc05wT6L._SL500_.jpg" alt="Product Image"></a><p>Storkcraft Brookside 2 Drawer Changing Table Dresser (Pebble Gray) – GREENGUARD Gold Certified, Easy-to-Match Chest of Drawers and Cubbies for Nursery and Kids Bedroom, Includes Changing Table Topper</p><p> -31% 0FF </p><p>$151.29</p><a href="https://www.amazon.com/dp/B08HMJCHCT?tag=eloabder-20&linkCode=osi&th=1&psc=1">View Product</a></div><div class="product"><a href="https://www.amazon.com/dp/B005OSHTSO?tag=eloabder-20&linkCode=osi&th=1&psc=1"><img src="https://m.media-amazon.com/images/I/41ckUWX71DL._SL500_.jpg" alt="Product Image"></a><p>Badger Basket Modern Baby Changing Table with Laundry Hamper, 3 Storage Drawers and Pad, Diaper Change Station - White/White</p><p> -32% 0FF </p><p>$128.99</p><a href="https://www.amazon.com/dp/B005OSHTSO?tag=eloabder-20&linkCode=osi&th=1&psc=1">View Product</a></div><div class="product"><a href="https://www.amazon.com/dp/B08HHFZ5JJ?tag=eloabder-20&linkCode=osi&th=1&psc=1"><img src="https://m.media-amazon.com/images/I/31oH0mt34ML._SL500_.jpg" alt="Product Image"></a><p>Graco Noah 3 Drawer Chest with Changing Topper (White) – GREENGUARD Gold Certified, Baby Dresser With Changing Table Top, Dresser for Nursery, 3 Drawer Kids Dresser</p><p> -24% 0FF </p><p>$188.75</p><a href="https://www.amazon.com/dp/B08HHFZ5JJ?tag=eloabder-20&linkCode=osi&th=1&psc=1">View Product</a></div>
<div class="product"><a href="https://www.amazon.com/dp/B0BVHMHH4X?tag=eloabder-20&linkCode=osi&th=1&psc=1"><img src="https://m.media-amazon.com/images/I/41AOdI5vSML._SL500_.jpg" alt="Product Image"></a><p>TAHAVICE 1 Pack Over The Door Organizer, Bathroom Organizers and Storage with 5 Pockets 10 Mesh Pockets, 50 lbs Weight Capacity Stuffed Animal Storage for Nursery Newborn Baby Essential</p><p> -20% 0FF </p><p>$15.98</p><a href="https://www.amazon.com/dp/B0BVHMHH4X?tag=eloabder-20&linkCode=osi&th=1&psc=1">View Product</a></div><div class="product"><a href="https://www.amazon.com/dp/B06XJ343CC?tag=eloabder-20&linkCode=osi&th=1&psc=1"><img src="https://m.media-amazon.com/images/I/31zbpeWMpnL._SL500_.jpg" alt="Product Image"></a><p>20 Pack Clothing Rack Size Dividers, Wardrobe Round Hangers Label Closet Dividers with 1 Piece Marker Pen for Clothes Organization(White, Blank)</p><p> -14% 0FF </p><p>$8.59 ($0.43 / Count)</p><a href="https://www.amazon.com/dp/B06XJ343CC?tag=eloabder-20&linkCode=osi&th=1&psc=1">View Product</a></div><div class="product"><a href="https://www.amazon.com/dp/B09H4JTQC7?tag=eloabder-20&linkCode=osi&th=1&psc=1"><img src="https://m.media-amazon.com/images/I/51pFCzWgo3L._SL500_.jpg" alt="Product Image"></a><p>Pro Goleem Baby Closet Dividers Unisex Baby Closet Organizer for Nursery Baby Clothes Size Age Dividers Fits 1.5" Rod 6 PCS</p><p> -20% 0FF </p><p>$7.99</p><a href="https://www.amazon.com/dp/B09H4JTQC7?tag=eloabder-20&linkCode=osi&th=1&psc=1">View Product</a></div><div class="product"><a href="https://www.amazon.com/dp/B0DDTSNXNM?tag=eloabder-20&linkCode=osi&th=1&psc=1"><img src="https://m.media-amazon.com/images/I/517HtZWlKIL._SL500_.jpg" alt="Product Image"></a><p>Blissful Diary Baby Diaper Caddy Organizer, Cotton Rope Diaper Caddy Basket, Large Baby Shower Caddy for Newborn Boys and Girls, Gift for Baby Shower List, Newborn Essentials Basket, Earthy Rainbow</p><p> -30% 0FF </p><p>$15.99</p><a href="https://www.amazon.com/dp/B0DDTSNXNM?tag=eloabder-20&linkCode=osi&th=1&psc=1">View Product</a></div>
<div class="product"><a href="https://www.amazon.com/dp/B08DN1KTRH?tag=eloabder-20&linkCode=osi&th=1&psc=1"><img src="https://m.media-amazon.com/images/I/510rTaksLXL._SL500_.jpg" alt="Product Image"></a><p>16 Pack Baby Washcloths - Luxury Multicolor Coral Fleece - Extra Absorbent and Soft Wash Clothes for Newborns, Infants and Toddlers - Suitable for Sensitive Skin and New Born - Baby Shower, 10x10 Inch</p><p> -47% 0FF </p><p>$9.99</p><a href="https://www.amazon.com/dp/B08DN1KTRH?tag=eloabder-20&linkCode=osi&th=1&psc=1">View Product</a></div><div class="product"><a href="https://www.amazon.com/dp/B088RBY8Y5?tag=eloabder-20&linkCode=osi&th=1&psc=1"><img src="https://m.media-amazon.com/images/I/31Ku9qSjBCL._SL500_.jpg" alt="Product Image"></a><p>Yoofoss Muslin Burp Cloths for Baby 10 Pack 100% Cotton Baby Washcloths for Boys Girls Large 20''X10'' Super Soft and Absorbent White</p><p> -5% 0FF </p><p>$18.95</p><a href="https://www.amazon.com/dp/B088RBY8Y5?tag=eloabder-20&linkCode=osi&th=1&psc=1">View Product</a></div>
<div class="product"><a href="https://www.amazon.com/dp/B0CMZJ1J4T?tag=eloabder-20&linkCode=osi&th=1&psc=1"><img src="https://m.media-amazon.com/images/I/410bv8kIM8L._SL500_.jpg" alt="Product Image"></a><p>Jay Franco Bluey & Bingo Toddler Comforter Set - 4 Piece Bed Set Includes Sheet Set & Pillow Covers - Super Soft Clouds & Stars Kids Bedding</p><p> -23% 0FF </p><p>$46.49</p><a href="https://www.amazon.com/dp/B0CMZJ1J4T?tag=eloabder-20&linkCode=osi&th=1&psc=1">View Product</a></div><div class="product"><a href="https://www.amazon.com/dp/B00VQ2RLNA?tag=eloabder-20&linkCode=osi&th=1&psc=1"><img src="https://m.media-amazon.com/images/I/513vvaHOurL._SL500_.jpg" alt="Product Image"></a><p>Burt's Bees Baby Infant Reversible Quilt Blanket, Jersey Knit, Soft, 100% Organic Cotton Blankets, with 100% Polyester Fill for Warm Padding, Size 37 x 46 Inch</p><p> -50% 0FF </p><p>$32.49</p><a href="https://www.amazon.com/dp/B00VQ2RLNA?tag=eloabder-20&linkCode=osi&th=1&psc=1">View Product</a></div><div class="product"><a href="https://www.amazon.com/dp/B01GKZO0U4?tag=eloabder-20&linkCode=osi&th=1&psc=1"><img src="https://m.media-amazon.com/images/I/21lI+ZZ6+3L._SL500_.jpg" alt="Product Image"></a><p>Tadpoles Quilted Toddler Comforter | 40" x 60" | Made of 100% Microfiber Polyester (Shell) & 200 GSM Fiberfill | Soft, Breathable & Durable | Ideal for Toddlers (12-48 Months) | Box Pattern in White</p><p> -12% 0FF </p><p>$21.99</p><a href="https://www.amazon.com/dp/B01GKZO0U4?tag=eloabder-20&linkCode=osi&th=1&psc=1">View Product</a></div><div class="product"><a href="https://www.amazon.com/dp/B0BRKBKSB5?tag=eloabder-20&linkCode=osi&th=1&psc=1"><img src="https://m.media-amazon.com/images/I/313gax4ZutL._SL500_.jpg" alt="Product Image"></a><p>ZPECC Toddler Comforter Blanket - 39" x 53" Down Alternative Crib Duvet Set, Includes Child Quilt, Flat Pillow, Bear Stitching</p><p> -26% 0FF </p><p>$18.49</p><a href="https://www.amazon.com/dp/B0BRKBKSB5?tag=eloabder-20&linkCode=osi&th=1&psc=1">View Product</a></div>
<div class="product"><a href="https://www.amazon.com/dp/B0BZVLW3XY?tag=eloabder-20&linkCode=osi&th=1&psc=1"><img src="https://m.media-amazon.com/images/I/41bnCsnrb2L._SL500_.jpg" alt="Product Image"></a><p>Yoofoss Baby Crib Sheets for Boys Girls, Fitted Crib Sheet 2 Pack for Standard Crib and Toddler Mattress, Super Soft Microfiber Baby Sheet 28x52x8in(Green+Leaf)</p><p> -17% 0FF </p><p>$9.99</p><a href="https://www.amazon.com/dp/B0BZVLW3XY?tag=eloabder-20&linkCode=osi&th=1&psc=1">View Product</a></div><div class="product"><a href="https://www.amazon.com/dp/B086YCZN5H?tag=eloabder-20&linkCode=osi&th=1&psc=1"><img src="https://m.media-amazon.com/images/I/41jKlfbIwGL._SL500_.jpg" alt="Product Image"></a><p>Crib Mattress Protector Sheets Fitted Waterproof Crib Mattress Pad Cover, Noiseless & Machine Wash 100% Absorbent Crib/Toddler Mattress Protector Sheet Quilted, White, 52" x 28"</p><p> -11% 0FF </p><p>$11.98</p><a href="https://www.amazon.com/dp/B086YCZN5H?tag=eloabder-20&linkCode=osi&th=1&psc=1">View Product</a></div><div class="product"><a href="https://www.amazon.com/dp/B0CLL7JPTY?tag=eloabder-20&linkCode=osi&th=1&psc=1"><img src="https://m.media-amazon.com/images/I/41X3AyJQqrL._SL500_.jpg" alt="Product Image"></a><p>PINNKKU 3-Piece Crib Bedding Set for Boy Girls, Includes Crib Skirt, Blanket and Crib Sheet, Crib Baby Bedding, Pintuck Pinch Pleat Pink</p><p> -19% 0FF </p><p>$34.99 ($11.66 / Count)</p><a href="https://www.amazon.com/dp/B0CLL7JPTY?tag=eloabder-20&linkCode=osi&th=1&psc=1">View Product</a></div><div class="product"><a href="https://www.amazon.com/dp/B08G3DCPYM?tag=eloabder-20&linkCode=osi&th=1&psc=1"><img src="https://m.media-amazon.com/images/I/51UmAUm+f-L._SL500_.jpg" alt="Product Image"></a><p>Bedtime Originals Mighty Jungle 3Piece Crib Bedding Set, Multicolor (283003V)</p><p> -27% 0FF </p><p>$49.49</p><a href="https://www.amazon.com/dp/B08G3DCPYM?tag=eloabder-20&linkCode=osi&th=1&psc=1">View Product</a></div><div class="product"><a href="https://www.amazon.com/dp/B0BRWWTS3M?tag=eloabder-20&linkCode=osi&th=1&psc=1"><img src="https://m.media-amazon.com/images/I/51WZGfoIsvL._SL500_.jpg" alt="Product Image"></a><p>The Peanutshell 3 Piece Baby Crib Bedding Set for Girls - Newborn, Infant & Toddler Nursery Bed Set Decor with Fitted Crib Sheet, Dust Ruffle, Crib Comforter - Wildest Dreams</p><p> -10% 0FF </p><p>$44.99</p><a href="https://www.amazon.com/dp/B0BRWWTS3M?tag=eloabder-20&linkCode=osi&th=1&psc=1">View Product</a></div>
<div class="product"><a href="https://www.amazon.com/dp/B010S7VZI0?tag=eloabder-20&linkCode=osi&th=1&psc=1"><img src="https://m.media-amazon.com/images/I/31Ll01T4-sL._SL500_.jpg" alt="Product Image"></a><p>Graco Premium Crib & Toddler Mattress – GREENGUARD Gold Certified & CertiPUR-US Certified, Fits All Standard Crib & Toddler Beds, Waterproof Sleep Surface, Machine-Washable Outer Cover for Easy Care</p><p> -25% 0FF </p><p>$89.99</p><a href="https://www.amazon.com/dp/B010S7VZI0?tag=eloabder-20&linkCode=osi&th=1&psc=1">View Product</a></div><div class="product"><a href="https://www.amazon.com/dp/B0030V4Z02?tag=eloabder-20&linkCode=osi&th=1&psc=1"><img src="https://m.media-amazon.com/images/I/416srazdlsL._SL500_.jpg" alt="Product Image"></a><p>Dream On Me Honeycomb Orthopedic Firm Fiber Standard Baby Crib Mattress, Greenguard Gold and JPMA Certified, 5” Fiber Core Optimum Support, Fits Crib and Toddler Bed, Waterproof Vinyl Cover</p><p> -7% 0FF </p><p>$59.87</p><a href="https://www.amazon.com/dp/B0030V4Z02?tag=eloabder-20&linkCode=osi&th=1&psc=1">View Product</a></div><div class="product"><a href="https://www.amazon.com/dp/B0BLK39GTG?tag=eloabder-20&linkCode=osi&th=1&psc=1"><img src="https://m.media-amazon.com/images/I/41U0AL73RKL._SL500_.jpg" alt="Product Image"></a><p>Letmxiu Premium Dual-Sided Crib & Toddler Mattress,100% Knitted Fabric,Premium Fleece-Hypoallergenic,5" Firm Soft Crib Mattress, Non-Toxic Toddler Bed Mattress Fits Standard Cribs & Toddler Beds</p><p> -14% 0FF </p><p>$59.99</p><a href="https://www.amazon.com/dp/B0BLK39GTG?tag=eloabder-20&linkCode=osi&th=1&psc=1">View Product</a></div><div class="product"><a href="https://www.amazon.com/dp/B0BWDRBYL4?tag=eloabder-20&linkCode=osi&th=1&psc=1"><img src="https://m.media-amazon.com/images/I/41dkngPyPEL._SL500_.jpg" alt="Product Image"></a><p>Tiankehan Premium Dual-Sided Baby Crib Mattress and Toddler Mattress - 52" x 27.6" x 5" - Breathable - Firm Soft - Fits Standard Cribs and Toddler Beds</p><p> -14% 0FF </p><p>$59.98</p><a href="https://www.amazon.com/dp/B0BWDRBYL4?tag=eloabder-20&linkCode=osi&th=1&psc=1">View Product</a></div>
<div class="product"><a href="https://www.amazon.com/dp/B0C7T23J3Y?tag=eloabder-20&linkCode=osi&th=1&psc=1"><img src="https://m.media-amazon.com/images/I/41wcurEQD3L._SL500_.jpg" alt="Product Image"></a><p>The Peanutshell Crib Mobile for Girls - Pink and White Musical Baby Crib Mobile with 12 Lullabies, Forest Baby Mobile Crib Little Forest Nursery Decor</p><p> -16% 0FF </p><p>$37.69</p><a href="https://www.amazon.com/dp/B0C7T23J3Y?tag=eloabder-20&linkCode=osi&th=1&psc=1">View Product</a></div><div class="product"><a href="https://www.amazon.com/dp/B0C7SC34Z3?tag=eloabder-20&linkCode=osi&th=1&psc=1"><img src="https://m.media-amazon.com/images/I/41i+L053hPL._SL500_.jpg" alt="Product Image"></a><p>The Peanutshell Crib Mobile for Boys or Girls - Light and Dark Blue Musical Baby Crib Mobile with 12 Lullabies, Ocean Baby Mobile Crib Nautical Nursery Decor</p><p> -11% 0FF </p><p>$39.99</p><a href="https://www.amazon.com/dp/B0C7SC34Z3?tag=eloabder-20&linkCode=osi&th=1&psc=1">View Product</a></div>
<div class="product"><a href="https://www.amazon.com/dp/B07K594Q7W?tag=eloabder-20&linkCode=osi&th=1&psc=1"><img src="https://m.media-amazon.com/images/I/41chCOFT3fL._SL500_.jpg" alt="Product Image"></a><p>Burt's Bees Baby Print Fitted Crib Sheet Organic Cotton BEESNUG - Hello Moon! Prints, Fits Unisex Standard Bed and Toddler Mattress, Infant Essentials, 52 x 28 Inch 1-Pack</p><p> -34% 0FF </p><p>$13.80</p><a href="https://www.amazon.com/dp/B07K594Q7W?tag=eloabder-20&linkCode=osi&th=1&psc=1">View Product</a></div><div class="product"><a href="https://www.amazon.com/dp/B08HYS8HCQ?tag=eloabder-20&linkCode=osi&th=1&psc=1"><img src="https://m.media-amazon.com/images/I/41OJxVS5clL._SL500_.jpg" alt="Product Image"></a><p>KeaBabies 2-Pack Organic Crib Sheets for Boys, Girls, Jersey Fitted Crib Sheet, Baby Crib Sheets Neutral, Cotton Breathable Crib Sheet, Cute Printed Crib Mattress Sheet, Baby Mattress Sheets(Woodland)</p><p> -27% 0FF </p><p>$21.96</p><a href="https://www.amazon.com/dp/B08HYS8HCQ?tag=eloabder-20&linkCode=osi&th=1&psc=1">View Product</a></div><div class="product"><a href="https://www.amazon.com/dp/B07JBRWPRZ?tag=eloabder-20&linkCode=osi&th=1&psc=1"><img src="https://m.media-amazon.com/images/I/41WkDf7XWaL._SL500_.jpg" alt="Product Image"></a><p>American Baby Company 3 Pack Fitted Mini Crib Sheet 24" x 38", Soft Breathable Neutral 100% Cotton Jersey Portable Sheet, Gray Star/Zigzag, for Boys and Girls, Fits Most Pack N Play Mattresses</p><p> -20% 0FF </p><p>$14.34</p><a href="https://www.amazon.com/dp/B07JBRWPRZ?tag=eloabder-20&linkCode=osi&th=1&psc=1">View Product</a></div><div class="product"><a href="https://www.amazon.com/dp/B0BGWX27FP?tag=eloabder-20&linkCode=osi&th=1&psc=1"><img src="https://m.media-amazon.com/images/I/41tRk-EAY-L._SL500_.jpg" alt="Product Image"></a><p>4-Pack Fitted Crib Sheets for Boys and Girls - Breathable, Soft Microfiber Baby Sheets in Grey, Navy and White</p><p> -9% 0FF </p><p>$19.99 ($5.00 / Count)</p><a href="https://www.amazon.com/dp/B0BGWX27FP?tag=eloabder-20&linkCode=osi&th=1&psc=1">View Product</a></div>
<div class="product"><a href="https://www.amazon.com/dp/B082WW1FCQ?tag=eloabder-20&linkCode=osi&th=1&psc=1"><img src="https://m.media-amazon.com/images/I/416EVH-FKwL._SL500_.jpg" alt="Product Image"></a><p>Crib Bed Skirt 28” x 52” with 14” Drop Pleated Dust Ruffle for Baby Boys Girls Elastic Adjustable Fit Toddler Bedskirt Easy On/Off Soft Nursery Standard Crib Bedding Skirts Solid White Crib Skirt</p><p> -18% 0FF </p><p>$17.99</p><a href="https://www.amazon.com/dp/B082WW1FCQ?tag=eloabder-20&linkCode=osi&th=1&psc=1">View Product</a></div><div class="product"><a href="https://www.amazon.com/dp/B000YFU77W?tag=eloabder-20&linkCode=osi&th=1&psc=1"><img src="https://m.media-amazon.com/images/I/31R9qJzse7L._SL500_.jpg" alt="Product Image"></a><p>American Baby Company 100% Natural Cotton Percale Ruffled Crib Skirt, Cream, 52"L x 28"W + 13.5"</p><p> -33% 0FF </p><p>$16.79</p><a href="https://www.amazon.com/dp/B000YFU77W?tag=eloabder-20&linkCode=osi&th=1&psc=1">View Product</a></div><div class="product"><a href="https://www.amazon.com/dp/B0B5YML25P?tag=eloabder-20&linkCode=osi&th=1&psc=1"><img src="https://m.media-amazon.com/images/I/31DyVARAxlL._SL500_.jpg" alt="Product Image"></a><p>Lush Decor Ruffle Crib Skirt, 16" Drop, White</p><p> -26% 0FF </p><p>$28.19</p><a href="https://www.amazon.com/dp/B0B5YML25P?tag=eloabder-20&linkCode=osi&th=1&psc=1">View Product</a></div>
<div class="product"><a href="https://www.amazon.com/dp/B0D8B4FNHF?tag=eloabder-20&linkCode=osi&th=1&psc=1"><img src="https://m.media-amazon.com/images/I/41gmkYMTEaL._SL500_.jpg" alt="Product Image"></a><p>CHICWAY Baby Patter for Sleep, Baby Sleep Soother, Baby Vibrating Soother 3 Vibration Modes & Intensities Help Baby Sleep, Crib Toy, Crib Accessory, Registry Gift, Shower Gift, Newborn Baby Essentials</p><p> -54% 0FF </p><p>$22.91</p><a href="https://www.amazon.com/dp/B0D8B4FNHF?tag=eloabder-20&linkCode=osi&th=1&psc=1">View Product</a></div><div class="product"><a href="https://www.amazon.com/dp/B009UPUFCY?tag=eloabder-20&linkCode=osi&th=1&psc=1"><img src="https://m.media-amazon.com/images/I/41MuYdMqcXL._SL500_.jpg" alt="Product Image"></a><p>Munchkin® Lulla-Vibe™ Vibrating Mattress Pad Sleep Soother</p><p> -9% 0FF </p><p>$27.25</p><a href="https://www.amazon.com/dp/B009UPUFCY?tag=eloabder-20&linkCode=osi&th=1&psc=1">View Product</a></div>

<div class="product"><a href="https://www.amazon.com/dp/B098TWMRNV?tag=eloabder-20&linkCode=osi&th=1&psc=1"><img src="https://m.media-amazon.com/images/I/51eBNBdbFPL._SL500_.jpg" alt="Product Image"></a><p>PILLANI Baby Diaper Bag Backpack - Baby Bag for Boys & Girls - Diaper Backpack - Large Travel Diaper Bags w/Changing Pad - Baby Registry Search & Shower Gifts Newborn Essentials & Items for Mom, Gray</p><p> -37% 0FF </p><p>$34.99</p><a href="https://www.amazon.com/dp/B098TWMRNV?tag=eloabder-20&linkCode=osi&th=1&psc=1">View Product</a></div><div class="product"><a href="https://www.amazon.com/dp/B07HL6FV5F?tag=eloabder-20&linkCode=osi&th=1&psc=1"><img src="https://m.media-amazon.com/images/I/41CpqR1T2iL._SL500_.jpg" alt="Product Image"></a><p>RUVALINO Diaper Bag Backpack - Multifunction Waterproof Travel Essentials, Maternity Baby Bag with Changing Pad & Stroller D-Ring & Pacifier Case - Baby Registry Search/Items & Shower Gifts - Black</p><p> -51% 0FF </p><p>$43.99</p><a href="https://www.amazon.com/dp/B07HL6FV5F?tag=eloabder-20&linkCode=osi&th=1&psc=1">View Product</a></div><div class="product"><a href="https://www.amazon.com/dp/B0BSKZFV8Z?tag=eloabder-20&linkCode=osi&th=1&psc=1"><img src="https://m.media-amazon.com/images/I/41kJJGd0-KL._SL500_.jpg" alt="Product Image"></a><p>Skip Hop Diaper Bag Backpack: Forma, Multi-Function Baby Travel Bag with Changing Pad & Stroller Attachment, Sage</p><p> -6% 0FF </p><p>$74.49</p><a href="https://www.amazon.com/dp/B0BSKZFV8Z?tag=eloabder-20&linkCode=osi&th=1&psc=1">View Product</a></div>
<div class="product"><a href="https://www.amazon.com/dp/B00569GU18?tag=eloabder-20&linkCode=osi&th=1&psc=1"><img src="https://m.media-amazon.com/images/I/41Zx990UFlL._SL500_.jpg" alt="Product Image"></a><p>Boudreaux's Butt Paste Maximum Strength Diaper Rash Cream, Ointment for Baby, 4 oz Tube</p><p> -12% 0FF </p><p>$7.48 ($1.87 / Ounce)</p><a href="https://www.amazon.com/dp/B00569GU18?tag=eloabder-20&linkCode=osi&th=1&psc=1">View Product</a></div><div class="product"><a href="https://www.amazon.com/dp/B00ZQXT4EY?tag=eloabder-20&linkCode=osi&th=1&psc=1"><img src="https://m.media-amazon.com/images/I/31SXI-cW6IL._SL500_.jpg" alt="Product Image"></a><p>Desitin Maximum Strength Baby Diaper Rash Cream, 40% Zinc Oxide for Treatment, Relief & Prevention, Hypoallergenic, Phthalate- & Paraben-Free Paste, Protects Skin for 12 Hours, 4.8 oz</p><p> -38% 0FF </p><p>$7.33 ($1.53 / Ounce)</p><a href="https://www.amazon.com/dp/B00ZQXT4EY?tag=eloabder-20&linkCode=osi&th=1&psc=1">View Product</a></div><div class="product"><a href="https://www.amazon.com/dp/B082QBB8KQ?tag=eloabder-20&linkCode=osi&th=1&psc=1"><img src="https://m.media-amazon.com/images/I/51vNnfQ6MmL._SL500_.jpg" alt="Product Image"></a><p>Aquaphor Baby Diaper Rash Paste - For Serious Diaper Rash and Flare-ups - 3.5 Oz. Tube</p><p> -5% 0FF </p><p>$7.87 ($2.25 / Ounce)</p><a href="https://www.amazon.com/dp/B082QBB8KQ?tag=eloabder-20&linkCode=osi&th=1&psc=1">View Product</a></div><div class="product"><a href="https://www.amazon.com/dp/B00M0N9J20?tag=eloabder-20&linkCode=osi&th=1&psc=1"><img src="https://m.media-amazon.com/images/I/41t50K+y9yL._SL500_.jpg" alt="Product Image"></a><p>Desitin Daily Defense Baby Diaper Rash Cream with Zinc Oxide to Treat, Relieve & Prevent diaper rash, Hypoallergenic, Dye-, Phthalate- & Paraben-Free, 4 oz</p><p> -42% 0FF </p><p>$5.39 ($1.35 / Ounce)</p><a href="https://www.amazon.com/dp/B00M0N9J20?tag=eloabder-20&linkCode=osi&th=1&psc=1">View Product</a></div><div class="product"><a href="https://www.amazon.com/dp/B00Q2MYU9W?tag=eloabder-20&linkCode=osi&th=1&psc=1"><img src="https://m.media-amazon.com/images/I/51PiNmf+vpL._SL500_.jpg" alt="Product Image"></a><p>Aquaphor Baby Diaper Rash Cream, 3-in-1 Diaper Rash Relief, 3.5 Oz Tube</p><p> -17% 0FF </p><p>$18.69 ($1.78 / Ounce)</p><a href="https://www.amazon.com/dp/B00Q2MYU9W?tag=eloabder-20&linkCode=osi&th=1&psc=1">View Product</a></div><div class="product"><a href="https://www.amazon.com/dp/B0B4PNGXFS?tag=eloabder-20&linkCode=osi&th=1&psc=1"><img src="https://m.media-amazon.com/images/I/51BB218LJpL._SL500_.jpg" alt="Product Image"></a><p>Triple Paste Diaper Rash Cream for Baby - 3 oz Tube - Zinc Oxide Ointment Treats, Soothes and Prevents Diaper Rash - Pediatrician-Recommended Hypoallergenic Formula with Soothing Botanicals</p><p> -25% 0FF </p><p>$8.96 ($2.99 / Ounce)</p><a href="https://www.amazon.com/dp/B0B4PNGXFS?tag=eloabder-20&linkCode=osi&th=1&psc=1">View Product</a></div><div class="product"><a href="https://www.amazon.com/dp/B00KFITCXS?tag=eloabder-20&linkCode=osi&th=1&psc=1"><img src="https://m.media-amazon.com/images/I/41Upagho5nL._SL500_.jpg" alt="Product Image"></a><p>The Honest Company Hypoallergenic Diaper Rash Cream | Moisturizing + Calming Zinc Oxide Ointment | NEA Recognized, Cruelty Free | 2.5 oz</p><p> -7% 0FF </p><p>$10.25 ($4.10 / Ounce)</p><a href="https://www.amazon.com/dp/B00KFITCXS?tag=eloabder-20&linkCode=osi&th=1&psc=1">View Product</a></div><div class="product"><a href="https://www.amazon.com/dp/B000LTJRQ8?tag=eloabder-20&linkCode=osi&th=1&psc=1"><img src="https://m.media-amazon.com/images/I/51z4dtHfCgL._SL500_.jpg" alt="Product Image"></a><p>Triple Paste Diaper Rash Cream for Baby - 8 Oz Tub - Zinc Oxide Ointment Treats, Soothes and Prevents Diaper Rash - Pediatrician-Recommended Hypoallergenic Formula with Soothing Botanicals</p><p> -27% 0FF </p><p>$14.53 ($1.82 / Ounce)</p><a href="https://www.amazon.com/dp/B000LTJRQ8?tag=eloabder-20&linkCode=osi&th=1&psc=1">View Product</a></div><div class="product"><a href="https://www.amazon.com/dp/B00BH0PZBG?tag=eloabder-20&linkCode=osi&th=1&psc=1"><img src="https://m.media-amazon.com/images/I/41nENIiSAHL._SL500_.jpg" alt="Product Image"></a><p>Desitin Maximum Strength Baby Diaper Rash Cream with 40% Zinc Oxide for Treatment, Relief & Prevention, Hypoallergenic, Phthalate- & Paraben-Free Paste, 16 oz</p><p> -31% 0FF </p><p>$18.44 ($1.15 / Ounce)</p><a href="https://www.amazon.com/dp/B00BH0PZBG?tag=eloabder-20&linkCode=osi&th=1&psc=1">View Product</a></div><div class="product"><a href="https://www.amazon.com/dp/B000V3MFUY?tag=eloabder-20&linkCode=osi&th=1&psc=1"><img src="https://m.media-amazon.com/images/I/31To+A+IRQL._SL500_.jpg" alt="Product Image"></a><p>Weleda Baby Calendula Diaper Cream, 2.8 Fluid Ounce, Plant Rich Protection with Calendula, Chamomile, Sweet Almond Oil, Lanolin and Zinc Oxide</p><p> -12% 0FF </p><p>$12.32 ($4.40 / Ounce)</p><a href="https://www.amazon.com/dp/B000V3MFUY?tag=eloabder-20&linkCode=osi&th=1&psc=1">View Product</a></div>
<div class="product"><a href="https://www.amazon.com/dp/B012UFN9T6?tag=eloabder-20&linkCode=osi&th=1&psc=1"><img src="https://m.media-amazon.com/images/I/51SxpJF694L._SL500_.jpg" alt="Product Image"></a><p>Nuby Diaper Disposal Bags for Baby - (6-Pack) 50 Count Disposable Bags - Fresh Baby Powder Scent - Blue</p><p> -10% 0FF </p><p>$16.15</p><a href="https://www.amazon.com/dp/B012UFN9T6?tag=eloabder-20&linkCode=osi&th=1&psc=1">View Product</a></div>
<div class="product"><a href="https://www.amazon.com/dp/B0CPR2N8FD?tag=eloabder-20&linkCode=osi&th=1&psc=1"><img src="https://m.media-amazon.com/images/I/41uXmeS+P5L._SL500_.jpg" alt="Product Image"></a><p>Diaper Genie Select Pail Registry Gift Set (White) | Made of Durable Stainless Steel Metal | Includes 2 Jumbo Refills | Holds 1620 Newborn Diapers</p><p> -20% 0FF </p><p>$59.99</p><a href="https://www.amazon.com/dp/B0CPR2N8FD?tag=eloabder-20&linkCode=osi&th=1&psc=1">View Product</a></div><div class="product"><a href="https://www.amazon.com/dp/B0CNS3R8T7?tag=eloabder-20&linkCode=osi&th=1&psc=1"><img src="https://m.media-amazon.com/images/I/31BIw9M8SwL._SL500_.jpg" alt="Product Image"></a><p>Diaper Genie Classic Pail Includes 1 Starter Square Refill That can Hold up to 165 Newborn-Sized Diapers.</p><p> -20% 0FF </p><p>$23.99</p><a href="https://www.amazon.com/dp/B0CNS3R8T7?tag=eloabder-20&linkCode=osi&th=1&psc=1">View Product</a></div><div class="product"><a href="https://www.amazon.com/dp/B0BWGZ7J7W?tag=eloabder-20&linkCode=osi&th=1&psc=1"><img src="https://m.media-amazon.com/images/I/41pqvAOekFL._SL500_.jpg" alt="Product Image"></a><p>Diaper Genie Signature Gift Set | Includes Easy Roll Refill with 48 Bags | Holds Up to 2256 Newborn Diapers</p><p> -41% 0FF </p><p>$52.79</p><a href="https://www.amazon.com/dp/B0BWGZ7J7W?tag=eloabder-20&linkCode=osi&th=1&psc=1">View Product</a></div><div class="product"><a href="https://www.amazon.com/dp/B00821FLT4?tag=eloabder-20&linkCode=osi&th=1&psc=1"><img src="https://m.media-amazon.com/images/I/21an29pWMkL._SL500_.jpg" alt="Product Image"></a><p>Ubbi Steel Diaper Pail, Odor Locking, No Special Bag Required, Award-Winning, Registry Must-Have, White</p><p> -30% 0FF </p><p>$55.99</p><a href="https://www.amazon.com/dp/B00821FLT4?tag=eloabder-20&linkCode=osi&th=1&psc=1">View Product</a></div><div class="product"><a href="https://www.amazon.com/dp/B0BWGWZ2J4?tag=eloabder-20&linkCode=osi&th=1&psc=1"><img src="https://m.media-amazon.com/images/I/317sppbydxL._SL500_.jpg" alt="Product Image"></a><p>Diaper Genie Signature Pail (Grey) Includes 1 Easy Roll Refill with 18 Bags | Holds Up to 846 Newborn-Sized Diapers Per Refill</p><p> -20% 0FF </p><p>$47.99</p><a href="https://www.amazon.com/dp/B0BWGWZ2J4?tag=eloabder-20&linkCode=osi&th=1&psc=1">View Product</a></div>
<div class="product"><a href="https://www.amazon.com/dp/B0083973FK?tag=eloabder-20&linkCode=osi&th=1&psc=1"><img src="https://m.media-amazon.com/images/I/51c+QHPetfL._SL500_.jpg" alt="Product Image"></a><p>Sposie Booster Pads, Stop Overnight Diaper Leaks, Adhesive-Free for Easy repositioning, Helps Reduce Nighttime Diaper Changes and Diaper Rash, Use with Sizes 4-6, 90 ct.</p><p> -20% 0FF </p><p>$39.99 ($0.44 / Count)</p><a href="https://www.amazon.com/dp/B0083973FK?tag=eloabder-20&linkCode=osi&th=1&psc=1">View Product</a></div><div class="product"><a href="https://www.amazon.com/dp/B07V4MZF2W?tag=eloabder-20&linkCode=osi&th=1&psc=1"><img src="https://m.media-amazon.com/images/I/51u-l608rTL._SL500_.jpg" alt="Product Image"></a><p>Dimples Booster Pads, Baby Diaper Doubler with Adhesive - 1 Size Fits All Diapers - Boosts Diaper Absorbency - No More leaks 90 Count (with Adhesive for Secure Fit)</p><p> -15% 0FF </p><p>$27.99 ($0.31 / Count)</p><a href="https://www.amazon.com/dp/B07V4MZF2W?tag=eloabder-20&linkCode=osi&th=1&psc=1">View Product</a></div><div class="product"><a href="https://www.amazon.com/dp/B0CBQQKMS2?tag=eloabder-20&linkCode=osi&th=1&psc=1"><img src="https://m.media-amazon.com/images/I/51IK5dDp++L._SL500_.jpg" alt="Product Image"></a><p>Inspire Ultra Dimples Diaper Booster Pads | Our Most Absorbent Diaper Inserts Ever | Diaper Pads Inserts Overnight or Daytime | Diaper Liners Turn Any Diaper into Super Overnight Diapers for Babies</p><p> -17% 0FF </p><p>$9.99 ($0.48 / Count)</p><a href="https://www.amazon.com/dp/B0CBQQKMS2?tag=eloabder-20&linkCode=osi&th=1&psc=1">View Product</a></div>
<div class="product"><a href="https://www.amazon.com/dp/B0B5WF7S9F?tag=eloabder-20&linkCode=osi&th=1&psc=1"><img src="https://m.media-amazon.com/images/I/41vB5uYpocL._SL500_.jpg" alt="Product Image"></a><p>Mr. Pen- Baby Diaper Caddy Organizer, Car Caddy, Portable Organizer for Changing Table, Nursery</p><p> -14% 0FF </p><p>$12.85</p><a href="https://www.amazon.com/dp/B0B5WF7S9F?tag=eloabder-20&linkCode=osi&th=1&psc=1">View Product</a></div><div class="product"><a href="https://www.amazon.com/dp/B0734LPFJR?tag=eloabder-20&linkCode=osi&th=1&psc=1"><img src="https://m.media-amazon.com/images/I/51TCskU5lyL._SL500_.jpg" alt="Product Image"></a><p>Lily Miles Baby Diaper Caddy - Large Organizer Tote Bag for Baby essentials Boy or Girl - Baby Shower Basket - Nursery Must Haves - Registry Favorites - Newborn Caddie Car Travel</p><p> -17% 0FF </p><p>$24.95</p><a href="https://www.amazon.com/dp/B0734LPFJR?tag=eloabder-20&linkCode=osi&th=1&psc=1">View Product</a></div><div class="product"><a href="https://www.amazon.com/dp/B0D4LRZW48?tag=eloabder-20&linkCode=osi&th=1&psc=1"><img src="https://m.media-amazon.com/images/I/41NadHwjJlL._SL500_.jpg" alt="Product Image"></a><p>KEETDY Large Diaper Pocket Over the Door Organizer for Nursery, Closet Door Hanging Storage, Baby Organizers and Storage for Newborn Essentials & Diaper Organizer, Beige</p><p> -19% 0FF </p><p>$16.99</p><a href="https://www.amazon.com/dp/B0D4LRZW48?tag=eloabder-20&linkCode=osi&th=1&psc=1">View Product</a></div>
<div class="product"><a href="https://www.amazon.com/dp/B01BDQDIGM?tag=eloabder-20&linkCode=osi&th=1&psc=1"><img src="https://m.media-amazon.com/images/I/41ym1o+HI0L._SL500_.jpg" alt="Product Image"></a><p>Munchkin® STEP™ Diaper Pail Powered by Arm & Hammer, #1 in Odor Control, Award-Winning, Includes 1 Snap, Seal & Toss™ Bag, 1 Starter Refill Ring, and 1 PUCK™ Baking Soda Cartridge</p><p> -19% 0FF </p><p>$59.99</p><a href="https://www.amazon.com/dp/B01BDQDIGM?tag=eloabder-20&linkCode=osi&th=1&psc=1">View Product</a></div><div class="product"><a href="https://www.amazon.com/dp/B0CNS3NMT5?tag=eloabder-20&linkCode=osi&th=1&psc=1"><img src="https://m.media-amazon.com/images/I/41VFasXJE-L._SL500_.jpg" alt="Product Image"></a><p>Diaper Genie Select Pail (Blue) is Made of Durable Stainless Steel and Includes 1 Starter Square Refill That can Hold up to 165 Newborn-Sized Diapers.</p><p> -34% 0FF </p><p>$32.79</p><a href="https://www.amazon.com/dp/B0CNS3NMT5?tag=eloabder-20&linkCode=osi&th=1&psc=1">View Product</a></div><div class="product"><a href="https://www.amazon.com/dp/B000RLQZD8?tag=eloabder-20&linkCode=osi&th=1&psc=1"><img src="https://m.media-amazon.com/images/I/41vuQVcyESL._SL500_.jpg" alt="Product Image"></a><p>Diaper Dekor Plus Hands-Free Diaper Pail | White | Easiest to Use | Just Step–Drop–Done | Doesn’t Absorb Odors | 20 Second Bag Change | Most Economical Refill System | Great for Cloth Diapers</p><p> -9% 0FF </p><p>$49.95</p><a href="https://www.amazon.com/dp/B000RLQZD8?tag=eloabder-20&linkCode=osi&th=1&psc=1">View Product</a></div>
<div class="product"><a href="https://www.amazon.com/dp/B016N3PHBO?tag=eloabder-20&linkCode=osi&th=1&psc=1"><img src="https://m.media-amazon.com/images/I/31X8EAoIwzL._SL500_.jpg" alt="Product Image"></a><p>A+D Zinc Oxide Diaper Rash Treatment Cream, Dimenthicone 1%, Zinc Oxide 10%, Easy Spreading Baby Skin Care, 4 Ounce Tube (Packaging May Vary)</p><p> -9% 0FF </p><p>$5.47 ($0.98 / Ounce)</p><a href="https://www.amazon.com/dp/B016N3PHBO?tag=eloabder-20&linkCode=osi&th=1&psc=1">View Product</a></div>
<div class="product"><a href="https://www.amazon.com/dp/B073V5XZHZ?tag=eloabder-20&linkCode=osi&th=1&psc=1"><img src="https://m.media-amazon.com/images/I/41FJH3vX0xL._SL500_.jpg" alt="Product Image"></a><p>hiccapop Hanging Diaper Organizer for Changing Table, Cribs and Walls, Diaper Stacker and Nursery Organizer | Hanging Storage Caddy Organizer for Baby Essentials |</p><p> -14% 0FF </p><p>$29.92</p><a href="https://www.amazon.com/dp/B073V5XZHZ?tag=eloabder-20&linkCode=osi&th=1&psc=1">View Product</a></div>

<div class="product"><a href="https://www.amazon.com/dp/B07MB5PZBF?tag=eloabder-20&linkCode=osi&th=1&psc=1"><img src="https://m.media-amazon.com/images/I/51JYyHL1KML._SL500_.jpg" alt="Product Image"></a><p>Huggies Size 1 Diapers, Little Snugglers Newborn Diapers, Size 1 (8-14 lbs), 32 Count</p><p> -19% 0FF </p><p>$9.94 ($0.31 / Count)</p><a href="https://www.amazon.com/dp/B07MB5PZBF?tag=eloabder-20&linkCode=osi&th=1&psc=1">View Product</a></div><div class="product"><a href="https://www.amazon.com/dp/B07T4WQRNJ?tag=eloabder-20&linkCode=osi&th=1&psc=1"><img src="https://m.media-amazon.com/images/I/41yeY7iBMEL._SL500_.jpg" alt="Product Image"></a><p>Amazon Brand - Mama Bear Gentle Touch Diapers, Hypoallergenic, Size 5, 33 Count, White</p><p> -9% 0FF </p><p>$11.61</p><a href="https://www.amazon.com/dp/B07T4WQRNJ?tag=eloabder-20&linkCode=osi&th=1&psc=1">View Product</a></div><div class="product"><a href="https://www.amazon.com/dp/B0CKV3GLS2?tag=eloabder-20&linkCode=osi&th=1&psc=1"><img src="https://m.media-amazon.com/images/I/51zE6kc5RWL._SL500_.jpg" alt="Product Image"></a><p>The Honest Company Clean Conscious Diapers | Plant-Based, Sustainable | Young at Heart + Rose Blossom | Club Box, Size 2 (12-18 lbs), 72 Count</p><p> -15% 0FF </p><p>$25.49 ($0.35 / Count)</p><a href="https://www.amazon.com/dp/B0CKV3GLS2?tag=eloabder-20&linkCode=osi&th=1&psc=1">View Product</a></div><div class="product"><a href="https://www.amazon.com/dp/B0CHGJ4YVM?tag=eloabder-20&linkCode=osi&th=1&psc=1"><img src="https://m.media-amazon.com/images/I/51eBhAfAr+L._SL500_.jpg" alt="Product Image"></a><p>Huggies Size 1 Diapers, Skin Essentials Baby Diapers, Size 1 (8-14 lbs), 32 Count</p><p> -19% 0FF </p><p>$9.94 ($0.31 / Count)</p><a href="https://www.amazon.com/dp/B0CHGJ4YVM?tag=eloabder-20&linkCode=osi&th=1&psc=1">View Product</a></div>
<div class="product"><a href="https://www.amazon.com/dp/B005OSHTXO?tag=eloabder-20&linkCode=osi&th=1&psc=1"><img src="https://m.media-amazon.com/images/I/41MQMmwwDUL._SL500_.jpg" alt="Product Image"></a><p>Badger Basket Modern Baby Changing Table with Laundry Hamper, 3 Storage Drawers and Pad, Diaper Change Station - Espresso/Ecru</p><p> -35% 0FF </p><p>$122.99</p><a href="https://www.amazon.com/dp/B005OSHTXO?tag=eloabder-20&linkCode=osi&th=1&psc=1">View Product</a></div><div class="product"><a href="https://www.amazon.com/dp/B0C84T1L1F?tag=eloabder-20&linkCode=osi&th=1&psc=1"><img src="https://m.media-amazon.com/images/I/31VUJhNc2fL._SL500_.jpg" alt="Product Image"></a><p>Portable Baby Changing Table with 2 Storage Baskets, BabyBond Foldable Changing Table Dresser Waterproof Diaper Changing Table Height Adjustable Changing Station for Infant and Newborn(Beige)</p><p> -10% 0FF </p><p>$143.99</p><a href="https://www.amazon.com/dp/B0C84T1L1F?tag=eloabder-20&linkCode=osi&th=1&psc=1">View Product</a></div><div class="product"><a href="https://www.amazon.com/dp/B002ACCC52?tag=eloabder-20&linkCode=osi&th=1&psc=1"><img src="https://m.media-amazon.com/images/I/415B3nyWlOS._SL500_.jpg" alt="Product Image"></a><p>Delta Children Eclipse Changing Table with Changing Pad, Black Cherry</p><p> -24% 0FF </p><p>$106.98</p><a href="https://www.amazon.com/dp/B002ACCC52?tag=eloabder-20&linkCode=osi&th=1&psc=1">View Product</a></div>
<div class="product"><a href="https://www.amazon.com/dp/B01AZ20SSQ?tag=eloabder-20&linkCode=osi&th=1&psc=1"><img src="https://m.media-amazon.com/images/I/51gIZq6E8lL._SL500_.jpg" alt="Product Image"></a><p>Baby Trend Sit N' Stand Double Stroller, Onyx</p><p> -30% 0FF </p><p>$139.99</p><a href="https://www.amazon.com/dp/B01AZ20SSQ?tag=eloabder-20&linkCode=osi&th=1&psc=1">View Product</a></div><div class="product"><a href="https://www.amazon.com/dp/B07B7QC8DV?tag=eloabder-20&linkCode=osi&th=1&psc=1"><img src="https://m.media-amazon.com/images/I/41bHbNU6jhL._SL500_.jpg" alt="Product Image"></a><p>Jeep Destination Ultralight Side x Side Double Stroller, Midnight</p><p> -15% 0FF </p><p>$254.00</p><a href="https://www.amazon.com/dp/B07B7QC8DV?tag=eloabder-20&linkCode=osi&th=1&psc=1">View Product</a></div><div class="product"><a href="https://www.amazon.com/dp/B00GJIXW2K?tag=eloabder-20&linkCode=osi&th=1&psc=1"><img src="https://m.media-amazon.com/images/I/518kAj+pzjL._SL500_.jpg" alt="Product Image"></a><p>Delta Children LX Side by Side Stroller - with Recline, Storage & Compact Fold, Grey</p><p> -33% 0FF </p><p>$74.00</p><a href="https://www.amazon.com/dp/B00GJIXW2K?tag=eloabder-20&linkCode=osi&th=1&psc=1">View Product</a></div><div class="product"><a href="https://www.amazon.com/dp/B01L7C479Y?tag=eloabder-20&linkCode=osi&th=1&psc=1"><img src="https://m.media-amazon.com/images/I/51QBKRK7LwL._SL500_.jpg" alt="Product Image"></a><p>Jeep Scout Double Stroller, Charcoal Galaxy</p><p> -8% 0FF </p><p>$109.99</p><a href="https://www.amazon.com/dp/B01L7C479Y?tag=eloabder-20&linkCode=osi&th=1&psc=1">View Product</a></div><div class="product"><a href="https://www.amazon.com/dp/B07BVMSHTZ?tag=eloabder-20&linkCode=osi&th=1&psc=1"><img src="https://m.media-amazon.com/images/I/41arpDdiGJL._SL500_.jpg" alt="Product Image"></a><p>Baby Trend Expedition Double Jogger Stroller, Griffin</p><p> -12% 0FF </p><p>$219.99</p><a href="https://www.amazon.com/dp/B07BVMSHTZ?tag=eloabder-20&linkCode=osi&th=1&psc=1">View Product</a></div><div class="product"><a href="https://www.amazon.com/dp/B095JMDHG1?tag=eloabder-20&linkCode=osi&th=1&psc=1"><img src="https://m.media-amazon.com/images/I/41RzxXFC3zL._SL500_.jpg" alt="Product Image"></a><p>Summer Infant 3Dlite Folding Lightweight Side by Side Double Stroller with 5-Point Safety Harness for Infants and Toddlers, Black</p><p> -10% 0FF </p><p>$143.99</p><a href="https://www.amazon.com/dp/B095JMDHG1?tag=eloabder-20&linkCode=osi&th=1&psc=1">View Product</a></div>
<div class="product"><a href="https://www.amazon.com/dp/B08SQ88X9F?tag=eloabder-20&linkCode=osi&th=1&psc=1"><img src="https://m.media-amazon.com/images/I/614bujHCtPL._SL500_.jpg" alt="Product Image"></a><p>One Fire Night Light for Kids, 96 Lighting Modes Star Projector 360° Rotating+6 Films Kids Night Light Projector,Rechargeable Baby Night Light Ceiling Projector for Bedroom,Kids Gifts&Kids Room Decor</p><p> -29% 0FF </p><p>$14.98</p><a href="https://www.amazon.com/dp/B08SQ88X9F?tag=eloabder-20&linkCode=osi&th=1&psc=1">View Product</a></div><div class="product"><a href="https://www.amazon.com/dp/B07NZN2ZYN?tag=eloabder-20&linkCode=osi&th=1&psc=1"><img src="https://m.media-amazon.com/images/I/51PBHAO+ngL._SL500_.jpg" alt="Product Image"></a><p>Night Light for Kids,Unicorn Night Light Star Projector Gifts for Kids Toddlers,Night Lights Projector for Baby,Unicorn Lamp Ceiling Lights for Girls Bedroom,Night Light for Kids Bedroom(Light Pink)</p><p> -25% 0FF </p><p>$14.99</p><a href="https://www.amazon.com/dp/B07NZN2ZYN?tag=eloabder-20&linkCode=osi&th=1&psc=1">View Product</a></div><div class="product"><a href="https://www.amazon.com/dp/B01LQX0BXA?tag=eloabder-20&linkCode=osi&th=1&psc=1"><img src="https://m.media-amazon.com/images/I/41BcHezl7XL._SL500_.jpg" alt="Product Image"></a><p>Emotionlite Plug in Night Light, Warm White LED Nightlights, Dusk to Dawn Sensor, Kids, Nursery, Bedroom, Bathroom,Hallway, Stairs, Kitchen, UL Listed, 4 Pack</p><p> -17% 0FF </p><p>$9.99 ($2.50 / Count)</p><a href="https://www.amazon.com/dp/B01LQX0BXA?tag=eloabder-20&linkCode=osi&th=1&psc=1">View Product</a></div><div class="product"><a href="https://www.amazon.com/dp/B07H71NHYM?tag=eloabder-20&linkCode=osi&th=1&psc=1"><img src="https://m.media-amazon.com/images/I/412t0Nzaz2L._SL500_.jpg" alt="Product Image"></a><p>2 Pack Sensor LED Night Lights, Color Changing Plug-in Led Mushroom Dream Bed Lamp for Kids Children Adults, Dusk to Dawn Sensor Auto On/Off, Funny Wall Decor Gifts for Nursery Baby Bed Flower Lamp</p><p> -20% 0FF </p><p>$7.99 ($4.00 / Count)</p><a href="https://www.amazon.com/dp/B07H71NHYM?tag=eloabder-20&linkCode=osi&th=1&psc=1">View Product</a></div>
<div class="product"><a href="https://www.amazon.com/dp/B07N1JP56L?tag=eloabder-20&linkCode=osi&th=1&psc=1"><img src="https://m.media-amazon.com/images/I/31R-qSPlk8L._SL500_.jpg" alt="Product Image"></a><p>Fisher-Price Baby Toy Soothe 'n Snuggle Otter Portable Plush Sound Machine with Music Lights & Breathing Motion for Newborns 0+ Months</p><p> -14% 0FF </p><p>$36.99</p><a href="https://www.amazon.com/dp/B07N1JP56L?tag=eloabder-20&linkCode=osi&th=1&psc=1">View Product</a></div><div class="product"><a href="https://www.amazon.com/dp/B006YBHE6M?tag=eloabder-20&linkCode=osi&th=1&psc=1"><img src="https://m.media-amazon.com/images/I/51xjlvsIJlL._SL500_.jpg" alt="Product Image"></a><p>Baby Einstein Sea Dreams Soother, Crib Mount</p><p> -15% 0FF </p><p>$53.99</p><a href="https://www.amazon.com/dp/B006YBHE6M?tag=eloabder-20&linkCode=osi&th=1&psc=1">View Product</a></div><div class="product"><a href="https://www.amazon.com/dp/B075LRC7Z4?tag=eloabder-20&linkCode=osi&th=1&psc=1"><img src="https://m.media-amazon.com/images/I/51n2YwyhfIL._SL500_.jpg" alt="Product Image"></a><p>Soft Dreams Elephant Music and Glow Soother, Grey/Mint</p><p> -17% 0FF </p><p>$19.99</p><a href="https://www.amazon.com/dp/B075LRC7Z4?tag=eloabder-20&linkCode=osi&th=1&psc=1">View Product</a></div><div class="product"><a href="https://www.amazon.com/dp/B0C98SMC3J?tag=eloabder-20&linkCode=osi&th=1&psc=1"><img src="https://m.media-amazon.com/images/I/41FqmVxcrYL._SL500_.jpg" alt="Product Image"></a><p>Baby Sleep Soother Pillow Pets Dream Lites Dinosaur Projector Plush Toys for Boys Girls Baby Sound Machine Stuffed Animal Machine Pillow Ceiling Toys for Toddler</p><p> -17% 0FF </p><p>$19.99</p><a href="https://www.amazon.com/dp/B0C98SMC3J?tag=eloabder-20&linkCode=osi&th=1&psc=1">View Product</a></div>
<div class="product"><a href="https://www.amazon.com/dp/B01HP0JU2G?tag=eloabder-20&linkCode=osi&th=1&psc=1"><img src="https://m.media-amazon.com/images/I/51VRUtudnyL._SL500_.jpg" alt="Product Image"></a><p>Braun ThermoScan 5 Ear Thermometer</p><p> -11% 0FF </p><p>$31.00</p><a href="https://www.amazon.com/dp/B01HP0JU2G?tag=eloabder-20&linkCode=osi&th=1&psc=1">View Product</a></div><div class="product"><a href="https://www.amazon.com/dp/B07YYMBVVC?tag=eloabder-20&linkCode=osi&th=1&psc=1"><img src="https://m.media-amazon.com/images/I/41eqvQ9sQ-L._SL500_.jpg" alt="Product Image"></a><p>Alcedo Forehead and Ear Thermometer for Adults, Kids, and Baby | Digital Infrared Thermometer for Fever | Touchless, Instant Read, Medical Grade | Pouch and Batteries Included</p><p> -17% 0FF </p><p>$24.95</p><a href="https://www.amazon.com/dp/B07YYMBVVC?tag=eloabder-20&linkCode=osi&th=1&psc=1">View Product</a></div>
<div class="product"><a href="https://www.amazon.com/dp/B077QBJNVM?tag=eloabder-20&linkCode=osi&th=1&psc=1"><img src="https://m.media-amazon.com/images/I/41Rrkn2-CKL._SL500_.jpg" alt="Product Image"></a><p>Baby Nail Trimmer 21 in 1, with Labeled case, Includes 13 Extra Replacement Tools, Royal Angels Baby Electric Nail Kit, Baby Nail Care, Nail File Newborn Toddler Toes & Fingernails Clipper (Blue)</p><p> -49% 0FF </p><p>$15.19</p><a href="https://www.amazon.com/dp/B077QBJNVM?tag=eloabder-20&linkCode=osi&th=1&psc=1">View Product</a></div><div class="product"><a href="https://www.amazon.com/dp/B0CL4G33BX?tag=eloabder-20&linkCode=osi&th=1&psc=1"><img src="https://m.media-amazon.com/images/I/41ciCj+3ozL._SL500_.jpg" alt="Product Image"></a><p>Momcozy Baby Nail File Electric, Gentle Baby Nail Trimmer Electric Rechargeable, Baby Nail Clipper Electric, 7 Grinding Head Replacement Pads</p><p> -17% 0FF </p><p>$24.99</p><a href="https://www.amazon.com/dp/B0CL4G33BX?tag=eloabder-20&linkCode=osi&th=1&psc=1">View Product</a></div><div class="product"><a href="https://www.amazon.com/dp/B07B2C8DJD?tag=eloabder-20&linkCode=osi&th=1&psc=1"><img src="https://m.media-amazon.com/images/I/41fgXtsyDWL._SL500_.jpg" alt="Product Image"></a><p>Baby Nail Trimmer Electric Nail File Baby Nail Clippers, Safe Nail Filer Grinder Kit for Newborn Infant Toddler Kids or Adults Toes Fingernails Care Trim Polish, with Led Light and 10 Grinding Heads</p><p> -8% 0FF </p><p>$14.99</p><a href="https://www.amazon.com/dp/B07B2C8DJD?tag=eloabder-20&linkCode=osi&th=1&psc=1">View Product</a></div><div class="product"><a href="https://www.amazon.com/dp/B0D6R6ZPPF?tag=eloabder-20&linkCode=osi&th=1&psc=1"><img src="https://m.media-amazon.com/images/I/41f5Kh-OjGL._SL500_.jpg" alt="Product Image"></a><p>Electric Baby Nail Clippers - 3 in 1 Fingernail Trimmer, Polisher & Clip Storage with Led, USB Rechargeable & 2 Speeds for Baby, Kids, Adult, Seniors, Caregivers</p><p> -15% 0FF </p><p>$23.58</p><a href="https://www.amazon.com/dp/B0D6R6ZPPF?tag=eloabder-20&linkCode=osi&th=1&psc=1">View Product</a></div>
<div class="product"><a href="https://www.amazon.com/dp/B07WY1PGQC?tag=eloabder-20&linkCode=osi&th=1&psc=1"><img src="https://m.media-amazon.com/images/I/414iv2EhSgL._SL500_.jpg" alt="Product Image"></a><p>Dr. Brown's Natural Flow Anti-Colic Options+ Narrow Glass Baby Bottle 8 oz/250 mL, with Level 1 Slow Flow Nipple, 2 Pack, 0m+</p><p> -6% 0FF </p><p>$15.98</p><a href="https://www.amazon.com/dp/B07WY1PGQC?tag=eloabder-20&linkCode=osi&th=1&psc=1">View Product</a></div><div class="product"><a href="https://www.amazon.com/dp/B000WPVCQE?tag=eloabder-20&linkCode=osi&th=1&psc=1"><img src="https://m.media-amazon.com/images/I/41sXQF4JFtL._SL500_.jpg" alt="Product Image"></a><p>Medela Slow Flow Feeding & Storage Bottles, 3 Pack of 5 Ounce Bottle with Nipple, Lids, Wide Base Collars, and Travel Caps, Made Without BPA</p><p> -37% 0FF </p><p>$14.98</p><a href="https://www.amazon.com/dp/B000WPVCQE?tag=eloabder-20&linkCode=osi&th=1&psc=1">View Product</a></div><div class="product"><a href="https://www.amazon.com/dp/B08XNYS46K?tag=eloabder-20&linkCode=osi&th=1&psc=1"><img src="https://m.media-amazon.com/images/I/31bCTm8z+KL._SL500_.jpg" alt="Product Image"></a><p>Sassy 2pk Baby Food Nursers- 3 Nipples, Multi</p><p> -15% 0FF </p><p>$11.04</p><a href="https://www.amazon.com/dp/B08XNYS46K?tag=eloabder-20&linkCode=osi&th=1&psc=1">View Product</a></div>
<div class="product"><a href="https://www.amazon.com/dp/B004RIBVTK?tag=eloabder-20&linkCode=osi&th=1&psc=1"><img src="https://m.media-amazon.com/images/I/41qLfV5gyYL._SL500_.jpg" alt="Product Image"></a><p>First Aid Only 12-110 Alcohol Wipes, Individually Wrapped, 100 Per Box</p><p> -9% 0FF </p><p>$5.29 ($0.05 / Count)</p><a href="https://www.amazon.com/dp/B004RIBVTK?tag=eloabder-20&linkCode=osi&th=1&psc=1">View Product</a></div><div class="product"><a href="https://www.amazon.com/dp/B09YN8K3TH?tag=eloabder-20&linkCode=osi&th=1&psc=1"><img src="https://m.media-amazon.com/images/I/51uaWltWJiL._SL500_.jpg" alt="Product Image"></a><p>Baby Healthcare and Grooming Kit, Portable Baby Safety Care Set, Baby Essentials kit for Newborn (Blue 26 in 1)</p><p> -6% 0FF </p><p>$16.99</p><a href="https://www.amazon.com/dp/B09YN8K3TH?tag=eloabder-20&linkCode=osi&th=1&psc=1">View Product</a></div><div class="product"><a href="https://www.amazon.com/dp/B09FFT9BL2?tag=eloabder-20&linkCode=osi&th=1&psc=1"><img src="https://m.media-amazon.com/images/I/51mTQI4FDBL._SL500_.jpg" alt="Product Image"></a><p>Smart Care Fisher-Price 6-Piece Baby Healthcare Kit, Newborn Essentials, Baby Gift Set, Includes Medicine Dispensers, Aspirator, Baby Nail Clippers, Baby Thermometer</p><p> -23% 0FF </p><p>$10.73</p><a href="https://www.amazon.com/dp/B09FFT9BL2?tag=eloabder-20&linkCode=osi&th=1&psc=1">View Product</a></div>

<div class="product"><a href="https://www.amazon.com/dp/B07GTMWP8R?tag=eloabder-20&linkCode=osi&th=1&psc=1"><img src="https://m.media-amazon.com/images/I/412oB-MFGOL._SL500_.jpg" alt="Product Image"></a><p>Matyz Versatile Baby Food Maker Set - Toddler Food Mills with Mash Bowl, Hand Masher, Citrus Juicer, Grater - Making Homemade Baby Food - Fruits and Vegetables Masher - No BPA (Yellow)</p><p> -36% 0FF </p><p>$15.99</p><a href="https://www.amazon.com/dp/B07GTMWP8R?tag=eloabder-20&linkCode=osi&th=1&psc=1">View Product</a></div><div class="product"><a href="https://www.amazon.com/dp/B00FWSQ55E?tag=eloabder-20&linkCode=osi&th=1&psc=1"><img src="https://m.media-amazon.com/images/I/316TAIMF4qL._SL500_.jpg" alt="Product Image"></a><p>NUK Fresh Foods Masher & Bowl, colour pistachio</p><p> -10% 0FF </p><p>$17.99</p><a href="https://www.amazon.com/dp/B00FWSQ55E?tag=eloabder-20&linkCode=osi&th=1&psc=1">View Product</a></div>
<div class="product"><a href="https://www.amazon.com/dp/B07MYW28QR?tag=eloabder-20&linkCode=osi&th=1&psc=1"><img src="https://m.media-amazon.com/images/I/315j5b08H9L._SL500_.jpg" alt="Product Image"></a><p>Baby Brezza New and Improved Formula Pro Advanced Formula Dispenser Machine - Automatically Mix a Warm Formula Bottle Instantly - Easily Make Bottle with Automatic Powder Blending, White</p><p> -20% 0FF </p><p>$184.99</p><a href="https://www.amazon.com/dp/B07MYW28QR?tag=eloabder-20&linkCode=osi&th=1&psc=1">View Product</a></div>
<div class="product"><a href="https://www.amazon.com/dp/B0B2KVK1QS?tag=eloabder-20&linkCode=osi&th=1&psc=1"><img src="https://m.media-amazon.com/images/I/31JCp0AmlBL._SL500_.jpg" alt="Product Image"></a><p>Dr. Brown's Baby Formula Mixing Pitcher with Adjustable Stopper, Locking Lid, & No Drip Spout, 32oz, BPA Free, Teal</p><p> -9% 0FF </p><p>$9.97</p><a href="https://www.amazon.com/dp/B0B2KVK1QS?tag=eloabder-20&linkCode=osi&th=1&psc=1">View Product</a></div><div class="product"><a href="https://www.amazon.com/dp/B0CM5J4JWT?tag=eloabder-20&linkCode=osi&th=1&psc=1"><img src="https://m.media-amazon.com/images/I/31VSt6TaXAL._SL500_.jpg" alt="Product Image"></a><p>Electric Baby Formula Mixing Pitcher, NehNeh Baby Bi-directional Alternating Stirring Mixer | No Air Bubble | No Clumps | No Drip Spout | Locking Lid | Fridge Storage 36oz, BPA Free -Green</p><p> -27% 0FF </p><p>$21.99</p><a href="https://www.amazon.com/dp/B0CM5J4JWT?tag=eloabder-20&linkCode=osi&th=1&psc=1">View Product</a></div><div class="product"><a href="https://www.amazon.com/dp/B0D1C9D91Q?tag=eloabder-20&linkCode=osi&th=1&psc=1"><img src="https://m.media-amazon.com/images/I/41MGIga8RYL._SL500_.jpg" alt="Product Image"></a><p>Electric Bottle Brush Cleaner Baby, Silicone Electric Baby Bottle Brush Set with Nipple Brush/Baby Formula Mixer USB Rechargeable & 2 Mode 360° Spinning Cleaner. Essential Feeding Supplies for Moms</p><p> -24% 0FF </p><p>$21.99</p><a href="https://www.amazon.com/dp/B0D1C9D91Q?tag=eloabder-20&linkCode=osi&th=1&psc=1">View Product</a></div>
<div class="product"><a href="https://www.amazon.com/dp/B0823FX2SL?tag=eloabder-20&linkCode=osi&th=1&psc=1"><img src="https://m.media-amazon.com/images/I/41i+ptDBdcL._SL500_.jpg" alt="Product Image"></a><p>Frida Baby Grooming Kit | Baby Essentials Gift Set Includes Finger Brush with Storage Stand, Hair Brush with Case, Styling Hair Comb, Easy Grip Nail Scissors with Nail File and Case</p><p> -39% 0FF </p><p>$15.26</p><a href="https://www.amazon.com/dp/B0823FX2SL?tag=eloabder-20&linkCode=osi&th=1&psc=1">View Product</a></div><div class="product"><a href="https://www.amazon.com/dp/B08PFCJWLF?tag=eloabder-20&linkCode=osi&th=1&psc=1"><img src="https://m.media-amazon.com/images/I/41ugdN8QcEL._SL500_.jpg" alt="Product Image"></a><p>OTTOLIVES Baby Healthcare and Grooming Kit, 24 in 1 Baby Electric Nail Trimmer Set Newborn Nursery Health Care Set for Newborn Infant Toddlers Baby Boys Girls Kids Haircut Tools (0-3 Years+) (Pink)</p><p> -17% 0FF </p><p>$24.99</p><a href="https://www.amazon.com/dp/B08PFCJWLF?tag=eloabder-20&linkCode=osi&th=1&psc=1">View Product</a></div>
<div class="product"><a href="https://www.amazon.com/dp/B074W7SKZ2?tag=eloabder-20&linkCode=osi&th=1&psc=1"><img src="https://m.media-amazon.com/images/I/31KOO0YFRdL._SL500_.jpg" alt="Product Image"></a><p>Mibote Baby Growth Height Chart Handing Ruler Wall Decor for Kids, Canvas Removable Height Growth Chart 79" x 7.9" (Black & White)</p><p> -18% 0FF </p><p>$7.99</p><a href="https://www.amazon.com/dp/B074W7SKZ2?tag=eloabder-20&linkCode=osi&th=1&psc=1">View Product</a></div><div class="product"><a href="https://www.amazon.com/dp/B073V6JFZ1?tag=eloabder-20&linkCode=osi&th=1&psc=1"><img src="https://m.media-amazon.com/images/I/31Fr48bMYdL._SL500_.jpg" alt="Product Image"></a><p>Kate and Laurel Growth Chart 6.5' Wood Wall Ruler, Rustic Brown</p><p> -12% 0FF </p><p>$52.99</p><a href="https://www.amazon.com/dp/B073V6JFZ1?tag=eloabder-20&linkCode=osi&th=1&psc=1">View Product</a></div><div class="product"><a href="https://www.amazon.com/dp/B08PTVQ1W5?tag=eloabder-20&linkCode=osi&th=1&psc=1"><img src="https://m.media-amazon.com/images/I/31m1GJZxGtS._SL500_.jpg" alt="Product Image"></a><p>PandaEar Baby Height Growth Chart Ruler| Kids Boys Girls | Removable Wall Decor Measurement 79" x 7.9" (White)</p><p> -16% 0FF </p><p>$7.59</p><a href="https://www.amazon.com/dp/B08PTVQ1W5?tag=eloabder-20&linkCode=osi&th=1&psc=1">View Product</a></div><div class="product"><a href="https://www.amazon.com/dp/B08TVT93RY?tag=eloabder-20&linkCode=osi&th=1&psc=1"><img src="https://m.media-amazon.com/images/I/41kME5mTgKL._SL500_.jpg" alt="Product Image"></a><p>SUJAYU Growth Chart for Kids, Canvas Height Chart Ruler Removable Wood Hanging Wall Ruler Measurement Chart for Home Decoration (White)</p><p> -13% 0FF </p><p>$6.99</p><a href="https://www.amazon.com/dp/B08TVT93RY?tag=eloabder-20&linkCode=osi&th=1&psc=1">View Product</a></div><div class="product"><a href="https://www.amazon.com/dp/B0D2N5HN9K?tag=eloabder-20&linkCode=osi&th=1&psc=1"><img src="https://m.media-amazon.com/images/I/41rYpem0a5L._SL500_.jpg" alt="Product Image"></a><p>Growth Chart for Wall Wooden Height Chart for Kids Unicorn Castle Height Measurement for Wall Kids Height Wall Chart Kids Room Nursery Wall Decor</p><p> -19% 0FF </p><p>$21.99</p><a href="https://www.amazon.com/dp/B0D2N5HN9K?tag=eloabder-20&linkCode=osi&th=1&psc=1">View Product</a></div>
<div class="product"><a href="https://www.amazon.com/dp/B01N1PTHED?tag=eloabder-20&linkCode=osi&th=1&psc=1"><img src="https://m.media-amazon.com/images/I/31l11tL5deL._SL500_.jpg" alt="Product Image"></a><p>Natemia Baby Hair Brush - Soft Bristle Hair Brush Baby, Baby Registry Gift, Soft Baby Brush, Toddler Hair Brush for Boys & Girls, Newborn Baby Essentials, Newborn Hair Brush, Baby Wooden Brush</p><p> -28% 0FF </p><p>$12.94</p><a href="https://www.amazon.com/dp/B01N1PTHED?tag=eloabder-20&linkCode=osi&th=1&psc=1">View Product</a></div><div class="product"><a href="https://www.amazon.com/dp/B07V6VN1V8?tag=eloabder-20&linkCode=osi&th=1&psc=1"><img src="https://m.media-amazon.com/images/I/415TTdnE6ZL._SL500_.jpg" alt="Product Image"></a><p>Baby Hair Brush - Baby Brush with Soft Goat Bristles, Cradle Cap Brush, Perfect Scalp Grooming Product for Infant, Toddler, Kids, Newborns, Baby Girls, Boys (Walnut, Oval)</p><p> -32% 0FF </p><p>$12.96</p><a href="https://www.amazon.com/dp/B07V6VN1V8?tag=eloabder-20&linkCode=osi&th=1&psc=1">View Product</a></div><div class="product"><a href="https://www.amazon.com/dp/B07XPS253G?tag=eloabder-20&linkCode=osi&th=1&psc=1"><img src="https://m.media-amazon.com/images/I/41Yb4VpbnkS._SL500_.jpg" alt="Product Image"></a><p>Molylove Baby Hair Brush, Wooden Goat Bristles Hair Brush for Newborns & Toddlers, Ideal for Cradle Cap, Perfect Baby Registry Gift, Hypoallergenic, 1 Count</p><p> -33% 0FF </p><p>$5.99</p><a href="https://www.amazon.com/dp/B07XPS253G?tag=eloabder-20&linkCode=osi&th=1&psc=1">View Product</a></div><div class="product"><a href="https://www.amazon.com/dp/B0D68KKVN2?tag=eloabder-20&linkCode=osi&th=1&psc=1"><img src="https://m.media-amazon.com/images/I/41M35gnwy-L._SL500_.jpg" alt="Product Image"></a><p>ROMY RO Soft Wooden Baby Hair Brush for Newborns & Toddlers in Chic Gift Box - Ultra Soft Natural Goat Hair - Perfect Registry Gift (Goat hair brush - Oval)</p><p> -48% 0FF </p><p>$12.94</p><a href="https://www.amazon.com/dp/B0D68KKVN2?tag=eloabder-20&linkCode=osi&th=1&psc=1">View Product</a></div>
<div class="product"><a href="https://www.amazon.com/dp/B08BPD2RHF?tag=eloabder-20&linkCode=osi&th=1&psc=1"><img src="https://m.media-amazon.com/images/I/41lSftNLw1L._SL500_.jpg" alt="Product Image"></a><p>Yoocaa Car Headrest Pillow, Road Pal Headrest, Adjustable Car Seat Head Neck Support, U Shaped Car Sleeping Pillow for Kids & Adults, Only Suitable for Car Seat Headrest with Poles, Black</p><p> -9% 0FF </p><p>$29.99</p><a href="https://www.amazon.com/dp/B08BPD2RHF?tag=eloabder-20&linkCode=osi&th=1&psc=1">View Product</a></div><div class="product"><a href="https://www.amazon.com/dp/B07LF8G768?tag=eloabder-20&linkCode=osi&th=1&psc=1"><img src="https://m.media-amazon.com/images/I/21e1Tt6BFrL._SL500_.jpg" alt="Product Image"></a><p>Car Head Support Toddle Car Neck Relief Baby Child Car Seat Adjustable Head and Neck Support Band - A Comfortable Sleep Solution (Gray)</p><p> -13% 0FF </p><p>$12.99</p><a href="https://www.amazon.com/dp/B07LF8G768?tag=eloabder-20&linkCode=osi&th=1&psc=1">View Product</a></div><div class="product"><a href="https://www.amazon.com/dp/B09ZL3P26Z?tag=eloabder-20&linkCode=osi&th=1&psc=1"><img src="https://m.media-amazon.com/images/I/31zv-UP+MDL._SL500_.jpg" alt="Product Image"></a><p>Pro Goleem Car Seat Head Support Infant, Soft Infant Car Seat Insert, 2 in 1 Carseat Head Support for Newborn, Perfect for Car Seat, Stroller, Swing, Bouncer, Gray and Black</p><p> -21% 0FF </p><p>$18.99</p><a href="https://www.amazon.com/dp/B09ZL3P26Z?tag=eloabder-20&linkCode=osi&th=1&psc=1">View Product</a></div>
<div class="product"><a href="https://www.amazon.com/dp/B0CLM3ZNJ6?tag=eloabder-20&linkCode=osi&th=1&psc=1"><img src="https://m.media-amazon.com/images/I/4131cOAl1wL._SL500_.jpg" alt="Product Image"></a><p>Toddler Bath Towel Baby Bath Towels Hooded Kids Towels for Boy Girl 0-5 Year, 2-Pack Thick Absorbent Toddler Towels Hooded Baby Towels with Hood, Large 50''x32'' Baby Hooded Towel for Kids Bath Towel</p><p> -20% 0FF </p><p>$23.99</p><a href="https://www.amazon.com/dp/B0CLM3ZNJ6?tag=eloabder-20&linkCode=osi&th=1&psc=1">View Product</a></div>
<div class="product"><a href="https://www.amazon.com/dp/B094YGQNSV?tag=eloabder-20&linkCode=osi&th=1&psc=1"><img src="https://m.media-amazon.com/images/I/31BKhmVToOL._SL500_.jpg" alt="Product Image"></a><p>Westinghouse Ultrasonic Cool Mist Humidifier, 4.5L Top Filling Quiet Air Humidifier with Low Water Alarm, Adjustable Mist Humidifier for Bedrooms</p><p> -60% 0FF </p><p>$25.00</p><a href="https://www.amazon.com/dp/B094YGQNSV?tag=eloabder-20&linkCode=osi&th=1&psc=1">View Product</a></div><div class="product"><a href="https://www.amazon.com/dp/B000056HL5?tag=eloabder-20&linkCode=osi&th=1&psc=1"><img src="https://m.media-amazon.com/images/I/41ad8kyAgJL._SL500_.jpg" alt="Product Image"></a><p>Vicks Ultrasonic Humidifier Cool Mist Humidifier to Help Relieve Cold and Flu Symptoms</p><p> -27% 0FF </p><p>$44.00</p><a href="https://www.amazon.com/dp/B000056HL5?tag=eloabder-20&linkCode=osi&th=1&psc=1">View Product</a></div><div class="product"><a href="https://www.amazon.com/dp/B000GWJD0A?tag=eloabder-20&linkCode=osi&th=1&psc=1"><img src="https://m.media-amazon.com/images/I/3124anf96JL._SL500_.jpg" alt="Product Image"></a><p>Crane Adorables Ultrasonic Humidifiers for Bedroom and Baby Nursery, 1 Gallon Cool Mist Air Humidifier for Large Room or Kid's Room, Humidifier Filters Optional, Penguin</p><p> -28% 0FF </p><p>$43.20</p><a href="https://www.amazon.com/dp/B000GWJD0A?tag=eloabder-20&linkCode=osi&th=1&psc=1">View Product</a></div><div class="product"><a href="https://www.amazon.com/dp/B06XP1GMDY?tag=eloabder-20&linkCode=osi&th=1&psc=1"><img src="https://m.media-amazon.com/images/I/31g-+ypTSrL._SL500_.jpg" alt="Product Image"></a><p>Babymoov Hygro Plus Cool Mist Humidifier 3-in-1 Humidity Control, Multicolored Night Light & Essential Oil Diffuser Easy Use and Care-Blue(NO Filter Needed)</p><p> -22% 0FF </p><p>$69.99</p><a href="https://www.amazon.com/dp/B06XP1GMDY?tag=eloabder-20&linkCode=osi&th=1&psc=1">View Product</a></div><div class="product"><a href="https://www.amazon.com/dp/B009COIFAC?tag=eloabder-20&linkCode=osi&th=1&psc=1"><img src="https://m.media-amazon.com/images/I/415IUpVHxDL._SL500_.jpg" alt="Product Image"></a><p>Guardian Technologies Pure Guardian H920BL Ultrasonic Cool Mist Humidifier, 10 Hrs. Run Time, 210 Sq. Ft. Coverage, Small Rooms, Quiet, Filter Free, Treated Tank Resists</p><p> -50% 0FF </p><p>$19.99</p><a href="https://www.amazon.com/dp/B009COIFAC?tag=eloabder-20&linkCode=osi&th=1&psc=1">View Product</a></div>
<div class="product"><a href="https://www.amazon.com/dp/B08847QPWV?tag=eloabder-20&linkCode=osi&th=1&psc=1"><img src="https://m.media-amazon.com/images/I/41I9zGsqR2L._SL500_.jpg" alt="Product Image"></a><p>Graco SnugFit 35 Infant Car Seat with Simply Safe Adjust Harness System | Baby Car Seat with Anti Rebound Bar, Gotham</p><p> -30% 0FF </p><p>$118.99</p><a href="https://www.amazon.com/dp/B08847QPWV?tag=eloabder-20&linkCode=osi&th=1&psc=1">View Product</a></div>
<div class="product"><a href="https://www.amazon.com/dp/B09DLGM21Q?tag=eloabder-20&linkCode=osi&th=1&psc=1"><img src="https://m.media-amazon.com/images/I/4161UIlOUcL._SL500_.jpg" alt="Product Image"></a><p>Fisher-Price Portable Baby Chair Sit-Me-Up Floor Seat with Developmental Toys & Machine Washable Seat Pad, Rainbow Sprinkles</p><p> -6% 0FF </p><p>$40.49</p><a href="https://www.amazon.com/dp/B09DLGM21Q?tag=eloabder-20&linkCode=osi&th=1&psc=1">View Product</a></div><div class="product"><a href="https://www.amazon.com/dp/B0C2V717QN?tag=eloabder-20&linkCode=osi&th=1&psc=1"><img src="https://m.media-amazon.com/images/I/413QFmg9NwL._SL500_.jpg" alt="Product Image"></a><p>EKEPE Inflatable Baby Seat for Babies 3 Months & Up, Baby Floor Seats for Sitting Up, Baby Seats for Infants, Blow Up Baby Chair with Built in Air Pump - Bear</p><p> -20% 0FF </p><p>$21.59</p><a href="https://www.amazon.com/dp/B0C2V717QN?tag=eloabder-20&linkCode=osi&th=1&psc=1">View Product</a></div>

<div class="product"><a href="https://www.amazon.com/dp/B01M6YVW7B?tag=eloabder-20&linkCode=osi&th=1&psc=1"><img src="https://m.media-amazon.com/images/I/41HXEU0eLLL._SL500_.jpg" alt="Product Image"></a><p>Angelcare Baby Bath Support (Gray) | Ideal for Babies Less Than 6 Months Old</p><p> -33% 0FF </p><p>$19.99</p><a href="https://www.amazon.com/dp/B01M6YVW7B?tag=eloabder-20&linkCode=osi&th=1&psc=1">View Product</a></div><div class="product"><a href="https://www.amazon.com/dp/B0D9JLFDWL?tag=eloabder-20&linkCode=osi&th=1&psc=1"><img src="https://m.media-amazon.com/images/I/41t4fYIsNiL._SL500_.jpg" alt="Product Image"></a><p>GloTika Foldable Baby Bathtub Support, Ergonomic Mesh Infant Bathtub, Portable Baby Bath Tub for Newborn Babies 0-6 Months, Grey</p><p> -31% 0FF </p><p>$19.99</p><a href="https://www.amazon.com/dp/B0D9JLFDWL?tag=eloabder-20&linkCode=osi&th=1&psc=1">View Product</a></div><div class="product"><a href="https://www.amazon.com/dp/B000XW65SG?tag=eloabder-20&linkCode=osi&th=1&psc=1"><img src="https://m.media-amazon.com/images/I/41Nyw2TWaWL._SL500_.jpg" alt="Product Image"></a><p>The First Years Newborn to Toddler Baby Bath Tub - Convertible 3-in-1 Baby Tub with Removable Sling - Ages 0 to 24 Months - Sure Comfort - Pink</p><p> -37% 0FF </p><p>$22.00</p><a href="https://www.amazon.com/dp/B000XW65SG?tag=eloabder-20&linkCode=osi&th=1&psc=1">View Product</a></div><div class="product"><a href="https://www.amazon.com/dp/B0CGD46P4F?tag=eloabder-20&linkCode=osi&th=1&psc=1"><img src="https://m.media-amazon.com/images/I/41lNJLni9PL._SL500_.jpg" alt="Product Image"></a><p>AVIDOR Baby Bathtub,Collapsible Bathtub for Newborn to Toddler,Durable Essential Infant Bath Tub,Portable Travel Baby Bathtub with Soft Cushion,No-Slip Hanging and Detachable Bathtub,Green</p><p> -18% 0FF </p><p>$32.99</p><a href="https://www.amazon.com/dp/B0CGD46P4F?tag=eloabder-20&linkCode=osi&th=1&psc=1">View Product</a></div>
<div class="product"><a href="https://www.amazon.com/dp/B0CKWN7R3N?tag=eloabder-20&linkCode=osi&th=1&psc=1"><img src="https://m.media-amazon.com/images/I/31Z12rMqZ6L._SL500_.jpg" alt="Product Image"></a><p>Itzy Ritzy Insulated Bottle Bag – Keeps Bottles Warm or Cool - Holds 3 Bottles & Features Interior Pocket for Ice Pack (Not Included), Milk & Honey</p><p> -29% 0FF </p><p>$24.99</p><a href="https://www.amazon.com/dp/B0CKWN7R3N?tag=eloabder-20&linkCode=osi&th=1&psc=1">View Product</a></div>
<div class="product"><a href="https://www.amazon.com/dp/B002GKC4AG?tag=eloabder-20&linkCode=osi&th=1&psc=1"><img src="https://m.media-amazon.com/images/I/4195Qc9-38L._SL500_.jpg" alt="Product Image"></a><p>My Brest Friend Professional Nursing Pillow | Ergonomic Breastfeeding Pillows | Ideal for Lactation Consultants, NICUs & More | Breastfeeding Essentials | Handy Side Pocket & Easily Wipes Clean, Blue</p><p> -6% 0FF </p><p>$51.50</p><a href="https://www.amazon.com/dp/B002GKC4AG?tag=eloabder-20&linkCode=osi&th=1&psc=1">View Product</a></div><div class="product"><a href="https://www.amazon.com/dp/B0BT6TTHK6?tag=eloabder-20&linkCode=osi&th=1&psc=1"><img src="https://m.media-amazon.com/images/I/51GP+4wNoZL._SL500_.jpg" alt="Product Image"></a><p>Boppy Nursing Pillow Best Latch, Mocha Half Domes, Created with Lactation Consultant, Firm Contoured and Plush Sides for Two Breastfeeding Options, Padded Belt, Plus Sized to Petite, Machine Washable</p><p> -20% 0FF </p><p>$40.00</p><a href="https://www.amazon.com/dp/B0BT6TTHK6?tag=eloabder-20&linkCode=osi&th=1&psc=1">View Product</a></div>
<div class="product"><a href="https://www.amazon.com/dp/B01GGLV4V0?tag=eloabder-20&linkCode=osi&th=1&psc=1"><img src="https://m.media-amazon.com/images/I/41KKABFTw+L._SL500_.jpg" alt="Product Image"></a><p>Zote Pink Soap Pack of 3 Total 7 oz</p><p> -10% 0FF </p><p>$6.30</p><a href="https://www.amazon.com/dp/B01GGLV4V0?tag=eloabder-20&linkCode=osi&th=1&psc=1">View Product</a></div><div class="product"><a href="https://www.amazon.com/dp/B08MPWSBRR?tag=eloabder-20&linkCode=osi&th=1&psc=1"><img src="https://m.media-amazon.com/images/I/31gvg0Il4bL._SL500_.jpg" alt="Product Image"></a><p>Grangers Down Wash/Detergent for Down Insulated Clothing, Sleeping Bags and Bedding (12 Washes), 10 oz</p><p> -6% 0FF </p><p>$13.45 ($1.34 / Fl Oz)</p><a href="https://www.amazon.com/dp/B08MPWSBRR?tag=eloabder-20&linkCode=osi&th=1&psc=1">View Product</a></div><div class="product"><a href="https://www.amazon.com/dp/B08Y9691J6?tag=eloabder-20&linkCode=osi&th=1&psc=1"><img src="https://m.media-amazon.com/images/I/31wqAyGiS-L._SL500_.jpg" alt="Product Image"></a><p>WHOLENATURALS Pure Castile Soap Liquid, EWG Verified & Certified Palm Oil Free Unscented, Natural, Mild & Gentle Non-gmo & Vegan - Organic Body Wash, Laundry, and Baby Soap - 64 Fl Oz</p><p> -17% 0FF </p><p>$28.89 ($0.45 / Fl Oz)</p><a href="https://www.amazon.com/dp/B08Y9691J6?tag=eloabder-20&linkCode=osi&th=1&psc=1">View Product</a></div>
<div class="product"><a href="https://www.amazon.com/dp/B01JK164JU?tag=eloabder-20&linkCode=osi&th=1&psc=1"><img src="https://m.media-amazon.com/images/I/31tGM0o-n7L._SL500_.jpg" alt="Product Image"></a><p>The Honest Company Hydrating Face + Body Lotion | Fast Absorbing, Naturally Derived, Hypoallergenic | Lavender Calm, 8.5 fl oz</p><p> -8% 0FF </p><p>$10.99 ($1.29 / Fl Oz)</p><a href="https://www.amazon.com/dp/B01JK164JU?tag=eloabder-20&linkCode=osi&th=1&psc=1">View Product</a></div><div class="product"><a href="https://www.amazon.com/dp/B0018CK3VK?tag=eloabder-20&linkCode=osi&th=1&psc=1"><img src="https://m.media-amazon.com/images/I/41+wBu0geAL._SL500_.jpg" alt="Product Image"></a><p>Avalon Organics Hand & Body Lotion, Aloe Unscented, 32 Oz</p><p> -12% 0FF </p><p>$17.19 ($0.54 / Ounce)</p><a href="https://www.amazon.com/dp/B0018CK3VK?tag=eloabder-20&linkCode=osi&th=1&psc=1">View Product</a></div><div class="product"><a href="https://www.amazon.com/dp/B0013DIZL4?tag=eloabder-20&linkCode=osi&th=1&psc=1"><img src="https://m.media-amazon.com/images/I/31bPmcqX7+L._SL500_.jpg" alt="Product Image"></a><p>Lubriderm Intense Dry Skin Repair Lotion + Pro-Ceramide with Vitamin E & Minerals Helps to Repair Rough, Dry Skin, Fast Absorbing Lotion is Fragrance-Free and Non-Greasy, 16 fl. oz</p><p> -24% 0FF </p><p>$9.34 ($0.58 / Fl Oz)</p><a href="https://www.amazon.com/dp/B0013DIZL4?tag=eloabder-20&linkCode=osi&th=1&psc=1">View Product</a></div>
<div class="product"><a href="https://www.amazon.com/dp/B0BPHJN972?tag=eloabder-20&linkCode=osi&th=1&psc=1"><img src="https://m.media-amazon.com/images/I/41np1V18sQL._SL500_.jpg" alt="Product Image"></a><p>Pro Goleem Loveys for Babies - Soft Security Blanket Baby Snuggle Toy Newborn Stuffed Animals Baby Gifts for Boys and Girls, Lion 16 Inch</p><p> -37% 0FF </p><p>$9.48</p><a href="https://www.amazon.com/dp/B0BPHJN972?tag=eloabder-20&linkCode=osi&th=1&psc=1">View Product</a></div><div class="product"><a href="https://www.amazon.com/dp/B01MRVHKP1?tag=eloabder-20&linkCode=osi&th=1&psc=1"><img src="https://m.media-amazon.com/images/I/5183CyG7XSL._SL500_.jpg" alt="Product Image"></a><p>Mary Meyer Putty Nursery Character Blanket, Hound Dog, 1 Pack</p><p> -9% 0FF </p><p>$19.96</p><a href="https://www.amazon.com/dp/B01MRVHKP1?tag=eloabder-20&linkCode=osi&th=1&psc=1">View Product</a></div><div class="product"><a href="https://www.amazon.com/dp/B00PKP4JUM?tag=eloabder-20&linkCode=osi&th=1&psc=1"><img src="https://m.media-amazon.com/images/I/41OzmBpx8bL._SL500_.jpg" alt="Product Image"></a><p>Mary Meyer Lovey Soft Toy, 13-Inches, Oatmeal Bunny</p><p> -14% 0FF </p><p>$17.96</p><a href="https://www.amazon.com/dp/B00PKP4JUM?tag=eloabder-20&linkCode=osi&th=1&psc=1">View Product</a></div><div class="product"><a href="https://www.amazon.com/dp/B08PP8S8KZ?tag=eloabder-20&linkCode=osi&th=1&psc=1"><img src="https://m.media-amazon.com/images/I/41kmsE51naL._SL500_.jpg" alt="Product Image"></a><p>Pro Goleem Dog Security Blanket Brown Soft Puppy Lovey for Boys and Girls Unisex Lovie Baby Gifts for Toddler and Infant Snuggle Toy Stuffed Animal 16 Inch</p><p> -25% 0FF </p><p>$14.99</p><a href="https://www.amazon.com/dp/B08PP8S8KZ?tag=eloabder-20&linkCode=osi&th=1&psc=1">View Product</a></div><div class="product"><a href="https://www.amazon.com/dp/B08SZD1XXG?tag=eloabder-20&linkCode=osi&th=1&psc=1"><img src="https://m.media-amazon.com/images/I/41M7mPD9ieL._SL500_.jpg" alt="Product Image"></a><p>Itzy Ritzy - Itzy Lovey Including Teether - Baby Lovey with Teether, Textured Ribbons & Dangle Arms - Features Crinkle Sound, Sherpa Fabric and Minky Plush (Sloth)</p><p> -31% 0FF </p><p>$8.90</p><a href="https://www.amazon.com/dp/B08SZD1XXG?tag=eloabder-20&linkCode=osi&th=1&psc=1">View Product</a></div>
<div class="product"><a href="https://www.amazon.com/dp/B0B5Z89FZW?tag=eloabder-20&linkCode=osi&th=1&psc=1"><img src="https://m.media-amazon.com/images/I/31HOhMzLqbL._SL500_.jpg" alt="Product Image"></a><p>Yoofoss Waterproof Crib Mattress Protector 2 Pack, Quilted Crib Mattress Pad Cover Ultra Soft and Breathable, Machine Washable Toddler Mattress Protector for Standard Baby Crib Size 52''x28''</p><p> -17% 0FF </p><p>$19.99</p><a href="https://www.amazon.com/dp/B0B5Z89FZW?tag=eloabder-20&linkCode=osi&th=1&psc=1">View Product</a></div><div class="product"><a href="https://www.amazon.com/dp/B0CFG4G839?tag=eloabder-20&linkCode=osi&th=1&psc=1"><img src="https://m.media-amazon.com/images/I/41tYoYajqyL._SL500_.jpg" alt="Product Image"></a><p>SafeRest Sleepure 100% Waterproof Crib Size Mattress Protector - Viscose Derived from Bamboo - Fitted with Stretchable Pockets - Machine Washable Cotton Mattress Cover for Bed</p><p> -40% 0FF </p><p>$20.99</p><a href="https://www.amazon.com/dp/B0CFG4G839?tag=eloabder-20&linkCode=osi&th=1&psc=1">View Product</a></div><div class="product"><a href="https://www.amazon.com/dp/B09B1NNPP9?tag=eloabder-20&linkCode=osi&th=1&psc=1"><img src="https://m.media-amazon.com/images/I/31P+e7ESa8L._SL500_.jpg" alt="Product Image"></a><p>Bassinet Mattress Pad Cover 2 Pack Quilted Bassinet Mattress Protector Waterproof Bassinet Sheets (32"x17") for Boys & Girls, Fit for Hourglass/Oval Bassinet Mattress, White</p><p> -15% 0FF </p><p>$14.23</p><a href="https://www.amazon.com/dp/B09B1NNPP9?tag=eloabder-20&linkCode=osi&th=1&psc=1">View Product</a></div>
<div class="product"><a href="https://www.amazon.com/dp/B07WW1CT4W?tag=eloabder-20&linkCode=osi&th=1&psc=1"><img src="https://m.media-amazon.com/images/I/51jnxJGkipL._SL500_.jpg" alt="Product Image"></a><p>Luka&Lily Month Milestone Blanket- 60"x40" for Baby Boys - First Year Calendar Monthly Growth Chart, Moon - Shower Gifts</p><p> -14% 0FF </p><p>$29.99</p><a href="https://www.amazon.com/dp/B07WW1CT4W?tag=eloabder-20&linkCode=osi&th=1&psc=1">View Product</a></div><div class="product"><a href="https://www.amazon.com/dp/B07BNBTGHD?tag=eloabder-20&linkCode=osi&th=1&psc=1"><img src="https://m.media-amazon.com/images/I/4143Q79bsYL._SL500_.jpg" alt="Product Image"></a><p>Organic Baby Monthly Milestone Blanket Boy or Girl - Months Blanket with Wood Frame and Newborn Announcement Disc - Growth Chart Milestone Blanket Neutral, 1-12 Month Milestones, 47”x47”</p><p> -21% 0FF </p><p>$25.99</p><a href="https://www.amazon.com/dp/B07BNBTGHD?tag=eloabder-20&linkCode=osi&th=1&psc=1">View Product</a></div><div class="product"><a href="https://www.amazon.com/dp/B07SW75W4Q?tag=eloabder-20&linkCode=osi&th=1&psc=1"><img src="https://m.media-amazon.com/images/I/41JMlZBEbQL._SL500_.jpg" alt="Product Image"></a><p>Kate & Milo Baby Monthly Milestone Blanket, Infant Milestone Markers, Newborn Photoshoot Photo Props, Baby Girl or Baby Boy Gift, Large Blanket</p><p> -19% 0FF </p><p>$12.21</p><a href="https://www.amazon.com/dp/B07SW75W4Q?tag=eloabder-20&linkCode=osi&th=1&psc=1">View Product</a></div><div class="product"><a href="https://www.amazon.com/dp/B0986S52N1?tag=eloabder-20&linkCode=osi&th=1&psc=1"><img src="https://m.media-amazon.com/images/I/51v8Yn1ycsL._SL500_.jpg" alt="Product Image"></a><p>Popfavors, Yuzioey Safari Baby Monthly Milestone Blanket, Jungle Animals Baby Month Blanket , Baby Boy Blanket Growth Chart Nursery Decor, Includes Marker, White, 50Inx40In</p><p> -5% 0FF </p><p>$18.99</p><a href="https://www.amazon.com/dp/B0986S52N1?tag=eloabder-20&linkCode=osi&th=1&psc=1">View Product</a></div><div class="product"><a href="https://www.amazon.com/dp/B0CX9W8SND?tag=eloabder-20&linkCode=osi&th=1&psc=1"><img src="https://m.media-amazon.com/images/I/41r8vCzGa2L._SL500_.jpg" alt="Product Image"></a><p>Pearhead Hello World Milestone Blanket and Prop, Baby Monthly Milestone Updates, Growth Blanket with Photo Posing Props, Ideal Mother's Day Gift, Perfect Newborn Gift and Nursery Decor</p><p> -6% 0FF </p><p>$18.79</p><a href="https://www.amazon.com/dp/B0CX9W8SND?tag=eloabder-20&linkCode=osi&th=1&psc=1">View Product</a></div><div class="product"><a href="https://www.amazon.com/dp/B07JKN43H6?tag=eloabder-20&linkCode=osi&th=1&psc=1"><img src="https://m.media-amazon.com/images/I/511MIyg00lL._SL500_.jpg" alt="Product Image"></a><p>Bliss n' Baby Monthly Milestone Blanket for Baby Girl - 60"x40" - Wrinkle Free Baby Age Month Blanket with Growth Chart - Washable & Dryable - w/Wreath & Headband - Floral Theme</p><p> -14% 0FF </p><p>$23.99</p><a href="https://www.amazon.com/dp/B07JKN43H6?tag=eloabder-20&linkCode=osi&th=1&psc=1">View Product</a></div>
<div class="product"><a href="https://www.amazon.com/dp/B001E1JKFU?tag=eloabder-20&linkCode=osi&th=1&psc=1"><img src="https://m.media-amazon.com/images/I/41JBWVeh+QL._SL500_.jpg" alt="Product Image"></a><p>Stansport Mosquito Netting Small (705)</p><p> -39% 0FF </p><p>$16.33</p><a href="https://www.amazon.com/dp/B001E1JKFU?tag=eloabder-20&linkCode=osi&th=1&psc=1">View Product</a></div><div class="product"><a href="https://www.amazon.com/dp/B0BV2RNTR7?tag=eloabder-20&linkCode=osi&th=1&psc=1"><img src="https://m.media-amazon.com/images/I/51-iyQhcHsL._SL500_.jpg" alt="Product Image"></a><p>Mosquito Net for Bed,Large Mosquito Netting Tent Canopy for Beds,Folding Portable Design Travel POP UP Mosquito Netting for Bed,L80*W72*H60inch Queen King Size Mosquito Net</p><p> -14% 0FF </p><p>$31.99</p><a href="https://www.amazon.com/dp/B0BV2RNTR7?tag=eloabder-20&linkCode=osi&th=1&psc=1">View Product</a></div><div class="product"><a href="https://www.amazon.com/dp/B0D8HLQJ5G?tag=eloabder-20&linkCode=osi&th=1&psc=1"><img src="https://m.media-amazon.com/images/I/31hFeMp1LQL._SL500_.jpg" alt="Product Image"></a><p>77 * 30 * 23 Inch Large Pop Up Mosquito Tent, Portable Foldable Mosquito Net for Bed Camping Travel Patio</p><p> -6% 0FF </p><p>$29.99</p><a href="https://www.amazon.com/dp/B0D8HLQJ5G?tag=eloabder-20&linkCode=osi&th=1&psc=1">View Product</a></div><div class="product"><a href="https://www.amazon.com/dp/B0C2YQKF71?tag=eloabder-20&linkCode=osi&th=1&psc=1"><img src="https://m.media-amazon.com/images/I/41yDl7W2ZNL._SL500_.jpg" alt="Product Image"></a><p>Portable Mosquito Net Tent, Folding Mosquito Head Net, Pop Up Mosquito Tent Netting for Bedding Camping Traveling Patio (1 Pack, Large)</p><p> -20% 0FF </p><p>$15.99</p><a href="https://www.amazon.com/dp/B0C2YQKF71?tag=eloabder-20&linkCode=osi&th=1&psc=1">View Product</a></div>
<div class="product"><a href="https://www.amazon.com/dp/B0CL9SJ88Z?tag=eloabder-20&linkCode=osi&th=1&psc=1"><img src="https://m.media-amazon.com/images/I/41iQwRq8cBL._SL500_.jpg" alt="Product Image"></a><p>Muslin Swaddle Blankets for Newborn, 3 Pack Breathable Soft Receiving Blanket, Large 38 x 40 inches Swaddle Wrap Burping Clothes, Essentials Infant Shower Items, Toddler Gift (Bright Colors)</p><p> -5% 0FF </p><p>$18.99</p><a href="https://www.amazon.com/dp/B0CL9SJ88Z?tag=eloabder-20&linkCode=osi&th=1&psc=1">View Product</a></div><div class="product"><a href="https://www.amazon.com/dp/B0C6GP7NXF?tag=eloabder-20&linkCode=osi&th=1&psc=1"><img src="https://m.media-amazon.com/images/I/51vjlWRLQjL._SL500_.jpg" alt="Product Image"></a><p>Konssy 2 Pack Muslin Swaddle Blankets for Baby Boys Girls, Receiving Blanket Large 47 x 47 inches, Soft Breathable Muslin Baby Blanket for Unisex Newborn(Pink, Floral)</p><p> -19% 0FF </p><p>$21.99 ($11.00 / Count)</p><a href="https://www.amazon.com/dp/B0C6GP7NXF?tag=eloabder-20&linkCode=osi&th=1&psc=1">View Product</a></div>
<div class="product"><a href="https://www.amazon.com/dp/B0B8TCTXBV?tag=eloabder-20&linkCode=osi&th=1&psc=1"><img src="https://m.media-amazon.com/images/I/41j61T25VcL._SL500_.jpg" alt="Product Image"></a><p>aden + anais Essentials Swaddle Blanket, Boutique Muslin Blankets for Girls & Boys, Baby Receiving Swaddles, Ideal Newborn & Infant Swaddling Set, Perfect Shower Gifts, 4 Pack, Alphabet Animals</p><p> -29% 0FF </p><p>$28.49</p><a href="https://www.amazon.com/dp/B0B8TCTXBV?tag=eloabder-20&linkCode=osi&th=1&psc=1">View Product</a></div>
<div class="product"><a href="https://www.amazon.com/dp/B0D475YDF5?tag=eloabder-20&linkCode=osi&th=1&psc=1"><img src="https://m.media-amazon.com/images/I/31TAYPOHywL._SL500_.jpg" alt="Product Image"></a><p>Electric Nail Clipper with Nail File, 2 in 1 Rechargeable & Gentle Nail Trimmer with LED Light for Baby and Seniors</p><p> -37% 0FF </p><p>$12.00 ($1.13 / Ounce)</p><a href="https://www.amazon.com/dp/B0D475YDF5?tag=eloabder-20&linkCode=osi&th=1&psc=1">View Product</a></div><div class="product"><a href="https://www.amazon.com/dp/B0D6BCSLNQ?tag=eloabder-20&linkCode=osi&th=1&psc=1"><img src="https://m.media-amazon.com/images/I/413w5b8GCzL._SL500_.jpg" alt="Product Image"></a><p>Automatic Nail Clipper, 2 in-1 Electric Nail Clipper and Nail Polisher, Electric Baby Nail Clippers with Light,USB Rechargeable Suitable for Babies,Women Manicure,Kids, Adults and Seniors（Orange）</p><p> -23% 0FF </p><p>$16.99</p><a href="https://www.amazon.com/dp/B0D6BCSLNQ?tag=eloabder-20&linkCode=osi&th=1&psc=1">View Product</a></div>

<div class="product"><a href="https://www.amazon.com/dp/B0037SEU7Q?tag=eloabder-20&linkCode=osi&th=1&psc=1"><img src="https://m.media-amazon.com/images/I/41yN94m-XlL._SL500_.jpg" alt="Product Image"></a><p>Bepanthen Nappy Care Ointment 5 Percent, 30 g</p><p> -13% 0FF </p><p>$6.79 ($6.47 / Ounce)</p><a href="https://www.amazon.com/dp/B0037SEU7Q?tag=eloabder-20&linkCode=osi&th=1&psc=1">View Product</a></div><div class="product"><a href="https://www.amazon.com/dp/B0BTTT6VW2?tag=eloabder-20&linkCode=osi&th=1&psc=1"><img src="https://m.media-amazon.com/images/I/41cBqj0Z9tL._SL500_.jpg" alt="Product Image"></a><p>Weleda Baby Calendula Diaper Cream, 2.8 Fluid Ounce (Pack of 3), Plant Rich Protection with Calendula, Chamomile, Sweet Almond Oil, Lanolin and Zinc Oxide</p><p> -13% 0FF </p><p>$32.29 ($3.84 / Fl Oz)</p><a href="https://www.amazon.com/dp/B0BTTT6VW2?tag=eloabder-20&linkCode=osi&th=1&psc=1">View Product</a></div><div class="product"><a href="https://www.amazon.com/dp/B074YXP676?tag=eloabder-20&linkCode=osi&th=1&psc=1"><img src="https://m.media-amazon.com/images/I/41y8VvUNCLL._SL500_.jpg" alt="Product Image"></a><p>Nappy Styles Napping Creme Paste</p><p> -12% 0FF </p><p>$14.36 ($1.80 / Ounce)</p><a href="https://www.amazon.com/dp/B074YXP676?tag=eloabder-20&linkCode=osi&th=1&psc=1">View Product</a></div>
<div class="product"><a href="https://www.amazon.com/dp/B00821FLSU?tag=eloabder-20&linkCode=osi&th=1&psc=1"><img src="https://m.media-amazon.com/images/I/31MQYDa7dYL._SL500_.jpg" alt="Product Image"></a><p>Ubbi Steel Diaper Pail, Odor Locking, No Special Bag Required, Award-Winning, Registry Must-Have, Gray</p><p> -12% 0FF </p><p>$69.99</p><a href="https://www.amazon.com/dp/B00821FLSU?tag=eloabder-20&linkCode=osi&th=1&psc=1">View Product</a></div><div class="product"><a href="https://www.amazon.com/dp/B0CNS2FRMZ?tag=eloabder-20&linkCode=osi&th=1&psc=1"><img src="https://m.media-amazon.com/images/I/31O+tXnLaXL._SL500_.jpg" alt="Product Image"></a><p>Diaper Genie Select Pail is Made of Durable Stainless Steel and Includes 1 Starter Square Refill That can Hold up to 165 Newborn-Sized Diapers.</p><p> -20% 0FF </p><p>$35.99</p><a href="https://www.amazon.com/dp/B0CNS2FRMZ?tag=eloabder-20&linkCode=osi&th=1&psc=1">View Product</a></div><div class="product"><a href="https://www.amazon.com/dp/B08XNVW9TW?tag=eloabder-20&linkCode=osi&th=1&psc=1"><img src="https://m.media-amazon.com/images/I/41U7mL6nXRL._SL500_.jpg" alt="Product Image"></a><p>Sassy 250 Count Disposable Diaper Sacks, Lavender Scented, Easy-To-Tie, Diaper Disposal or Pet Waste Bags</p><p> -11% 0FF </p><p>$9.80</p><a href="https://www.amazon.com/dp/B08XNVW9TW?tag=eloabder-20&linkCode=osi&th=1&psc=1">View Product</a></div>


<div class="product"><a href="https://www.amazon.com/dp/B0CTKK5YY5?tag=eloabder-20&linkCode=osi&th=1&psc=1"><img src="https://m.media-amazon.com/images/I/31OhvT5rWmL._SL500_.jpg" alt="Product Image"></a><p>Koalababy Large Flow Electric Nasal Aspirator, Newest Baby Nose Sucker, Nose Cleaner for Toddlers with 3 Suction Levels, Soothing Music and Light, Space Gray</p><p> -33% 0FF </p><p>$29.99</p><a href="https://www.amazon.com/dp/B0CTKK5YY5?tag=eloabder-20&linkCode=osi&th=1&psc=1">View Product</a></div>
<div class="product"><a href="https://www.amazon.com/dp/B07GG1R9WC?tag=eloabder-20&linkCode=osi&th=1&psc=1"><img src="https://m.media-amazon.com/images/I/31T-p4V5gsL._SL500_.jpg" alt="Product Image"></a><p>Gerber Unisex Baby Multi-Pack Long-Sleeve Onesies Bodysuit Mitten Cuff Sizes 6-Pack Mitten Cuff Newborn</p><p> -12% 0FF </p><p>$15.81</p><a href="https://www.amazon.com/dp/B07GG1R9WC?tag=eloabder-20&linkCode=osi&th=1&psc=1">View Product</a></div><div class="product"><a href="https://www.amazon.com/dp/B0BVMXF1DJ?tag=eloabder-20&linkCode=osi&th=1&psc=1"><img src="https://m.media-amazon.com/images/I/31aJYRwZ+-L._SL500_.jpg" alt="Product Image"></a><p>HonestBaby Baby Boys 3-pack Organic Cotton Long Sleeve Side-snap Kimono Bodysuits And Toddler T-Shirt Set, Honestly Pure White, Newborn US</p><p> -63% 0FF </p><p>$11.19</p><a href="https://www.amazon.com/dp/B0BVMXF1DJ?tag=eloabder-20&linkCode=osi&th=1&psc=1">View Product</a></div>
<div class="product"><a href="https://www.amazon.com/dp/B01N47M3V0?tag=eloabder-20&linkCode=osi&th=1&psc=1"><img src="https://m.media-amazon.com/images/I/31WVThyEEcL._SL500_.jpg" alt="Product Image"></a><p>Uigos LED Night Light Lamp with Smart Sensor Dusk to Dawn Sensor, Daylight White, 0.5W Plug-in, 6-Pack</p><p> -23% 0FF </p><p>$9.99</p><a href="https://www.amazon.com/dp/B01N47M3V0?tag=eloabder-20&linkCode=osi&th=1&psc=1">View Product</a></div><div class="product"><a href="https://www.amazon.com/dp/B09B1B6J9S?tag=eloabder-20&linkCode=osi&th=1&psc=1"><img src="https://m.media-amazon.com/images/I/11rEGPdWq7L._SL500_.jpg" alt="Product Image"></a><p>Anico EASZZZ Baby Night Light, Nursery Night Lamp for Breastfeeding, Soft BPA Free Silicone Touch Night Lamp, Eye Caring, Easy Flip Design, Stepless Dimming, 1-Pack</p><p> -25% 0FF </p><p>$29.99</p><a href="https://www.amazon.com/dp/B09B1B6J9S?tag=eloabder-20&linkCode=osi&th=1&psc=1">View Product</a></div><div class="product"><a href="https://www.amazon.com/dp/B097YP171M?tag=eloabder-20&linkCode=osi&th=1&psc=1"><img src="https://m.media-amazon.com/images/I/21jYMKqhB3L._SL500_.jpg" alt="Product Image"></a><p>JolyWell Night Light for Kids, Egg Light for Nursery with 7 RGB Colors Changeable & Stepless Dimming, Rechargeable Tap Light with 1h Timer & Touch Control, Portable Night Light for Babies BPA Free</p><p> -14% 0FF </p><p>$25.99</p><a href="https://www.amazon.com/dp/B097YP171M?tag=eloabder-20&linkCode=osi&th=1&psc=1">View Product</a></div><div class="product"><a href="https://www.amazon.com/dp/B077X48B8Q?tag=eloabder-20&linkCode=osi&th=1&psc=1"><img src="https://m.media-amazon.com/images/I/31TiV9umK-L._SL500_.jpg" alt="Product Image"></a><p>REMINDA 4 Pack Night Light Lamp with Dusk to Dawn Sensor, Plug in, Blue Led Night Light</p><p> -19% 0FF </p><p>$12.99</p><a href="https://www.amazon.com/dp/B077X48B8Q?tag=eloabder-20&linkCode=osi&th=1&psc=1">View Product</a></div>
<div class="product"><a href="https://www.amazon.com/dp/B005MI648C?tag=eloabder-20&linkCode=osi&th=1&psc=1"><img src="https://m.media-amazon.com/images/I/41IsNMYojbL._SL500_.jpg" alt="Product Image"></a><p>Lansinoh Lanolin Nipple Cream Safe for Breastfeeding Baby, 100% Natural Nipple Butter for Mom, Breastfeeding Essentials, 1.41 Ounces</p><p> -17% 0FF </p><p>$8.99 ($6.38 / Ounce)</p><a href="https://www.amazon.com/dp/B005MI648C?tag=eloabder-20&linkCode=osi&th=1&psc=1">View Product</a></div><div class="product"><a href="https://www.amazon.com/dp/B000JVCBBG?tag=eloabder-20&linkCode=osi&th=1&psc=1"><img src="https://m.media-amazon.com/images/I/41TljzHSgHL._SL500_.jpg" alt="Product Image"></a><p>Earth Mama Organic Nipple Butter™ | Nipple Cream Safe for Breastfeeding | Postpartum Essentials for Nursing | Non Lanolin Nipple Cream, 2-Fluid Ounce</p><p> -7% 0FF </p><p>$13.99 ($7.00 / Fl Oz)</p><a href="https://www.amazon.com/dp/B000JVCBBG?tag=eloabder-20&linkCode=osi&th=1&psc=1">View Product</a></div><div class="product"><a href="https://www.amazon.com/dp/B08L68WR4B?tag=eloabder-20&linkCode=osi&th=1&psc=1"><img src="https://m.media-amazon.com/images/I/41qRTIl9vqL._SL500_.jpg" alt="Product Image"></a><p>Medela Purelan Lanolin Nipple Cream for Breastfeeding, 100% All Natural Single Ingredient, Hypoallergenic, Soothing Protection, Safe for Nursing Mom and Baby, 1.3 Ounce Tube</p><p> -29% 0FF </p><p>$7.37</p><a href="https://www.amazon.com/dp/B08L68WR4B?tag=eloabder-20&linkCode=osi&th=1&psc=1">View Product</a></div><div class="product"><a href="https://www.amazon.com/dp/B07X53WM1H?tag=eloabder-20&linkCode=osi&th=1&psc=1"><img src="https://m.media-amazon.com/images/I/41sh4NHSA1L._SL500_.jpg" alt="Product Image"></a><p>Lansinoh Organic Nipple Butter, Nipple Cream Safe for Breastfeeding Baby, Postpartum Essentials for Mom, 2 Ounces</p><p> -37% 0FF </p><p>$9.37</p><a href="https://www.amazon.com/dp/B07X53WM1H?tag=eloabder-20&linkCode=osi&th=1&psc=1">View Product</a></div><div class="product"><a href="https://www.amazon.com/dp/B08PXP59L6?tag=eloabder-20&linkCode=osi&th=1&psc=1"><img src="https://m.media-amazon.com/images/I/31ABi-XhpOL._SL500_.jpg" alt="Product Image"></a><p>The Honest Company Honest Mama Calm Your Nip Balm | USDA Certified Organic Nipple Cream | 1.75 fl oz</p><p> -10% 0FF </p><p>$13.49 ($7.71 / Fl Oz)</p><a href="https://www.amazon.com/dp/B08PXP59L6?tag=eloabder-20&linkCode=osi&th=1&psc=1">View Product</a></div><div class="product"><a href="https://www.amazon.com/dp/B001EPQ1US?tag=eloabder-20&linkCode=osi&th=1&psc=1"><img src="https://m.media-amazon.com/images/I/412ol1D5gFL._SL500_.jpg" alt="Product Image"></a><p>Lansinoh Breast Cream, 1.41 Ounce Tube (Pack of 3)</p><p> -20% 0FF </p><p>$23.99 ($5.67 / Ounce)</p><a href="https://www.amazon.com/dp/B001EPQ1US?tag=eloabder-20&linkCode=osi&th=1&psc=1">View Product</a></div>
<div class="product"><a href="https://www.amazon.com/dp/B0116SFIXS?tag=eloabder-20&linkCode=osi&th=1&psc=1"><img src="https://m.media-amazon.com/images/I/41IXnMjSMRL._SL500_.jpg" alt="Product Image"></a><p>Lansinoh Contact Nipple Shields for Breastfeeding, 2 Nipple Shields (24mm) and Case</p><p> -9% 0FF </p><p>$8.22</p><a href="https://www.amazon.com/dp/B0116SFIXS?tag=eloabder-20&linkCode=osi&th=1&psc=1">View Product</a></div><div class="product"><a href="https://www.amazon.com/dp/B000067PQ0?tag=eloabder-20&linkCode=osi&th=1&psc=1"><img src="https://m.media-amazon.com/images/I/31Bc7JjDLBL._SL500_.jpg" alt="Product Image"></a><p>Medela Contact Nipple Shield, 24mm Medium, Nippleshield for Breastfeeding with Latch Difficulties or Flat or Inverted Nipples, Made Without BPA</p><p> -32% 0FF </p><p>$7.35</p><a href="https://www.amazon.com/dp/B000067PQ0?tag=eloabder-20&linkCode=osi&th=1&psc=1">View Product</a></div><div class="product"><a href="https://www.amazon.com/dp/B08VKRMXGZ?tag=eloabder-20&linkCode=osi&th=1&psc=1"><img src="https://m.media-amazon.com/images/I/41jploOEeaL._SL500_.jpg" alt="Product Image"></a><p>Moogco The Original Silver Nursing Cups - Nipple Shields for Nursing Newborn - Breastfeeding Essentials - Newborn Essentials Must Haves - Nipple Covers Breastfeeding - 925 Silver</p><p> -28% 0FF </p><p>$35.90</p><a href="https://www.amazon.com/dp/B08VKRMXGZ?tag=eloabder-20&linkCode=osi&th=1&psc=1">View Product</a></div><div class="product"><a href="https://www.amazon.com/dp/B07ND58735?tag=eloabder-20&linkCode=osi&th=1&psc=1"><img src="https://m.media-amazon.com/images/I/41EpWEiqvyL._SL500_.jpg" alt="Product Image"></a><p>Koala Babycare The Original Silver Nursing Cups - Nipple Shields for Nursing Newborn -Breastfeeding Essentials - Protect and Soothe - Tri-Laminate Silver - Standard Size</p><p> -13% 0FF </p><p>$34.75</p><a href="https://www.amazon.com/dp/B07ND58735?tag=eloabder-20&linkCode=osi&th=1&psc=1">View Product</a></div>
<div class="product"><a href="https://www.amazon.com/dp/B091FL1QFK?tag=eloabder-20&linkCode=osi&th=1&psc=1"><img src="https://m.media-amazon.com/images/I/41TUb4BsK-L._SL500_.jpg" alt="Product Image"></a><p>Syringe Nasal Irrigator, Professional Baby Nasal Irrigator Portable Infant Nose Cleaner Rinsing Device Fast All Natural Relief-Nasal Irrigation/Nasal Spray/Nasal Hygiene (2 pièces)</p><p> -67% 0FF </p><p>$3.25</p><a href="https://www.amazon.com/dp/B091FL1QFK?tag=eloabder-20&linkCode=osi&th=1&psc=1">View Product</a></div><div class="product"><a href="https://www.amazon.com/dp/B09137WF8K?tag=eloabder-20&linkCode=osi&th=1&psc=1"><img src="https://m.media-amazon.com/images/I/41v2GMmUbZL._SL500_.jpg" alt="Product Image"></a><p>Two Pack 3 in 1 Baby Nose and Ear Gadget, Safe Baby Booger Remover, Nose Cleaning Tweezers, Nose Cleaner for Baby Infants and Toddlers, Dual Earwax and Snot Removal Baby Must Have Items</p><p> -50% 0FF </p><p>$9.95</p><a href="https://www.amazon.com/dp/B09137WF8K?tag=eloabder-20&linkCode=osi&th=1&psc=1">View Product</a></div><div class="product"><a href="https://www.amazon.com/dp/B09Q61B4MM?tag=eloabder-20&linkCode=osi&th=1&psc=1"><img src="https://m.media-amazon.com/images/I/310TWo+qPRL._SL500_.jpg" alt="Product Image"></a><p>Haakaa Silicone Baby Nasal Aspirator | Nose Bulb Syringe | Easy-Squeezy Baby Nose Cleaner, Newborn Infant &Toddler - BPA Free Silicone</p><p> -5% 0FF </p><p>$9.39</p><a href="https://www.amazon.com/dp/B09Q61B4MM?tag=eloabder-20&linkCode=osi&th=1&psc=1">View Product</a></div>
<div class="product"><a href="https://www.amazon.com/dp/B002K6F7AK?tag=eloabder-20&linkCode=osi&th=1&psc=1"><img src="https://m.media-amazon.com/images/I/411elwPHIqL._SL500_.jpg" alt="Product Image"></a><p>Lamaze womens Cotton Spandex Sleep for Nursing and Maternity Full Coverage Bra, Heather Grey, Large US</p><p> -32% 0FF </p><p>$12.28</p><a href="https://www.amazon.com/dp/B002K6F7AK?tag=eloabder-20&linkCode=osi&th=1&psc=1">View Product</a></div>

<div class="product"><a href="https://www.amazon.com/dp/B06XPHR7DF?tag=eloabder-20&linkCode=osi&th=1&psc=1"><img src="https://m.media-amazon.com/images/I/31sNH-POFUL._SL500_.jpg" alt="Product Image"></a><p>Lansinoh Stay Dry Disposable Nursing Pads, Soft and Super Absorbent Breast Pads, Breastfeeding Essentials for Moms, 200 Count</p><p> -21% 0FF </p><p>$18.51</p><a href="https://www.amazon.com/dp/B06XPHR7DF?tag=eloabder-20&linkCode=osi&th=1&psc=1">View Product</a></div><div class="product"><a href="https://www.amazon.com/dp/B0DB3G8G37?tag=eloabder-20&linkCode=osi&th=1&psc=1"><img src="https://m.media-amazon.com/images/I/31Z7+iKhAKL._SL500_.jpg" alt="Product Image"></a><p>Lansinoh Washable Nursing Pads, Made with Organic Bamboo Viscose, Reusable Breast Pads for Breastfeeding with Wash Bag, Breastfeeding Essentials, 10 Count</p><p> -11% 0FF </p><p>$14.28</p><a href="https://www.amazon.com/dp/B0DB3G8G37?tag=eloabder-20&linkCode=osi&th=1&psc=1">View Product</a></div>
<div class="product"><a href="https://www.amazon.com/dp/B09T6V8YH2?tag=eloabder-20&linkCode=osi&th=1&psc=1"><img src="https://m.media-amazon.com/images/I/21knizL1Y1L._SL500_.jpg" alt="Product Image"></a><p>Nursing Pillow and Positioner with Cover for Breastfeeding and Bottle Feeding, Propping Baby, Tummy Time, Baby Sitting Support, Awake-Time Support (Pillow Only, 22" x 17.7" x 5.9")</p><p> -32% 0FF </p><p>$20.49</p><a href="https://www.amazon.com/dp/B09T6V8YH2?tag=eloabder-20&linkCode=osi&th=1&psc=1">View Product</a></div>
<div class="product"><a href="https://www.amazon.com/dp/B00B7TCX0I?tag=eloabder-20&linkCode=osi&th=1&psc=1"><img src="https://m.media-amazon.com/images/I/51n0rXJe9iL._SL500_.jpg" alt="Product Image"></a><p>Leading Lady Women's Nursing Tank Stylish Cami with Inner Shelf Bra, Black Stripe, Large</p><p> -59% 0FF </p><p>$13.98</p><a href="https://www.amazon.com/dp/B00B7TCX0I?tag=eloabder-20&linkCode=osi&th=1&psc=1">View Product</a></div><div class="product"><a href="https://www.amazon.com/dp/B07K72T7Q3?tag=eloabder-20&linkCode=osi&th=1&psc=1"><img src="https://m.media-amazon.com/images/I/31J5oWrxf6L._SL500_.jpg" alt="Product Image"></a><p>Lansinoh Reusable Nursing Pads, Nursing Essentials for Breastfeeding Mothers, 4 Absorbent Nursing Pads With Mesh Wash Bag, White Pads</p><p> -25% 0FF </p><p>$11.99</p><a href="https://www.amazon.com/dp/B07K72T7Q3?tag=eloabder-20&linkCode=osi&th=1&psc=1">View Product</a></div>

<div class="product"><a href="https://www.amazon.com/dp/B086134T3T?tag=eloabder-20&linkCode=osi&th=1&psc=1"><img src="https://m.media-amazon.com/images/I/41KhXKDGe-L._SL500_.jpg" alt="Product Image"></a><p>4our Kiddies Baby-Proof Outlet Covers (60 Pack) - Child Safety Electric Plug Protectors to Prevent Power Shock</p><p> -23% 0FF </p><p>$9.99</p><a href="https://www.amazon.com/dp/B086134T3T?tag=eloabder-20&linkCode=osi&th=1&psc=1">View Product</a></div><div class="product"><a href="https://www.amazon.com/dp/B08FBNKDKB?tag=eloabder-20&linkCode=osi&th=1&psc=1"><img src="https://m.media-amazon.com/images/I/318PTNFomwL._SL500_.jpg" alt="Product Image"></a><p>Outlet Cover Box for Child Safety (2 Pack) Duplex & Decorator Electrical Outlet Plates, Concealed Access Buttons, and Spacious Compartment - Jool Baby</p><p> -35% 0FF </p><p>$14.99</p><a href="https://www.amazon.com/dp/B08FBNKDKB?tag=eloabder-20&linkCode=osi&th=1&psc=1">View Product</a></div>
<div class="product"><a href="https://www.amazon.com/dp/B07TDN9MKC?tag=eloabder-20&linkCode=osi&th=1&psc=1"><img src="https://m.media-amazon.com/images/I/41K55mCBTsL._SL500_.jpg" alt="Product Image"></a><p>Philips Avent Soothie Orthodontic Baby Pacifiers, 100% Silicone Pacifiers, One Piece, BPA-Free, for Babies 0-3 Months, Green, 4 Pack, Model SCF190/41</p><p> -25% 0FF </p><p>$8.94</p><a href="https://www.amazon.com/dp/B07TDN9MKC?tag=eloabder-20&linkCode=osi&th=1&psc=1">View Product</a></div><div class="product"><a href="https://www.amazon.com/dp/B08177ZPKM?tag=eloabder-20&linkCode=osi&th=1&psc=1"><img src="https://m.media-amazon.com/images/I/41+0ETqpizL._SL500_.jpg" alt="Product Image"></a><p>Tommee Tippee Ultra-Light Silicone Pacifier, 0-6 Months, Symmetrical One-Piece Design, BPA-Free Silicone Binkies, Clear/Blue/Green, Pack of 4</p><p> -38% 0FF </p><p>$10.39</p><a href="https://www.amazon.com/dp/B08177ZPKM?tag=eloabder-20&linkCode=osi&th=1&psc=1">View Product</a></div><div class="product"><a href="https://www.amazon.com/dp/B09XJJB478?tag=eloabder-20&linkCode=osi&th=1&psc=1"><img src="https://m.media-amazon.com/images/I/31vbtPyMOGL._SL500_.jpg" alt="Product Image"></a><p>Dr. Brown's HappyPaci 100% Silicone Baby Pacifier, Contoured One-Piece Design, White, Blue, Light Blue, 0-6m, BPA-Free, 3 Pack</p><p> -17% 0FF </p><p>$4.97</p><a href="https://www.amazon.com/dp/B09XJJB478?tag=eloabder-20&linkCode=osi&th=1&psc=1">View Product</a></div><div class="product"><a href="https://www.amazon.com/dp/B09F6YC4MS?tag=eloabder-20&linkCode=osi&th=1&psc=1"><img src="https://m.media-amazon.com/images/I/31j7FmFh-9L._SL500_.jpg" alt="Product Image"></a><p>Itzy Ritzy Natural Rubber Pacifiers, Set of 2 – Natural Rubber Newborn Pacifiers with Cherry-Shaped Nipple & Large Air Holes for Added Safety; Set of 2 in Coconut & Toast, Ages 0 – 6 Months</p><p> -10% 0FF </p><p>$8.97</p><a href="https://www.amazon.com/dp/B09F6YC4MS?tag=eloabder-20&linkCode=osi&th=1&psc=1">View Product</a></div><div class="product"><a href="https://www.amazon.com/dp/B0835TX9TH?tag=eloabder-20&linkCode=osi&th=1&psc=1"><img src="https://m.media-amazon.com/images/I/413oViQleDL._SL500_.jpg" alt="Product Image"></a><p>NUK Orthodontic Pacifier Value Pack</p><p> -48% 0FF </p><p>$6.29</p><a href="https://www.amazon.com/dp/B0835TX9TH?tag=eloabder-20&linkCode=osi&th=1&psc=1">View Product</a></div><div class="product"><a href="https://www.amazon.com/dp/B0BJ4Q64L9?tag=eloabder-20&linkCode=osi&th=1&psc=1"><img src="https://m.media-amazon.com/images/I/31T4DaO7KeL._SL500_.jpg" alt="Product Image"></a><p>Tommee Tippee Ultra-light Silicone Pacifier, Symmetrical One-Piece Design, BPA-Free Silicone Binkies, 6-18 months, Pack of 4 Pacifiers</p><p> -32% 0FF </p><p>$11.51</p><a href="https://www.amazon.com/dp/B0BJ4Q64L9?tag=eloabder-20&linkCode=osi&th=1&psc=1">View Product</a></div><div class="product"><a href="https://www.amazon.com/dp/B0C5B1SLFL?tag=eloabder-20&linkCode=osi&th=1&psc=1"><img src="https://m.media-amazon.com/images/I/41XLQFTsedL._SL500_.jpg" alt="Product Image"></a><p>Philips Avent Ultra Soft Pacifier - 4 x Soft and Flexible Baby Pacifiers for Babies Aged 0-6 Months, BPA Free with Sterilizer Carry Case, SCF091/23</p><p> -7% 0FF </p><p>$12.94</p><a href="https://www.amazon.com/dp/B0C5B1SLFL?tag=eloabder-20&linkCode=osi&th=1&psc=1">View Product</a></div><div class="product"><a href="https://www.amazon.com/dp/B09H7LR2K2?tag=eloabder-20&linkCode=osi&th=1&psc=1"><img src="https://m.media-amazon.com/images/I/31J6KoAN3IL._SL500_.jpg" alt="Product Image"></a><p>MAM Original Start Matte Newborn Baby Pacifier, Best Pacifier for Breastfed Babies, Sterilizer Case, Girl, 0-3 Months (Pack of 2)</p><p> -38% 0FF </p><p>$4.99</p><a href="https://www.amazon.com/dp/B09H7LR2K2?tag=eloabder-20&linkCode=osi&th=1&psc=1">View Product</a></div>
<div class="product"><a href="https://www.amazon.com/dp/B0C98MM24R?tag=eloabder-20&linkCode=osi&th=1&psc=1"><img src="https://m.media-amazon.com/images/I/411zeOj8dIL._SL500_.jpg" alt="Product Image"></a><p>Silicone Pacifier Clip, Seposeve Pack of 3 Baby Pacifier Teether Clip with 4 Texture, Soft Flexible Silicone Pacifier Leashes & Cases for Boy and Girl, Keeps Pacifier Clean, Purple Pink White</p><p> -29% 0FF </p><p>$4.99</p><a href="https://www.amazon.com/dp/B0C98MM24R?tag=eloabder-20&linkCode=osi&th=1&psc=1">View Product</a></div><div class="product"><a href="https://www.amazon.com/dp/B0828BFK15?tag=eloabder-20&linkCode=osi&th=1&psc=1"><img src="https://m.media-amazon.com/images/I/41OXr2mKwYL._SL500_.jpg" alt="Product Image"></a><p>PandaEar Baby Pacifier Clips Solid Color, 4 Pack Universal Holder Leash for Boys and Girls, Teething Toys Teethers (Neutral)</p><p> -17% 0FF </p><p>$4.98</p><a href="https://www.amazon.com/dp/B0828BFK15?tag=eloabder-20&linkCode=osi&th=1&psc=1">View Product</a></div>
<div class="product"><a href="https://www.amazon.com/dp/B09JCJKMF2?tag=eloabder-20&linkCode=osi&th=1&psc=1"><img src="https://m.media-amazon.com/images/I/21hMAxonL8L._SL500_.jpg" alt="Product Image"></a><p>Ubbi On-The-Go Dual Pacifier Holder, Keep's Baby's Binkies Clean and Accessible, Portable for Travel, Diaper Bag Accessory Must Have for Newborns, Sage Green</p><p> -17% 0FF </p><p>$4.99</p><a href="https://www.amazon.com/dp/B09JCJKMF2?tag=eloabder-20&linkCode=osi&th=1&psc=1">View Product</a></div><div class="product"><a href="https://www.amazon.com/dp/B0BG8J1JJR?tag=eloabder-20&linkCode=osi&th=1&psc=1"><img src="https://m.media-amazon.com/images/I/31fDalcDyyL._SL500_.jpg" alt="Product Image"></a><p>PandaEar Pacifier Nipple Holder Case Container Boxes (4 Pack)| Universal Accessories Holders| Travel Cases| BPA Free</p><p> -17% 0FF </p><p>$4.95</p><a href="https://www.amazon.com/dp/B0BG8J1JJR?tag=eloabder-20&linkCode=osi&th=1&psc=1">View Product</a></div>
<div class="product"><a href="https://www.amazon.com/dp/B08625PRQL?tag=eloabder-20&linkCode=osi&th=1&psc=1"><img src="https://m.media-amazon.com/images/I/31PUIalU9CL._SL500_.jpg" alt="Product Image"></a><p>GROWNSY Pacifier Sanitizer Portable, UV Light Sanitizer on The Go, USB Charging Sanitizer Case, Mini Pacifier Sanitizer 99.99% Cleaned in 59 Seconds (White)</p><p> -10% 0FF </p><p>$26.95</p><a href="https://www.amazon.com/dp/B08625PRQL?tag=eloabder-20&linkCode=osi&th=1&psc=1">View Product</a></div><div class="product"><a href="https://www.amazon.com/dp/B0035LQNNE?tag=eloabder-20&linkCode=osi&th=1&psc=1"><img src="https://m.media-amazon.com/images/I/41DJ3x+h47L._SL500_.jpg" alt="Product Image"></a><p>Dr. Brown's Microwave Steam Sterilizer Bags for Baby Bottles, Pacifiers, Pump Parts and Accessories, Travel Baby Bottle Sterilizer, 30 Uses per Bag, 5 Count (Pack of 1)</p><p> -40% 0FF </p><p>$5.99</p><a href="https://www.amazon.com/dp/B0035LQNNE?tag=eloabder-20&linkCode=osi&th=1&psc=1">View Product</a></div>
<div class="product"><a href="https://www.amazon.com/dp/B0CRF9L25B?tag=eloabder-20&linkCode=osi&th=1&psc=1"><img src="https://m.media-amazon.com/images/I/41WW0AQ61YL._SL500_.jpg" alt="Product Image"></a><p>Comfy Cubs Baby Play Gym Set, Wooden Baby Playgym, Interactive Activity Center Hanging Bar with Gym Toys, Foldable for Infants, Newborn Gift for Baby Girl and Boy</p><p> -33% 0FF </p><p>$39.99</p><a href="https://www.amazon.com/dp/B0CRF9L25B?tag=eloabder-20&linkCode=osi&th=1&psc=1">View Product</a></div>
<div class="product"><a href="https://www.amazon.com/dp/B0BCVRHFX8?tag=eloabder-20&linkCode=osi&th=1&psc=1"><img src="https://m.media-amazon.com/images/I/41EoxD6Jb4L._SL500_.jpg" alt="Product Image"></a><p>Baby Playpen,Playpen, Playpen for Babies and Toddlers, Play Pen for Kids, Play Pens for Babies and Toddlers for Apartment (47 * 47 inch Grey with mat)</p><p> -23% 0FF </p><p>$46.21</p><a href="https://www.amazon.com/dp/B0BCVRHFX8?tag=eloabder-20&linkCode=osi&th=1&psc=1">View Product</a></div><div class="product"><a href="https://www.amazon.com/dp/B0BR7NFYTV?tag=eloabder-20&linkCode=osi&th=1&psc=1"><img src="https://m.media-amazon.com/images/I/41fdC8D+84L._SL500_.jpg" alt="Product Image"></a><p>COMOMY Playpens for Babies and Toddlers, Small Baby Play Pens, Activity Center for Baby Safe and Non-Slip Baby Fence, Full Mesh Design, Indoor & Outdoor Kids Activity Center (Dark Grey, 36"x36")</p><p> -20% 0FF </p><p>$39.99</p><a href="https://www.amazon.com/dp/B0BR7NFYTV?tag=eloabder-20&linkCode=osi&th=1&psc=1">View Product</a></div><div class="product"><a href="https://www.amazon.com/dp/B09ZDQ3C2Y?tag=eloabder-20&linkCode=osi&th=1&psc=1"><img src="https://m.media-amazon.com/images/I/41cGSa5tbrL._SL500_.jpg" alt="Product Image"></a><p>Pamo Babe Portable Crib Baby Playpen with Mattress and Carry Bag (Grey)</p><p> -29% 0FF </p><p>$48.99</p><a href="https://www.amazon.com/dp/B09ZDQ3C2Y?tag=eloabder-20&linkCode=osi&th=1&psc=1">View Product</a></div><div class="product"><a href="https://www.amazon.com/dp/B08BT16TH5?tag=eloabder-20&linkCode=osi&th=1&psc=1"><img src="https://m.media-amazon.com/images/I/41T3gWQReTL._SL500_.jpg" alt="Product Image"></a><p>Dream On Me Nest Portable Playard in Black with Carrybag an Shoulder Strap, Lightweight, Packable and Easy Setup Baby Playard, Breathable Mesh Sides and Soft Fabric - Comes with a Removable Padded Mat</p><p> -29% 0FF </p><p>$49.99</p><a href="https://www.amazon.com/dp/B08BT16TH5?tag=eloabder-20&linkCode=osi&th=1&psc=1">View Product</a></div>
<div class="product"><a href="https://www.amazon.com/dp/B07964SFW4?tag=eloabder-20&linkCode=osi&th=1&psc=1"><img src="https://m.media-amazon.com/images/I/415S7evTplL._SL500_.jpg" alt="Product Image"></a><p>Baby Trend Lil' Snooze Deluxe II Nursery Center, Twinkle Twinkle Little Moon</p><p> -10% 0FF </p><p>$89.99</p><a href="https://www.amazon.com/dp/B07964SFW4?tag=eloabder-20&linkCode=osi&th=1&psc=1">View Product</a></div><div class="product"><a href="https://www.amazon.com/dp/B0BMFQFZSH?tag=eloabder-20&linkCode=osi&th=1&psc=1"><img src="https://m.media-amazon.com/images/I/41tYFE0RalL._SL500_.jpg" alt="Product Image"></a><p>Pamo Babe Deluxe Nursery Center, Foldable Playard for Baby & Toddler, Bassinet, Mattress, Changing Table for Newborn(Black)</p><p> -22% 0FF </p><p>$155.99</p><a href="https://www.amazon.com/dp/B0BMFQFZSH?tag=eloabder-20&linkCode=osi&th=1&psc=1">View Product</a></div><div class="product"><a href="https://www.amazon.com/dp/B07HYV86RH?tag=eloabder-20&linkCode=osi&th=1&psc=1"><img src="https://m.media-amazon.com/images/I/41GWwVT9TQL._SL500_.jpg" alt="Product Image"></a><p>Baby Trend Trend-E Nursery Center® Playard, April</p><p> -20% 0FF </p><p>$79.99</p><a href="https://www.amazon.com/dp/B07HYV86RH?tag=eloabder-20&linkCode=osi&th=1&psc=1">View Product</a></div>
<div class="product"><a href="https://www.amazon.com/dp/B0BZQGQVD1?tag=eloabder-20&linkCode=osi&th=1&psc=1"><img src="https://m.media-amazon.com/images/I/41DuYrM0FML._SL500_.jpg" alt="Product Image"></a><p>Kopi Baby Portable Diaper Changing Pad - Baby Changing Pad & Diaper Changer Travel Bag, Smart Design Baby Changing Mat, Portable Changing Pad for Baby - Baby Changing Station, Infant Gift - Grey</p><p> -31% 0FF </p><p>$26.99</p><a href="https://www.amazon.com/dp/B0BZQGQVD1?tag=eloabder-20&linkCode=osi&th=1&psc=1">View Product</a></div><div class="product"><a href="https://www.amazon.com/dp/B085PXT49C?tag=eloabder-20&linkCode=osi&th=1&psc=1"><img src="https://m.media-amazon.com/images/I/51vXCxx-lHL._SL500_.jpg" alt="Product Image"></a><p>Portable Changing Pad for Baby|Travel Baby Changing Pads for Moms, Dads|Waterproof Portable Changing Mat with Built-in Pillow|Excellent Baby Shower/Registry Gifts</p><p> -19% 0FF </p><p>$12.99</p><a href="https://www.amazon.com/dp/B085PXT49C?tag=eloabder-20&linkCode=osi&th=1&psc=1">View Product</a></div><div class="product"><a href="https://www.amazon.com/dp/B082FZ4232?tag=eloabder-20&linkCode=osi&th=1&psc=1"><img src="https://m.media-amazon.com/images/I/51beBs2MbBL._SL500_.jpg" alt="Product Image"></a><p>First Landings Portable Diaper Changing Pad - Convenient Travel Changing Pad and Wipe Holder - Portable Changing Pad - Navy</p><p> -58% 0FF </p><p>$9.99</p><a href="https://www.amazon.com/dp/B082FZ4232?tag=eloabder-20&linkCode=osi&th=1&psc=1">View Product</a></div><div class="product"><a href="https://www.amazon.com/dp/B08N4W4CFC?tag=eloabder-20&linkCode=osi&th=1&psc=1"><img src="https://m.media-amazon.com/images/I/51vHXXugc9L._SL500_.jpg" alt="Product Image"></a><p>Portable Diaper Changing Pad for Baby, Detachable Travel Changing Pad with Baby Wipes Pocket, Gifts for Baby Shower, Newborn Girls and Boys (Grey)</p><p> -29% 0FF </p><p>$19.79</p><a href="https://www.amazon.com/dp/B08N4W4CFC?tag=eloabder-20&linkCode=osi&th=1&psc=1">View Product</a></div><div class="product"><a href="https://www.amazon.com/dp/B0CM9ZDFT7?tag=eloabder-20&linkCode=osi&th=1&psc=1"><img src="https://m.media-amazon.com/images/I/511OkyACRAL._SL500_.jpg" alt="Product Image"></a><p>Portable Changing Pad for Baby, Travel Diaper Changing Pad for Newborn, Large Waterproof Baby Changing Mat, Foldable & Detachable Diaper Changing Station with Baby Wipes Pockets, Baby Stuff by Pillani</p><p> -37% 0FF </p><p>$18.99</p><a href="https://www.amazon.com/dp/B0CM9ZDFT7?tag=eloabder-20&linkCode=osi&th=1&psc=1">View Product</a></div>
<div class="product"><a href="https://www.amazon.com/dp/B00AKKDSNG?tag=eloabder-20&linkCode=osi&th=1&psc=1"><img src="https://m.media-amazon.com/images/I/51nqUmC7OaL._SL500_.jpg" alt="Product Image"></a><p>Guava Lotus Travel Crib with Lightweight Backpack Design | Certified Baby Safe Portable Crib | Folding Play Yard with Comfy Mattress for Babies & Toddlers | Compact Baby Travel Bed</p><p> -18% 0FF </p><p>$229.95</p><a href="https://www.amazon.com/dp/B00AKKDSNG?tag=eloabder-20&linkCode=osi&th=1&psc=1">View Product</a></div><div class="product"><a href="https://www.amazon.com/dp/B07RZQC1T1?tag=eloabder-20&linkCode=osi&th=1&psc=1"><img src="https://m.media-amazon.com/images/I/41EMWNVnnYL._SL500_.jpg" alt="Product Image"></a><p>Pamo Babe Portable Crib for Baby, Portable Baby Playpen with Bassinet and Changing Table</p><p> -15% 0FF </p><p>$109.99</p><a href="https://www.amazon.com/dp/B07RZQC1T1?tag=eloabder-20&linkCode=osi&th=1&psc=1">View Product</a></div><div class="product"><a href="https://www.amazon.com/dp/B01F9FLEL4?tag=eloabder-20&linkCode=osi&th=1&psc=1"><img src="https://m.media-amazon.com/images/I/51HNrjQ09pL._SL500_.jpg" alt="Product Image"></a><p>Baby Trend Nursery Center® Playard, Tanzania</p><p> -20% 0FF </p><p>$79.99</p><a href="https://www.amazon.com/dp/B01F9FLEL4?tag=eloabder-20&linkCode=osi&th=1&psc=1">View Product</a></div>
<div class="product"><a href="https://www.amazon.com/dp/B0CXY9DDW9?tag=eloabder-20&linkCode=osi&th=1&psc=1"><img src="https://m.media-amazon.com/images/I/31MFNOwDz8L._SL500_.jpg" alt="Product Image"></a><p>Bluey Playtime Floor Potty Trainer w/Sound</p><p> -20% 0FF </p><p>$31.99</p><a href="https://www.amazon.com/dp/B0CXY9DDW9?tag=eloabder-20&linkCode=osi&th=1&psc=1">View Product</a></div>


<div class="product"><a href="https://www.amazon.com/dp/B0825YNHG9?tag=eloabder-20&linkCode=osi&th=1&psc=1"><img src="https://m.media-amazon.com/images/I/515zQEdiriL._SL500_.jpg" alt="Product Image"></a><p>wegreeco Cloth Diapers 6 Pack with 6 Inserts & 1 Wet Bag, Washable Cloth Diapers for Babies, One Size Adjustable Reusable Diapers Baby (Flower)</p><p> -17% 0FF </p><p>$31.85</p><a href="https://www.amazon.com/dp/B0825YNHG9?tag=eloabder-20&linkCode=osi&th=1&psc=1">View Product</a></div><div class="product"><a href="https://www.amazon.com/dp/B0D5HMWY6V?tag=eloabder-20&linkCode=osi&th=1&psc=1"><img src="https://m.media-amazon.com/images/I/41U1XPfqxlL._SL500_.jpg" alt="Product Image"></a><p>Smarbore Baby Cloth Diapers Set-4 Pack Diapers with 4 Inserts & 1 Wet Dry Separation Bag, Reusable Infant Toddler Nappy, Adjustable Pocket Diapers for Baby Boys and Girls(6-33 pounds,0-3 Years)</p><p> -7% 0FF </p><p>$25.99 ($2.89 / Count)</p><a href="https://www.amazon.com/dp/B0D5HMWY6V?tag=eloabder-20&linkCode=osi&th=1&psc=1">View Product</a></div>
<div class="product"><a href="https://www.amazon.com/dp/B0CG1T96CP?tag=eloabder-20&linkCode=osi&th=1&psc=1"><img src="https://m.media-amazon.com/images/I/41Zc2WoVYUL._SL500_.jpg" alt="Product Image"></a><p>Yaheetech Upholstered Rocking Chair, Boucle Glider Chair Nursery Chair with High Back and Side Pocket, Rocking Accent Armchair with Rubber Wood Legs for Living Room/Bedroom/Nursery, Ivory</p><p> -41% 0FF </p><p>$99.99</p><a href="https://www.amazon.com/dp/B0CG1T96CP?tag=eloabder-20&linkCode=osi&th=1&psc=1">View Product</a></div><div class="product"><a href="https://www.amazon.com/dp/B0815ZR4LN?tag=eloabder-20&linkCode=osi&th=1&psc=1"><img src="https://m.media-amazon.com/images/I/31z4fzPBkHL._SL500_.jpg" alt="Product Image"></a><p>Evolur Raleigh Upholstered Nursery Glider, Swivel, Rock, Recliner, Tool Free Assembly, Greenguard Gold Certified Misty Grey</p><p> -43% 0FF </p><p>$199.99</p><a href="https://www.amazon.com/dp/B0815ZR4LN?tag=eloabder-20&linkCode=osi&th=1&psc=1">View Product</a></div><div class="product"><a href="https://www.amazon.com/dp/B01N4KL7QS?tag=eloabder-20&linkCode=osi&th=1&psc=1"><img src="https://m.media-amazon.com/images/I/51EIu4gTPDL._SL500_.jpg" alt="Product Image"></a><p>Angel Line Windsor Glider and Ottoman, Natural and Gray</p><p> -21% 0FF </p><p>$139.00</p><a href="https://www.amazon.com/dp/B01N4KL7QS?tag=eloabder-20&linkCode=osi&th=1&psc=1">View Product</a></div><div class="product"><a href="https://www.amazon.com/dp/B0DF2PJ5KH?tag=eloabder-20&linkCode=osi&th=1&psc=1"><img src="https://m.media-amazon.com/images/I/51wf3SLefBL._SL500_.jpg" alt="Product Image"></a><p>VECELO High Back Nursery Rocking Chair with Foot Rest, Teddy Upholstered Reclining Glider Rocker, Comfy Armchair Padded Seat Removable Side Pockets for Living Room, Bedroom, Balcony, White</p><p> -7% 0FF </p><p>$129.99</p><a href="https://www.amazon.com/dp/B0DF2PJ5KH?tag=eloabder-20&linkCode=osi&th=1&psc=1">View Product</a></div>
<div class="product"><a href="https://www.amazon.com/dp/B0D4YY8V2Z?tag=eloabder-20&linkCode=osi&th=1&psc=1"><img src="https://m.media-amazon.com/images/I/41ckUZsbOhL._SL500_.jpg" alt="Product Image"></a><p>JXM Safety Harness for Active Childs with Quick Grab Handle, Teens Youth Secure Walking Harness with Autism Awareness and Pouch, Adjustable Tether Leash for Autism ADHD Special Needs Child Kids</p><p> -11% 0FF </p><p>$24.99</p><a href="https://www.amazon.com/dp/B0D4YY8V2Z?tag=eloabder-20&linkCode=osi&th=1&psc=1">View Product</a></div><div class="product"><a href="https://www.amazon.com/dp/B0CMTXJ956?tag=eloabder-20&linkCode=osi&th=1&psc=1"><img src="https://m.media-amazon.com/images/I/41isiqOFw+L._SL500_.jpg" alt="Product Image"></a><p>Kanayu 2 Pcs Walking Harness for Older Children with Handle and Pouch Safety Harness for Autism ADHD Special Needs Child Kids(8-12 Years)</p><p> -12% 0FF </p><p>$22.99</p><a href="https://www.amazon.com/dp/B0CMTXJ956?tag=eloabder-20&linkCode=osi&th=1&psc=1">View Product</a></div><div class="product"><a href="https://www.amazon.com/dp/B0CFY3B37N?tag=eloabder-20&linkCode=osi&th=1&psc=1"><img src="https://m.media-amazon.com/images/I/41i7J-tFLEL._SL500_.jpg" alt="Product Image"></a><p>ROSROSE Child Airplane Safety Travel Harness, Airplane Travel Accessories for Kid Toddler, Child Aviation Flight Seat Device/Seat Belt, Safety Restraint System Helps Keep Your Child Safe</p><p> -10% 0FF </p><p>$22.55</p><a href="https://www.amazon.com/dp/B0CFY3B37N?tag=eloabder-20&linkCode=osi&th=1&psc=1">View Product</a></div>
<div class="product"><a href="https://www.amazon.com/dp/B08WDLZ9YF?tag=eloabder-20&linkCode=osi&th=1&psc=1"><img src="https://m.media-amazon.com/images/I/41yh9vV9UTL._SL500_.jpg" alt="Product Image"></a><p>Safety 1st Healthcare On-The-go Kit, Pyramids Aqua</p><p> -27% 0FF </p><p>$9.53</p><a href="https://www.amazon.com/dp/B08WDLZ9YF?tag=eloabder-20&linkCode=osi&th=1&psc=1">View Product</a></div>
<div class="product"><a href="https://www.amazon.com/dp/B0009EXOIM?tag=eloabder-20&linkCode=osi&th=1&psc=1"><img src="https://m.media-amazon.com/images/I/41tq74vnvfL._SL500_.jpg" alt="Product Image"></a><p>Safety 1st 12 Pack Ultra Clear Outlet Plugs</p><p> -55% 0FF </p><p>$2.99</p><a href="https://www.amazon.com/dp/B0009EXOIM?tag=eloabder-20&linkCode=osi&th=1&psc=1">View Product</a></div>
<div class="product"><a href="https://www.amazon.com/dp/B0CNVZN4JY?tag=eloabder-20&linkCode=osi&th=1&psc=1"><img src="https://m.media-amazon.com/images/I/41w4Hn9rrKL._SL500_.jpg" alt="Product Image"></a><p>UBBCARE Bed Rail for Toddlers, 32 Inch Bed Guard Rail, Extra Tall Child Safety Side Crib Rail for Baby, Kids, Fit for Twin, Full, Queen, King Size Beds</p><p> -19% 0FF </p><p>$25.99</p><a href="https://www.amazon.com/dp/B0CNVZN4JY?tag=eloabder-20&linkCode=osi&th=1&psc=1">View Product</a></div><div class="product"><a href="https://www.amazon.com/dp/B0D63187J9?tag=eloabder-20&linkCode=osi&th=1&psc=1"><img src="https://m.media-amazon.com/images/I/41Y5kEXGVpL._SL500_.jpg" alt="Product Image"></a><p>Bed Guard Rail for Toddlers - 32inch Folding up & Adjustable Heights Baby Bed Safety Rails - Portable Toddler Bed Barrier Railing Guard for Kids Twin, Bunk, Queen, Full Size Bed</p><p> -13% 0FF </p><p>$34.99</p><a href="https://www.amazon.com/dp/B0D63187J9?tag=eloabder-20&linkCode=osi&th=1&psc=1">View Product</a></div>

<div class="product"><a href="https://www.amazon.com/dp/B0CD42KQ3K?tag=eloabder-20&linkCode=osi&th=1&psc=1"><img src="https://m.media-amazon.com/images/I/41c9zvmFrLL._SL500_.jpg" alt="Product Image"></a><p>TOHIBEE Baby Montessori Sensory Toys for 0-6 6-12 Months, Food Grade Teething Toys for Babies 0 3 6 9 12 18 Months, Newborn Infant Learning Developmental Toys Gifts for 1 2 Year Old Boys Girls</p><p> -50% 0FF </p><p>$9.99</p><a href="https://www.amazon.com/dp/B0CD42KQ3K?tag=eloabder-20&linkCode=osi&th=1&psc=1">View Product</a></div><div class="product"><a href="https://www.amazon.com/dp/B0CNNZKL6Z?tag=eloabder-20&linkCode=osi&th=1&psc=1"><img src="https://m.media-amazon.com/images/I/419qSwSFEIL._SL500_.jpg" alt="Product Image"></a><p>MIUXUESO 3 Pcs Baby Flower Headbands Baby Girls Nylon Headbands Soft Hairbands Hair Accessories for Newborn Infant Toddler Kids (Beige Pink Khaki)</p><p> -11% 0FF </p><p>$8.89 ($2.96 / Count)</p><a href="https://www.amazon.com/dp/B0CNNZKL6Z?tag=eloabder-20&linkCode=osi&th=1&psc=1">View Product</a></div><div class="product"><a href="https://www.amazon.com/dp/B0CRLDXBYN?tag=eloabder-20&linkCode=osi&th=1&psc=1"><img src="https://m.media-amazon.com/images/I/51U5mzLT4CL._SL500_.jpg" alt="Product Image"></a><p>Cute Castle Baby Sleep Sack 0-6 Months - Lightweight 100% Cotton 2-Way Zipper TOG 0.5 Infant Wearable Blanket, Newborn Essentials Toddler Sleep Clothes (3 Pack Green)</p><p> -41% 0FF </p><p>$26.98</p><a href="https://www.amazon.com/dp/B0CRLDXBYN?tag=eloabder-20&linkCode=osi&th=1&psc=1">View Product</a></div><div class="product"><a href="https://www.amazon.com/dp/B0CNSPHBBG?tag=eloabder-20&linkCode=osi&th=1&psc=1"><img src="https://m.media-amazon.com/images/I/41KtLZ6dp3L._SL500_.jpg" alt="Product Image"></a><p>Arnzion Baby Hooded Towels for Babies and Toddlers, Muslin Baby Bath Towel Soft and Absorbent for Boys and Girls (Dark Grey 1 Pack)</p><p> -10% 0FF </p><p>$8.99</p><a href="https://www.amazon.com/dp/B0CNSPHBBG?tag=eloabder-20&linkCode=osi&th=1&psc=1">View Product</a></div><div class="product"><a href="https://www.amazon.com/dp/B0C6Y89H47?tag=eloabder-20&linkCode=osi&th=1&psc=1"><img src="https://m.media-amazon.com/images/I/41SIANIdhkL._SL500_.jpg" alt="Product Image"></a><p>HelloBaby Upgrade 5’’ Baby Monitor with 26-Hour Battery, 2 Cameras Pan-Tilt-Zoom, 1000ft Range Video Audio Baby Monitor No WiFi, VOX, Night Vision, 2-Way Talk, 8 Lullabies and Temperature</p><p> -22% 0FF </p><p>$139.99</p><a href="https://www.amazon.com/dp/B0C6Y89H47?tag=eloabder-20&linkCode=osi&th=1&psc=1">View Product</a></div><div class="product"><a href="https://www.amazon.com/dp/B0CLGCN5ZS?tag=eloabder-20&linkCode=osi&th=1&psc=1"><img src="https://m.media-amazon.com/images/I/41PuaWmW8rL._SL500_.jpg" alt="Product Image"></a><p>Momcozy Baby Carrier Newborn to Toddler - Ergonomic, Cozy and Lightweight Infant Carrier for 7-44lbs, Effortless to Put On, Ideal for Hands-Free Parenting, Enhanced Lumbar Support, Khaki</p><p> -7% 0FF </p><p>$64.99</p><a href="https://www.amazon.com/dp/B0CLGCN5ZS?tag=eloabder-20&linkCode=osi&th=1&psc=1">View Product</a></div>
<div class="product"><a href="https://www.amazon.com/dp/B09B94C44F?tag=eloabder-20&linkCode=osi&th=1&psc=1"><img src="https://m.media-amazon.com/images/I/41mrmM0elVL._SL500_.jpg" alt="Product Image"></a><p>Fisher-Price Baby to Toddler Learning Toy 2-in-1 Like a Boss Activity Center and Play Table with Lights Music and Sounds</p><p> -33% 0FF </p><p>$73.99</p><a href="https://www.amazon.com/dp/B09B94C44F?tag=eloabder-20&linkCode=osi&th=1&psc=1">View Product</a></div><div class="product"><a href="https://www.amazon.com/dp/B08D8RSLXW?tag=eloabder-20&linkCode=osi&th=1&psc=1"><img src="https://m.media-amazon.com/images/I/41CTM7vmqIL._SL500_.jpg" alt="Product Image"></a><p>Smart Steps® Bounce N’ Play 3-in-1 Activity Center, Woodland Walk</p><p> -14% 0FF </p><p>$59.99</p><a href="https://www.amazon.com/dp/B08D8RSLXW?tag=eloabder-20&linkCode=osi&th=1&psc=1">View Product</a></div><div class="product"><a href="https://www.amazon.com/dp/B08WQB3JQW?tag=eloabder-20&linkCode=osi&th=1&psc=1"><img src="https://m.media-amazon.com/images/I/413UkTCXRJL._SL500_.jpg" alt="Product Image"></a><p>Smart Steps® 3-in-1 Bounce N' Play Activity Center Plus with STEM Learning Toys, Tike Hike</p><p> -33% 0FF </p><p>$59.99</p><a href="https://www.amazon.com/dp/B08WQB3JQW?tag=eloabder-20&linkCode=osi&th=1&psc=1">View Product</a></div><div class="product"><a href="https://www.amazon.com/dp/B0B5JJGGTC?tag=eloabder-20&linkCode=osi&th=1&psc=1"><img src="https://m.media-amazon.com/images/I/41hewN3eW6L._SL500_.jpg" alt="Product Image"></a><p>Fisher-Price Baby to Toddler Toy 3-in-1 SnugaPuppy Activity Center and Play Table with Lights Sounds and Developmental Activities</p><p> -23% 0FF </p><p>$99.99</p><a href="https://www.amazon.com/dp/B0B5JJGGTC?tag=eloabder-20&linkCode=osi&th=1&psc=1">View Product</a></div><div class="product"><a href="https://www.amazon.com/dp/B07BF1V8K8?tag=eloabder-20&linkCode=osi&th=1&psc=1"><img src="https://m.media-amazon.com/images/I/51kWbX5t3FL._SL500_.jpg" alt="Product Image"></a><p>Battat - Activity Cube With Farm Theme - Educational Wooden Toys For Toddlers And Kids - 1 Year +</p><p> -42% 0FF </p><p>$59.95</p><a href="https://www.amazon.com/dp/B07BF1V8K8?tag=eloabder-20&linkCode=osi&th=1&psc=1">View Product</a></div>
<div class="product"><a href="https://www.amazon.com/dp/B07MPCCDM7?tag=eloabder-20&linkCode=osi&th=1&psc=1"><img src="https://m.media-amazon.com/images/I/414WzjZL6XL._SL500_.jpg" alt="Product Image"></a><p>Baby Einstein 4-in-1 Kickin' Tunes Music and Language Play Gym and Piano Tummy Time Activity Mat</p><p> -20% 0FF </p><p>$39.98</p><a href="https://www.amazon.com/dp/B07MPCCDM7?tag=eloabder-20&linkCode=osi&th=1&psc=1">View Product</a></div><div class="product"><a href="https://www.amazon.com/dp/B0793D9WBY?tag=eloabder-20&linkCode=osi&th=1&psc=1"><img src="https://m.media-amazon.com/images/I/51SJobuKTzL._SL500_.jpg" alt="Product Image"></a><p>Fisher-Price Baby Playmat Deluxe Kick & Play Piano Gym, Green Musical Learning Toy with 2 Rattle Maracas for Developmental Play Newborns 0+ Months</p><p> -18% 0FF </p><p>$49.49</p><a href="https://www.amazon.com/dp/B0793D9WBY?tag=eloabder-20&linkCode=osi&th=1&psc=1">View Product</a></div><div class="product"><a href="https://www.amazon.com/dp/B0B5JXBMZJ?tag=eloabder-20&linkCode=osi&th=1&psc=1"><img src="https://m.media-amazon.com/images/I/51zfjAIFbcL._SL500_.jpg" alt="Product Image"></a><p>Fisher-Price Baby Playmat Kick & Play Piano Gym with Musical and Sensory Toys for Newborn to Toddler, Navy Fawn</p><p> -27% 0FF </p><p>$39.88</p><a href="https://www.amazon.com/dp/B0B5JXBMZJ?tag=eloabder-20&linkCode=osi&th=1&psc=1">View Product</a></div><div class="product"><a href="https://www.amazon.com/dp/B0036RKGHQ?tag=eloabder-20&linkCode=osi&th=1&psc=1"><img src="https://m.media-amazon.com/images/I/51ciJPgVi-L._SL500_.jpg" alt="Product Image"></a><p>Bright Starts Disney Baby Finding Nemo Mr. Ray Ocean Lights & Music Gym, Ages Newborn +</p><p> -18% 0FF </p><p>$69.98</p><a href="https://www.amazon.com/dp/B0036RKGHQ?tag=eloabder-20&linkCode=osi&th=1&psc=1">View Product</a></div>
<div class="product"><a href="https://www.amazon.com/dp/B0C8HGTL8Y?tag=eloabder-20&linkCode=osi&th=1&psc=1"><img src="https://m.media-amazon.com/images/I/41JRClg8WzL._SL500_.jpg" alt="Product Image"></a><p>Baby Trend Everlast 7-in-1 High Chair, Charcoal Stone</p><p> -50% 0FF </p><p>$49.99</p><a href="https://www.amazon.com/dp/B0C8HGTL8Y?tag=eloabder-20&linkCode=osi&th=1&psc=1">View Product</a></div><div class="product"><a href="https://www.amazon.com/dp/B08DY55SQZ?tag=eloabder-20&linkCode=osi&th=1&psc=1"><img src="https://m.media-amazon.com/images/I/31Gi5M2n0TL._SL500_.jpg" alt="Product Image"></a><p>Evenflo 4-in-1 Eat & Grow Convertible High Chair,Polyester</p><p> -9% 0FF </p><p>$62.99</p><a href="https://www.amazon.com/dp/B08DY55SQZ?tag=eloabder-20&linkCode=osi&th=1&psc=1">View Product</a></div><div class="product"><a href="https://www.amazon.com/dp/B0BDSWVGJN?tag=eloabder-20&linkCode=osi&th=1&psc=1"><img src="https://m.media-amazon.com/images/I/31RKzujFVpL._SL500_.jpg" alt="Product Image"></a><p>Graco EveryStep 6 in 1 High Chair, Babies and Toddlers Portable Slim High Chair with 6 Growing Stages from Infant to Toddler Seating, Convenient for Dining Time, Featured Design in Misty</p><p> -12% 0FF </p><p>$176.99</p><a href="https://www.amazon.com/dp/B0BDSWVGJN?tag=eloabder-20&linkCode=osi&th=1&psc=1">View Product</a></div><div class="product"><a href="https://www.amazon.com/dp/B0DFGSY7D2?tag=eloabder-20&linkCode=osi&th=1&psc=1"><img src="https://m.media-amazon.com/images/I/41LuMCYsLxL._SL500_.jpg" alt="Product Image"></a><p>High Chair,IJHIJH Baby High Chair,Foldable High Chair,High Chair for Babies and Toddlers,Double-Layer Large Tray,Backrest and Height Adjustable,5-Point Safety Belt,Non-Slip Mat,Space Saving</p><p> -23% 0FF </p><p>$99.99</p><a href="https://www.amazon.com/dp/B0DFGSY7D2?tag=eloabder-20&linkCode=osi&th=1&psc=1">View Product</a></div><div class="product"><a href="https://www.amazon.com/dp/B01MRVWGJH?tag=eloabder-20&linkCode=osi&th=1&psc=1"><img src="https://m.media-amazon.com/images/I/41HxUVOWn-L._SL500_.jpg" alt="Product Image"></a><p>Cosco Simple Fold Full Size High Chair With Adjustable Tray, 28.5x23.5x38.7 Inch (Pack of 1)</p><p> -23% 0FF </p><p>$49.99</p><a href="https://www.amazon.com/dp/B01MRVWGJH?tag=eloabder-20&linkCode=osi&th=1&psc=1">View Product</a></div><div class="product"><a href="https://www.amazon.com/dp/B0B1QRSXW9?tag=eloabder-20&linkCode=osi&th=1&psc=1"><img src="https://m.media-amazon.com/images/I/41k+dOKhnqL._SL500_.jpg" alt="Product Image"></a><p>Baby Trend Sit Right 2.0 3-in-1 High Chair - Cozy Grey</p><p> -25% 0FF </p><p>$59.99</p><a href="https://www.amazon.com/dp/B0B1QRSXW9?tag=eloabder-20&linkCode=osi&th=1&psc=1">View Product</a></div><div class="product"><a href="https://www.amazon.com/dp/B08HKPPJPV?tag=eloabder-20&linkCode=osi&th=1&psc=1"><img src="https://m.media-amazon.com/images/I/31cMtIzV9lL._SL500_.jpg" alt="Product Image"></a><p>Graco® Table2Table LX 6-in-1 Highchair, Arrows with Infant Head Support & One-Hand Removable Tray</p><p> -16% 0FF </p><p>$100.99</p><a href="https://www.amazon.com/dp/B08HKPPJPV?tag=eloabder-20&linkCode=osi&th=1&psc=1">View Product</a></div><div class="product"><a href="https://www.amazon.com/dp/B07Y5RY7QT?tag=eloabder-20&linkCode=osi&th=1&psc=1"><img src="https://m.media-amazon.com/images/I/31IiUCIU1JL._SL500_.jpg" alt="Product Image"></a><p>Graco DuoDiner DLX 6-in-1 Highchair, Mathis</p><p> -7% 0FF </p><p>$139.99</p><a href="https://www.amazon.com/dp/B07Y5RY7QT?tag=eloabder-20&linkCode=osi&th=1&psc=1">View Product</a></div><div class="product"><a href="https://www.amazon.com/dp/B091M5MT2L?tag=eloabder-20&linkCode=osi&th=1&psc=1"><img src="https://m.media-amazon.com/images/I/31ukjyiALGL._SL500_.jpg" alt="Product Image"></a><p>Century Dine On 4-in-1 High Chair, Grows with Child with 4 Modes, Metro</p><p> -11% 0FF </p><p>$79.99</p><a href="https://www.amazon.com/dp/B091M5MT2L?tag=eloabder-20&linkCode=osi&th=1&psc=1">View Product</a></div>
<div class="product"><a href="https://www.amazon.com/dp/B000MR4IX6?tag=eloabder-20&linkCode=osi&th=1&psc=1"><img src="https://m.media-amazon.com/images/I/31QxBnnFyKL._SL500_.jpg" alt="Product Image"></a><p>Crane Adorables Ultrasonic Humidifiers for Bedroom and Baby Nursery, 1 Gallon Cool Mist Air Humidifier for Large Room or Kid's Room, Humidifier Filters Optional, Hello Kitty</p><p> -10% 0FF </p><p>$53.99</p><a href="https://www.amazon.com/dp/B000MR4IX6?tag=eloabder-20&linkCode=osi&th=1&psc=1">View Product</a></div><div class="product"><a href="https://www.amazon.com/dp/B001ADL1SG?tag=eloabder-20&linkCode=osi&th=1&psc=1"><img src="https://m.media-amazon.com/images/I/31jxnLUt3iL._SL500_.jpg" alt="Product Image"></a><p>Crane Ultrasonic Cool Mist Humidifier for Bedroom, Baby Nursery, Kids Room, Plants, or Office, Large 1 Gallon Tank, Filter Optional, Blue and White</p><p> -25% 0FF </p><p>$44.99</p><a href="https://www.amazon.com/dp/B001ADL1SG?tag=eloabder-20&linkCode=osi&th=1&psc=1">View Product</a></div><div class="product"><a href="https://www.amazon.com/dp/B089QWNQXC?tag=eloabder-20&linkCode=osi&th=1&psc=1"><img src="https://m.media-amazon.com/images/I/31SHRor76xL._SL500_.jpg" alt="Product Image"></a><p>Dr. Brown's All-in-One Sterilizer and Dryer for Baby Bottles, Parts & Other Newborn Essentials</p><p> -28% 0FF </p><p>$57.99</p><a href="https://www.amazon.com/dp/B089QWNQXC?tag=eloabder-20&linkCode=osi&th=1&psc=1">View Product</a></div><div class="product"><a href="https://www.amazon.com/dp/B008KJEYLO?tag=eloabder-20&linkCode=osi&th=1&psc=1"><img src="https://m.media-amazon.com/images/I/516vqHBFtxL._SL500_.jpg" alt="Product Image"></a><p>WaterWipes Plastic-Free Original Baby Wipes, 99.9% Water Based Wipes, Unscented & Hypoallergenic for Sensitive Skin, 60 Count (Pack of 12), Packaging May Vary</p><p> -13% 0FF </p><p>$39.97 ($5.55 / 100 Count)</p><a href="https://www.amazon.com/dp/B008KJEYLO?tag=eloabder-20&linkCode=osi&th=1&psc=1">View Product</a></div><div class="product"><a href="https://www.amazon.com/dp/B094YK9MB1?tag=eloabder-20&linkCode=osi&th=1&psc=1"><img src="https://m.media-amazon.com/images/I/31h+m99qpwL._SL500_.jpg" alt="Product Image"></a><p>Westinghouse 28-inch Cool Mist Ultrasonic Tower Humidifier, 6L Top Fill Air Humidifier with Essential Oil Diffuser, Adjustable Mist Volume for Large Bedrooms</p><p> -50% 0FF </p><p>$59.99</p><a href="https://www.amazon.com/dp/B094YK9MB1?tag=eloabder-20&linkCode=osi&th=1&psc=1">View Product</a></div>
<div class="product"><a href="https://www.amazon.com/dp/B0961KZ9X2?tag=eloabder-20&linkCode=osi&th=1&psc=1"><img src="https://m.media-amazon.com/images/I/41AUjJ8u93S._SL500_.jpg" alt="Product Image"></a><p>Philips Avent Anti-Colic Baby Bottle with AirFree Vent, 9oz, 4pk, Clear, SCY703/04</p><p> -20% 0FF </p><p>$23.99</p><a href="https://www.amazon.com/dp/B0961KZ9X2?tag=eloabder-20&linkCode=osi&th=1&psc=1">View Product</a></div><div class="product"><a href="https://www.amazon.com/dp/B00K5KVC52?tag=eloabder-20&linkCode=osi&th=1&psc=1"><img src="https://m.media-amazon.com/images/I/411dDDTfnQL._SL500_.jpg" alt="Product Image"></a><p>Tommee Tippee Natural Start Anti-Colic BPA Free Baby Bottles, 9oz, Slow-Flow Breast-Like Nipple for a Natural Latch, Designed for Seamless Transitions Between Bottle and Breast, Fiesta, Pack of 6</p><p> -44% 0FF </p><p>$23.97</p><a href="https://www.amazon.com/dp/B00K5KVC52?tag=eloabder-20&linkCode=osi&th=1&psc=1">View Product</a></div><div class="product"><a href="https://www.amazon.com/dp/B00H0DH2NS?tag=eloabder-20&linkCode=osi&th=1&psc=1"><img src="https://m.media-amazon.com/images/I/41-a1Bfp4SL._SL500_.jpg" alt="Product Image"></a><p>Lansinoh Anti-Colic Baby Bottles for Breastfeeding Babies, 5 Ounces, 3 Count, Includes 3 Slow Flow Nipples, Size S</p><p> -25% 0FF </p><p>$14.99</p><a href="https://www.amazon.com/dp/B00H0DH2NS?tag=eloabder-20&linkCode=osi&th=1&psc=1">View Product</a></div><div class="product"><a href="https://www.amazon.com/dp/B07M6QQP9Z?tag=eloabder-20&linkCode=osi&th=1&psc=1"><img src="https://m.media-amazon.com/images/I/41DGyuAuyJL._SL500_.jpg" alt="Product Image"></a><p>Dr. Brown's Natural Flow Anti-Colic Options+ Wide-Neck Glass Baby Bottles 5 oz/150 mL, with Level 1 Slow Flow Nipple, 3 Pack, 0m+</p><p> -17% 0FF </p><p>$23.99</p><a href="https://www.amazon.com/dp/B07M6QQP9Z?tag=eloabder-20&linkCode=osi&th=1&psc=1">View Product</a></div>
<div class="product"><a href="https://www.amazon.com/dp/B00MN6IGPK?tag=eloabder-20&linkCode=osi&th=1&psc=1"><img src="https://m.media-amazon.com/images/I/41QKUlWUujL._SL500_.jpg" alt="Product Image"></a><p>Pioneer Photo Albums DA-200COLB/B 200-Pocket Embossed Baby Leatherette Frame Cover Album for 4 by 6-Inch Prints, Blue</p><p> -20% 0FF </p><p>$13.58</p><a href="https://www.amazon.com/dp/B00MN6IGPK?tag=eloabder-20&linkCode=osi&th=1&psc=1">View Product</a></div><div class="product"><a href="https://www.amazon.com/dp/B09G9LD7MR?tag=eloabder-20&linkCode=osi&th=1&psc=1"><img src="https://m.media-amazon.com/images/I/41G9dvP0dRL._SL500_.jpg" alt="Product Image"></a><p>Holoary Baby Photo Album 4” x 6” 160 Photos, Newborn Baby Keepsake Gifts for Baby Boy/Girl and New Parents, Woodland Animals Design</p><p> -15% 0FF </p><p>$16.99</p><a href="https://www.amazon.com/dp/B09G9LD7MR?tag=eloabder-20&linkCode=osi&th=1&psc=1">View Product</a></div>
<div class="product"><a href="https://www.amazon.com/dp/B099FM4W4H?tag=eloabder-20&linkCode=osi&th=1&psc=1"><img src="https://m.media-amazon.com/images/I/41oW5RAdkOL._SL500_.jpg" alt="Product Image"></a><p>Frida Baby 4-in-1 Grow-with-Me Baby Bathtub, Baby Tub for Newborns to Toddler with Removable Bath Seat & Backrest for Bath Support in Tub</p><p> -9% 0FF </p><p>$49.97</p><a href="https://www.amazon.com/dp/B099FM4W4H?tag=eloabder-20&linkCode=osi&th=1&psc=1">View Product</a></div><div class="product"><a href="https://www.amazon.com/dp/B008VWVS14?tag=eloabder-20&linkCode=osi&th=1&psc=1"><img src="https://m.media-amazon.com/images/I/41SmMRWIinL._SL500_.jpg" alt="Product Image"></a><p>Angelcare Baby Bath Support (Aqua) | Ideal for Babies Less than 6 Months Old</p><p> -33% 0FF </p><p>$19.99</p><a href="https://www.amazon.com/dp/B008VWVS14?tag=eloabder-20&linkCode=osi&th=1&psc=1">View Product</a></div><div class="product"><a href="https://www.amazon.com/dp/B0856SSQ1X?tag=eloabder-20&linkCode=osi&th=1&psc=1"><img src="https://m.media-amazon.com/images/I/31uBL4LsJbL._SL500_.jpg" alt="Product Image"></a><p>Fisher-Price Baby to Toddler Bath 4-in-1 Sling ‘n Seat Tub with Removable Infant Support and 2 Toys, Pacific Pebble</p><p> -11% 0FF </p><p>$39.99</p><a href="https://www.amazon.com/dp/B0856SSQ1X?tag=eloabder-20&linkCode=osi&th=1&psc=1">View Product</a></div><div class="product"><a href="https://www.amazon.com/dp/B0BFVBMM2Y?tag=eloabder-20&linkCode=osi&th=1&psc=1"><img src="https://m.media-amazon.com/images/I/31HpHQ7IjxL._SL500_.jpg" alt="Product Image"></a><p>The First Years Renewed Baby Bath Tub - Newborn to Toddler 3-in-1 Baby Tub with Removable Sling - Made with 50% Recycled Material - 0 to 25 LBs</p><p> -10% 0FF </p><p>$26.99</p><a href="https://www.amazon.com/dp/B0BFVBMM2Y?tag=eloabder-20&linkCode=osi&th=1&psc=1">View Product</a></div><div class="product"><a href="https://www.amazon.com/dp/B08XYFMK8K?tag=eloabder-20&linkCode=osi&th=1&psc=1"><img src="https://m.media-amazon.com/images/I/41pzMRjTbyS._SL500_.jpg" alt="Product Image"></a><p>The First Years Rain Shower Baby Bathtub — Baby Spa for Newborn to Toddler — includes Convertible Bathtub and Sling with Soothing Spray — Baby Bath Essentials</p><p> -20% 0FF </p><p>$69.99</p><a href="https://www.amazon.com/dp/B08XYFMK8K?tag=eloabder-20&linkCode=osi&th=1&psc=1">View Product</a></div>
<div class="product"><a href="https://www.amazon.com/dp/B08GFCX964?tag=eloabder-20&linkCode=osi&th=1&psc=1"><img src="https://m.media-amazon.com/images/I/41WRO-OeUjL._SL500_.jpg" alt="Product Image"></a><p>PandaEar Set of 3 Silicone Baby Bibs Waterproof, Soft, Unisex, 10-72 Months (Brown/Blue/Green)</p><p> -27% 0FF </p><p>$8.45</p><a href="https://www.amazon.com/dp/B08GFCX964?tag=eloabder-20&linkCode=osi&th=1&psc=1">View Product</a></div><div class="product"><a href="https://www.amazon.com/dp/B0B152XRC4?tag=eloabder-20&linkCode=osi&th=1&psc=1"><img src="https://m.media-amazon.com/images/I/51OYlHgekxL._SL500_.jpg" alt="Product Image"></a><p>8-Pack Organic Baby Bibs for Boys, Girls - Soft Cotton Drooling and Teething Baby Bibs, Baby Girl Bibs, Baby Boy Bibs, Baby Drool Bibs for Baby Girl, Boy, Newborn Infant Bibs (Sweet Charm)</p><p> -39% 0FF </p><p>$16.96</p><a href="https://www.amazon.com/dp/B0B152XRC4?tag=eloabder-20&linkCode=osi&th=1&psc=1">View Product</a></div>
<div class="product"><a href="https://www.amazon.com/dp/B01CJABFKM?tag=eloabder-20&linkCode=osi&th=1&psc=1"><img src="https://m.media-amazon.com/images/I/41Cy6DIfuuL._SL500_.jpg" alt="Product Image"></a><p>Custom Catch Personalized Baby Blanket for Boys - Blue</p><p> -27% 0FF </p><p>$21.94</p><a href="https://www.amazon.com/dp/B01CJABFKM?tag=eloabder-20&linkCode=osi&th=1&psc=1">View Product</a></div><div class="product"><a href="https://www.amazon.com/dp/B098NY9KW8?tag=eloabder-20&linkCode=osi&th=1&psc=1"><img src="https://m.media-amazon.com/images/I/41k5gWkxQgL._SL500_.jpg" alt="Product Image"></a><p>Momcozy Muslin Swaddle Blankets, Swaddle Blanket for Baby Boys and Girls, 4-Pack Breathable and Skin-Friendly Baby Receiving Blankets Swaddle Wrap, Baby Essentials, Registry & Gift, 47 x 47 inches</p><p> -40% 0FF </p><p>$29.99</p><a href="https://www.amazon.com/dp/B098NY9KW8?tag=eloabder-20&linkCode=osi&th=1&psc=1">View Product</a></div><div class="product"><a href="https://www.amazon.com/dp/B0CNPDMD1R?tag=eloabder-20&linkCode=osi&th=1&psc=1"><img src="https://m.media-amazon.com/images/I/41P19H8j35L._SL500_.jpg" alt="Product Image"></a><p>Yurhap Fleece Baby Blanket Heart Checkered Blanket, Ultra Soft Cozy Baby Blankets for Girls Boys, Fluffy Infant Toddler Newborn Receiving Blankets for Crib Stroller 30”×40” (Light Pink)</p><p> -33% 0FF </p><p>$9.99</p><a href="https://www.amazon.com/dp/B0CNPDMD1R?tag=eloabder-20&linkCode=osi&th=1&psc=1">View Product</a></div><div class="product"><a href="https://www.amazon.com/dp/B0B3J7RYTF?tag=eloabder-20&linkCode=osi&th=1&psc=1"><img src="https://m.media-amazon.com/images/I/41xEsOQY4yL._SL500_.jpg" alt="Product Image"></a><p>Konssy Waffle Baby Blankets, Nursery Blankets for Boys Girls, Swaddle Blankets Neutral Soft Lightweight Toddler and Kids Throw Blankets(Oat)</p><p> -23% 0FF </p><p>$22.99</p><a href="https://www.amazon.com/dp/B0B3J7RYTF?tag=eloabder-20&linkCode=osi&th=1&psc=1">View Product</a></div><div class="product"><a href="https://www.amazon.com/dp/B0BD6TPYXR?tag=eloabder-20&linkCode=osi&th=1&psc=1"><img src="https://m.media-amazon.com/images/I/51SPJrzTpKL._SL500_.jpg" alt="Product Image"></a><p>Konssy Baby Blankets for Unisex Boys Girls, Super Soft Nursery Minky Blankets with Muslin Cotton Front and Dotted Fleece Backing, Printed Bed Throws Newborn</p><p> -10% 0FF </p><p>$18.99</p><a href="https://www.amazon.com/dp/B0BD6TPYXR?tag=eloabder-20&linkCode=osi&th=1&psc=1">View Product</a></div>
<div class="product"><a href="https://www.amazon.com/dp/B081FTXL88?tag=eloabder-20&linkCode=osi&th=1&psc=1"><img src="https://m.media-amazon.com/images/I/31S6fvevhIL._SL500_.jpg" alt="Product Image"></a><p>Munchkin® Bristle™ Bottle Brush, Grey</p><p> -23% 0FF </p><p>$4.47</p><a href="https://www.amazon.com/dp/B081FTXL88?tag=eloabder-20&linkCode=osi&th=1&psc=1">View Product</a></div><div class="product"><a href="https://www.amazon.com/dp/B082PZ44M9?tag=eloabder-20&linkCode=osi&th=1&psc=1"><img src="https://m.media-amazon.com/images/I/21NI5khXnaL._SL500_.jpg" alt="Product Image"></a><p>Boon Cacti Bottle Cleaning Brush Set - Includes Bottle Brush, Nipple Brush, Detail Brush, and Straw Brush - Baby Bottle Brush Set for Bottle Drying Rack - Baby Essentials - 4 Count</p><p> -12% 0FF </p><p>$13.49</p><a href="https://www.amazon.com/dp/B082PZ44M9?tag=eloabder-20&linkCode=osi&th=1&psc=1">View Product</a></div><div class="product"><a href="https://www.amazon.com/dp/B0CQKF5CWS?tag=eloabder-20&linkCode=osi&th=1&psc=1"><img src="https://m.media-amazon.com/images/I/31RoBDDbg3L._SL500_.jpg" alt="Product Image"></a><p>Munchkin® Bristle™ Bottle Brush, Modern Design, Grey</p><p> -23% 0FF </p><p>$4.47</p><a href="https://www.amazon.com/dp/B0CQKF5CWS?tag=eloabder-20&linkCode=osi&th=1&psc=1">View Product</a></div><div class="product"><a href="https://www.amazon.com/dp/B01968GERY?tag=eloabder-20&linkCode=osi&th=1&psc=1"><img src="https://m.media-amazon.com/images/I/21rubIV8FNL._SL500_.jpg" alt="Product Image"></a><p>NUK Triple Action Baby Bottle & Nipple Brush, 3 Powerful Cleaning Materials - Bristles, Sponge, & Scruber, Non-Slip Handle, Odor Resistant, Top Rack Dishwasher Safe</p><p> -54% 0FF </p><p>$4.49</p><a href="https://www.amazon.com/dp/B01968GERY?tag=eloabder-20&linkCode=osi&th=1&psc=1">View Product</a></div>
<div class="product"><a href="https://www.amazon.com/dp/B09CGTPJSL?tag=eloabder-20&linkCode=osi&th=1&psc=1"><img src="https://m.media-amazon.com/images/I/31O1L+MYMxL._SL500_.jpg" alt="Product Image"></a><p>Baby Bottle Sterilizer | Esterilizador de Biberones, 6-in-1 HAUTURE Bottle Sterilizer and Dryer, Electric Steam Bottle Sanitizer for Baby Stuffs, Baby Bottles & Breast Pump Accessories</p><p> -10% 0FF </p><p>$69.98</p><a href="https://www.amazon.com/dp/B09CGTPJSL?tag=eloabder-20&linkCode=osi&th=1&psc=1">View Product</a></div><div class="product"><a href="https://www.amazon.com/dp/B007VBXKG2?tag=eloabder-20&linkCode=osi&th=1&psc=1"><img src="https://m.media-amazon.com/images/I/315F64OEQHL._SL500_.jpg" alt="Product Image"></a><p>Philips AVENT Microwave Steam Sterilizer for Baby Bottles, Pacifiers, Cups and More, SCF281/05</p><p> -29% 0FF </p><p>$22.79</p><a href="https://www.amazon.com/dp/B007VBXKG2?tag=eloabder-20&linkCode=osi&th=1&psc=1">View Product</a></div><div class="product"><a href="https://www.amazon.com/dp/B09HJDX5S6?tag=eloabder-20&linkCode=osi&th=1&psc=1"><img src="https://m.media-amazon.com/images/I/41rjM6KCAmL._SL500_.jpg" alt="Product Image"></a><p>Baby Brezza Bottle Sterilizer and Dryer Advanced – Electric Steam Sterilization Machine Universal Sterilizing for All Bottles: Plastic + Glass Pacifiers Breast Pump Parts - HEPA Filtration</p><p> -15% 0FF </p><p>$118.99</p><a href="https://www.amazon.com/dp/B09HJDX5S6?tag=eloabder-20&linkCode=osi&th=1&psc=1">View Product</a></div><div class="product"><a href="https://www.amazon.com/dp/B0D474DSB6?tag=eloabder-20&linkCode=osi&th=1&psc=1"><img src="https://m.media-amazon.com/images/I/41p78Of58KL._SL500_.jpg" alt="Product Image"></a><p>Bottle Sterilizer and Dryer, HIYAKOI Electric Steam Baby Bottle Sterilizer and Dryer, All-in-One Sterilizer 2 Layers Large for Baby Bottles, Parts & Other Newborn Essentials - HEPA Filtration</p><p> -38% 0FF </p><p>$49.99</p><a href="https://www.amazon.com/dp/B0D474DSB6?tag=eloabder-20&linkCode=osi&th=1&psc=1">View Product</a></div><div class="product"><a href="https://www.amazon.com/dp/B0CQQFFQKJ?tag=eloabder-20&linkCode=osi&th=1&psc=1"><img src="https://m.media-amazon.com/images/I/41tQNekOelL._SL500_.jpg" alt="Product Image"></a><p>Momcozy Bottle Sterilizer and Dryer, 8-in-1 Electric Steam Baby Bottle Sterilizer for Baby Bottles, Baby stuffs & Breast Pump Accessories</p><p> -36% 0FF </p><p>$63.99</p><a href="https://www.amazon.com/dp/B0CQQFFQKJ?tag=eloabder-20&linkCode=osi&th=1&psc=1">View Product</a></div><div class="product"><a href="https://www.amazon.com/dp/B09HH7HSGV?tag=eloabder-20&linkCode=osi&th=1&psc=1"><img src="https://m.media-amazon.com/images/I/31tOSRxwFYL._SL500_.jpg" alt="Product Image"></a><p>GROWNSY Bottle Sterilizer and Dryer, 2024 Compact Electric Steam Baby Bottle Sterilizer (Esterilizador de Biberones), Bottle Sanitizer for Baby Bottles, Pacifiers, Pump Parts</p><p> -33% 0FF </p><p>$59.99</p><a href="https://www.amazon.com/dp/B09HH7HSGV?tag=eloabder-20&linkCode=osi&th=1&psc=1">View Product</a></div>
<div class="product"><a href="https://www.amazon.com/dp/B07G4KBQJ7?tag=eloabder-20&linkCode=osi&th=1&psc=1"><img src="https://m.media-amazon.com/images/I/41WM4mOjQiL._SL500_.jpg" alt="Product Image"></a><p>Evenflo Feeding Classic Tinted Plastic Standard Neck Bottles for Baby, Infant and Newborn, Pink/Lavender/Teal, 8 Ounce (Pack of 12)</p><p> -27% 0FF </p><p>$10.19</p><a href="https://www.amazon.com/dp/B07G4KBQJ7?tag=eloabder-20&linkCode=osi&th=1&psc=1">View Product</a></div><div class="product"><a href="https://www.amazon.com/dp/B00N9X4YZW?tag=eloabder-20&linkCode=osi&th=1&psc=1"><img src="https://m.media-amazon.com/images/I/51kDCJ8oQmL._SL500_.jpg" alt="Product Image"></a><p>Evenflo Feeding Classic Tinted Plastic Standard Neck Bottles for Baby, Infant and Newborn - Teal/Green/Blue, 8 Ounce (Pack of 12)</p><p> -31% 0FF </p><p>$9.68</p><a href="https://www.amazon.com/dp/B00N9X4YZW?tag=eloabder-20&linkCode=osi&th=1&psc=1">View Product</a></div><div class="product"><a href="https://www.amazon.com/dp/B07DCQKC33?tag=eloabder-20&linkCode=osi&th=1&psc=1"><img src="https://m.media-amazon.com/images/I/41jfe6zVMgL._SL500_.jpg" alt="Product Image"></a><p>Dr. Brown's Anti-Colic Baby Feeding Set with Slow Flow Nipples, Travel Caps, Silicone Pacifier - Pink</p><p> -20% 0FF </p><p>$18.41</p><a href="https://www.amazon.com/dp/B07DCQKC33?tag=eloabder-20&linkCode=osi&th=1&psc=1">View Product</a></div>
<div class="product"><a href="https://www.amazon.com/dp/B095F28Q6J?tag=eloabder-20&linkCode=osi&th=1&psc=1"><img src="https://m.media-amazon.com/images/I/311FVQReZOL._SL500_.jpg" alt="Product Image"></a><p>Baby Delight Alpine Deluxe Portable Bouncer, Infant, 0-6 Months, 100% GOTS Certified Cotton Fabrics, Organic Oat</p><p> -22% 0FF </p><p>$69.99</p><a href="https://www.amazon.com/dp/B095F28Q6J?tag=eloabder-20&linkCode=osi&th=1&psc=1">View Product</a></div><div class="product"><a href="https://www.amazon.com/dp/B0BLP5G5FJ?tag=eloabder-20&linkCode=osi&th=1&psc=1"><img src="https://m.media-amazon.com/images/I/41F7YHDOEGL._SL500_.jpg" alt="Product Image"></a><p>Bright Starts Playful Paradise Comfy Baby Bouncer Seat with Soothing Vibration and Toys, Unisex, 0-6 Months</p><p> -26% 0FF </p><p>$22.11</p><a href="https://www.amazon.com/dp/B0BLP5G5FJ?tag=eloabder-20&linkCode=osi&th=1&psc=1">View Product</a></div><div class="product"><a href="https://www.amazon.com/dp/B016DAWD3W?tag=eloabder-20&linkCode=osi&th=1&psc=1"><img src="https://m.media-amazon.com/images/I/31SssXA+BHL._SL500_.jpg" alt="Product Image"></a><p>BabyBjörn Bouncer Balance Soft, Cotton/Jersey, Dark Gray/Gray (005084US)</p><p> -14% 0FF </p><p>$179.99</p><a href="https://www.amazon.com/dp/B016DAWD3W?tag=eloabder-20&linkCode=osi&th=1&psc=1">View Product</a></div><div class="product"><a href="https://www.amazon.com/dp/B07C9ZR2VC?tag=eloabder-20&linkCode=osi&th=1&psc=1"><img src="https://m.media-amazon.com/images/I/41wSBC1+j4L._SL500_.jpg" alt="Product Image"></a><p>Smart Steps Trend EZ Bouncer, Bluebell</p><p> -45% 0FF </p><p>$29.99</p><a href="https://www.amazon.com/dp/B07C9ZR2VC?tag=eloabder-20&linkCode=osi&th=1&psc=1">View Product</a></div>
<div class="product"><a href="https://www.amazon.com/dp/B07XMN3SK6?tag=eloabder-20&linkCode=osi&th=1&psc=1"><img src="https://m.media-amazon.com/images/I/41bHS4nTJ2L._SL500_.jpg" alt="Product Image"></a><p>Infantino Flip 4-in-1 Carrier - Ergonomic for Newborns and Older Babies 8-32 lbs</p><p> -21% 0FF </p><p>$29.99</p><a href="https://www.amazon.com/dp/B07XMN3SK6?tag=eloabder-20&linkCode=osi&th=1&psc=1">View Product</a></div><div class="product"><a href="https://www.amazon.com/dp/B0743L6R1T?tag=eloabder-20&linkCode=osi&th=1&psc=1"><img src="https://m.media-amazon.com/images/I/31ZGsR+w+1L._SL500_.jpg" alt="Product Image"></a><p>Ergobaby Omni 360 All-Position Baby Carrier for Newborn to Toddler with Lumbar Support (7-45 Pounds), Pearl Grey, One Size (Pack of 1)</p><p> -39% 0FF </p><p>$110.00</p><a href="https://www.amazon.com/dp/B0743L6R1T?tag=eloabder-20&linkCode=osi&th=1&psc=1">View Product</a></div><div class="product"><a href="https://www.amazon.com/dp/B0CDQ1XH6W?tag=eloabder-20&linkCode=osi&th=1&psc=1"><img src="https://m.media-amazon.com/images/I/41kAV5NXZBL._SL500_.jpg" alt="Product Image"></a><p>Momcozy Baby Carrier Newborn to Toddler - Ergonomic, Cozy and Lightweight Infant Carrier for 7-44lbs, Effortless to Put On, Ideal for Hands-Free Parenting, Enhanced Lumbar Support, Leopard</p><p> -8% 0FF </p><p>$59.99</p><a href="https://www.amazon.com/dp/B0CDQ1XH6W?tag=eloabder-20&linkCode=osi&th=1&psc=1">View Product</a></div><div class="product"><a href="https://www.amazon.com/dp/B005SP2LWW?tag=eloabder-20&linkCode=osi&th=1&psc=1"><img src="https://m.media-amazon.com/images/I/31fYPOjdFrL._SL500_.jpg" alt="Product Image"></a><p>Boba Baby Wrap Carrier - Original Baby Carrier Wrap Sling for Newborns - Baby Wearing Essentials - Newborn Wrap Swaddle Holder, Newborn to Toddler Infant Sling (Grey)</p><p> -19% 0FF </p><p>$32.49</p><a href="https://www.amazon.com/dp/B005SP2LWW?tag=eloabder-20&linkCode=osi&th=1&psc=1">View Product</a></div><div class="product"><a href="https://www.amazon.com/dp/B098X8WS7Y?tag=eloabder-20&linkCode=osi&th=1&psc=1"><img src="https://m.media-amazon.com/images/I/41az3xS82UL._SL500_.jpg" alt="Product Image"></a><p>Momcozy Baby Wrap Carrier, Easy to Wear Infant Carrier Slings, Lightweight Hands Free Baby Sling, Adjustable Baby Carriers for Newborn to Toddler 8-35 lbs, Black</p><p> -28% 0FF </p><p>$32.99</p><a href="https://www.amazon.com/dp/B098X8WS7Y?tag=eloabder-20&linkCode=osi&th=1&psc=1">View Product</a></div>
<div class="product"><a href="https://www.amazon.com/dp/B01N3MYVZM?tag=eloabder-20&linkCode=osi&th=1&psc=1"><img src="https://m.media-amazon.com/images/I/41CLrlYJDnL._SL500_.jpg" alt="Product Image"></a><p>Graco SlimFit 3-in-1 Convertible Car Seat, Ultra-Space-Saving Design, Darcie, Suitable for Rear and Forward-Facing, Highback Booster Seat with 10-Position Headrest</p><p> -21% 0FF </p><p>$157.99</p><a href="https://www.amazon.com/dp/B01N3MYVZM?tag=eloabder-20&linkCode=osi&th=1&psc=1">View Product</a></div><div class="product"><a href="https://www.amazon.com/dp/B07J37RTPG?tag=eloabder-20&linkCode=osi&th=1&psc=1"><img src="https://m.media-amazon.com/images/I/41fGAx7LcGL._SL500_.jpg" alt="Product Image"></a><p>Graco 4Ever DLX 4-in-1 Car Seat, Grey, Infant to Toddler Car Seat, with 10 Years of Use, Rear-facing, Forward-facing and Booster Modes, Safe, Comfortable and Convenient</p><p> -7% 0FF </p><p>$279.00</p><a href="https://www.amazon.com/dp/B07J37RTPG?tag=eloabder-20&linkCode=osi&th=1&psc=1">View Product</a></div><div class="product"><a href="https://www.amazon.com/dp/B07R9H1JC9?tag=eloabder-20&linkCode=osi&th=1&psc=1"><img src="https://m.media-amazon.com/images/I/41NwO9xrBGL._SL500_.jpg" alt="Product Image"></a><p>Graco Grows4Me 4-in-1 Car Seat, Convertible Infant to Toddler Car Seat and Booster, West Point Design, for 10 Years of Safe, Comfortable Journeys</p><p> -29% 0FF </p><p>$199.99</p><a href="https://www.amazon.com/dp/B07R9H1JC9?tag=eloabder-20&linkCode=osi&th=1&psc=1">View Product</a></div>
<div class="product"><a href="https://www.amazon.com/dp/B08RN8G58P?tag=eloabder-20&linkCode=osi&th=1&psc=1"><img src="https://m.media-amazon.com/images/I/41Qid-FWhYL._SL500_.jpg" alt="Product Image"></a><p>Baby Portable Changing Pad Travel - Waterproof Compact Diaper Changing Mat with Built-in Pillow - Lightweight & Foldable Changing Station, Newborn Shower Gifts</p><p> -29% 0FF </p><p>$9.99</p><a href="https://www.amazon.com/dp/B08RN8G58P?tag=eloabder-20&linkCode=osi&th=1&psc=1">View Product</a></div><div class="product"><a href="https://www.amazon.com/dp/B089XVKJSL?tag=eloabder-20&linkCode=osi&th=1&psc=1"><img src="https://m.media-amazon.com/images/I/51qlzLJHUWL._SL500_.jpg" alt="Product Image"></a><p>Portable Diaper Changing Pad - Waterproof Foldable Baby Changing Mat - Travel Diaper Change Mat - Lightweight Changing Pads for Baby - Baby Changer - Machine Washable (Black Geo)</p><p> -7% 0FF </p><p>$12.96</p><a href="https://www.amazon.com/dp/B089XVKJSL?tag=eloabder-20&linkCode=osi&th=1&psc=1">View Product</a></div><div class="product"><a href="https://www.amazon.com/dp/B08PH9Y6QS?tag=eloabder-20&linkCode=osi&th=1&psc=1"><img src="https://m.media-amazon.com/images/I/21cBsus1AHL._SL500_.jpg" alt="Product Image"></a><p>Regalo Baby Basics Infant Changing Pad, White , 31x16x4 Inch (Pack of 1)</p><p> -33% 0FF </p><p>$19.99</p><a href="https://www.amazon.com/dp/B08PH9Y6QS?tag=eloabder-20&linkCode=osi&th=1&psc=1">View Product</a></div>
<div class="product"><a href="https://www.amazon.com/dp/B07GFNVLS2?tag=eloabder-20&linkCode=osi&th=1&psc=1"><img src="https://m.media-amazon.com/images/I/31T-p4V5gsL._SL500_.jpg" alt="Product Image"></a><p>Gerber Unisex Baby Multi-Pack Long-Sleeve Onesies Bodysuit Mitten Cuff Sizes 6-Pack Mitten Cuff 0-3 Months</p><p> -12% 0FF </p><p>$15.81</p><a href="https://www.amazon.com/dp/B07GFNVLS2?tag=eloabder-20&linkCode=osi&th=1&psc=1">View Product</a></div><div class="product"><a href="https://www.amazon.com/dp/B0CP3NQCN3?tag=eloabder-20&linkCode=osi&th=1&psc=1"><img src="https://m.media-amazon.com/images/I/41MpsB3rYcL._SL500_.jpg" alt="Product Image"></a><p>Kaipiclos Newborn Infant Girl Clothes Rib Knit Romper Daisy Print Pants Headband Baby Clothes for Girls 0 3 6 12 18 24 Months</p><p> -10% 0FF </p><p>$14.99</p><a href="https://www.amazon.com/dp/B0CP3NQCN3?tag=eloabder-20&linkCode=osi&th=1&psc=1">View Product</a></div><div class="product"><a href="https://www.amazon.com/dp/B0D88Z7VLZ?tag=eloabder-20&linkCode=osi&th=1&psc=1"><img src="https://m.media-amazon.com/images/I/41Au0yzblbL._SL500_.jpg" alt="Product Image"></a><p>Burt's Bees Baby Baby Boys Pajamas, Sleep and Play Loose Fit, 100% Organic Cotton, Soft One-piece PJs, Diagonal Zip Up Jumpsuit Newborn Essentials with Interior Zipper Guard in sizes NB to 6-9 Months</p><p> -49% 0FF </p><p>$7.60</p><a href="https://www.amazon.com/dp/B0D88Z7VLZ?tag=eloabder-20&linkCode=osi&th=1&psc=1">View Product</a></div>
<div class="product"><a href="https://www.amazon.com/dp/B002FQK8IQ?tag=eloabder-20&linkCode=osi&th=1&psc=1"><img src="https://m.media-amazon.com/images/I/41WTSrhkJ4L._SL500_.jpg" alt="Product Image"></a><p>Safety 1st Easy Grip Brush and Comb, Colors May Vary</p><p> -23% 0FF </p><p>$4.59</p><a href="https://www.amazon.com/dp/B002FQK8IQ?tag=eloabder-20&linkCode=osi&th=1&psc=1">View Product</a></div><div class="product"><a href="https://www.amazon.com/dp/B07T16DQ31?tag=eloabder-20&linkCode=osi&th=1&psc=1"><img src="https://m.media-amazon.com/images/I/41Grt+V3Q7L._SL500_.jpg" alt="Product Image"></a><p>Frida Baby The 3-Step Cradle Cap System, DermaFrida The FlakeFixer, Sponge, Brush, Comb and Storage Stand for Babies with Cradle Cap, White-Blue</p><p> -15% 0FF </p><p>$14.44</p><a href="https://www.amazon.com/dp/B07T16DQ31?tag=eloabder-20&linkCode=osi&th=1&psc=1">View Product</a></div>
<div class="product"><a href="https://www.amazon.com/dp/B071K5T5Q2?tag=eloabder-20&linkCode=osi&th=1&psc=1"><img src="https://m.media-amazon.com/images/I/21rvQFmQBLL._SL500_.jpg" alt="Product Image"></a><p>The Honest Company Silicone-Free Conditioner | Gentle for Baby | Naturally Derived, Tear-free, Hypoallergenic | Fragrance Free Sensitive, 10 fl oz</p><p> -16% 0FF </p><p>$10.10 ($1.01 / Fl Oz)</p><a href="https://www.amazon.com/dp/B071K5T5Q2?tag=eloabder-20&linkCode=osi&th=1&psc=1">View Product</a></div><div class="product"><a href="https://www.amazon.com/dp/B07DGJ57P7?tag=eloabder-20&linkCode=osi&th=1&psc=1"><img src="https://m.media-amazon.com/images/I/31AEfjD6FyL._SL500_.jpg" alt="Product Image"></a><p>Johnson's Baby No More Tangles 2-in-1 Detangling Hair Shampoo & Conditioner for Kids & Toddlers, Gentle & Tear-Free, Hypoallergenic & Free of Parabens, Phthalates, Sulfates & Dyes, 20.3 fl. oz</p><p> -7% 0FF </p><p>$6.29 ($0.31 / Fl Oz)</p><a href="https://www.amazon.com/dp/B07DGJ57P7?tag=eloabder-20&linkCode=osi&th=1&psc=1">View Product</a></div><div class="product"><a href="https://www.amazon.com/dp/B07S89SL7D?tag=eloabder-20&linkCode=osi&th=1&psc=1"><img src="https://m.media-amazon.com/images/I/313C69-mF6L._SL500_.jpg" alt="Product Image"></a><p>Johnson's Baby Curl Defining Tear-Free Kids' Leave-in Conditioner with Shea Butter, Paraben-, Sulfate- & Dye-Free Formula, Hypoallergenic & Gentle for Toddlers' Hair, 6.8 fl. Oz</p><p> -28% 0FF </p><p>$6.11 ($0.90 / Fl Oz)</p><a href="https://www.amazon.com/dp/B07S89SL7D?tag=eloabder-20&linkCode=osi&th=1&psc=1">View Product</a></div><div class="product"><a href="https://www.amazon.com/dp/B07S7BPB2Q?tag=eloabder-20&linkCode=osi&th=1&psc=1"><img src="https://m.media-amazon.com/images/I/31DemfdZoNL._SL500_.jpg" alt="Product Image"></a><p>Johnson's Baby Shiny & Soft Tear-Free Kids' Hair Conditioning Spray with Argan Oil & Silk Proteins, Paraben, Sulfate & Dye-Free Formula, Hypoallergenic & Gentle for Toddlers, 10 Fl Oz</p><p> -33% 0FF </p><p>$5.66 ($0.57 / Fl Oz)</p><a href="https://www.amazon.com/dp/B07S7BPB2Q?tag=eloabder-20&linkCode=osi&th=1&psc=1">View Product</a></div><div class="product"><a href="https://www.amazon.com/dp/B0CJP91HN7?tag=eloabder-20&linkCode=osi&th=1&psc=1"><img src="https://m.media-amazon.com/images/I/41Z4G7wsFWL._SL500_.jpg" alt="Product Image"></a><p>ECOLATIÈR Kids Hair Balm Easy Detangling 3+ - Toddler Hair Conditioner, Tear-Free, 96.8% Natural, Vegan, Strengthens & Softens Kids' Hair, No Irritation - 8.5 Fl Oz</p><p> -14% 0FF </p><p>$9.49 ($1.12 / Ounce)</p><a href="https://www.amazon.com/dp/B0CJP91HN7?tag=eloabder-20&linkCode=osi&th=1&psc=1">View Product</a></div>
<div class="product"><a href="https://www.amazon.com/dp/B07Y3WQHZ6?tag=eloabder-20&linkCode=osi&th=1&psc=1"><img src="https://m.media-amazon.com/images/I/41Ai-kbx6LL._SL500_.jpg" alt="Product Image"></a><p>Delta Children Essex 4-in-1 Convertible Baby Crib, Bianca White with Natural Legs</p><p> -34% 0FF </p><p>$145.96</p><a href="https://www.amazon.com/dp/B07Y3WQHZ6?tag=eloabder-20&linkCode=osi&th=1&psc=1">View Product</a></div><div class="product"><a href="https://www.amazon.com/dp/B00LFP61PW?tag=eloabder-20&linkCode=osi&th=1&psc=1"><img src="https://m.media-amazon.com/images/I/41jj-ehw-vL._SL500_.jpg" alt="Product Image"></a><p>Graco Benton 5-in-1 Convertible Crib (White) – GREENGUARD Gold Certified, Converts from Baby Crib to Toddler Bed, Daybed and Full-Size Bed, Fits Standard Full-Size Crib Mattress</p><p> -20% 0FF </p><p>$159.99</p><a href="https://www.amazon.com/dp/B00LFP61PW?tag=eloabder-20&linkCode=osi&th=1&psc=1">View Product</a></div><div class="product"><a href="https://www.amazon.com/dp/B00EANJX5Q?tag=eloabder-20&linkCode=osi&th=1&psc=1"><img src="https://m.media-amazon.com/images/I/41+kxqP4icL._SL500_.jpg" alt="Product Image"></a><p>Dream On Me Synergy 5-In-1 Convertible Crib In White, Greenguard Gold Certified</p><p> -31% 0FF </p><p>$137.20</p><a href="https://www.amazon.com/dp/B00EANJX5Q?tag=eloabder-20&linkCode=osi&th=1&psc=1">View Product</a></div><div class="product"><a href="https://www.amazon.com/dp/B08D4N5RKW?tag=eloabder-20&linkCode=osi&th=1&psc=1"><img src="https://m.media-amazon.com/images/I/41sUNWg3sBL._SL500_.jpg" alt="Product Image"></a><p>Graco Hadley 5-in-1 Convertible Crib and Changer with Drawer (White) – GREENGUARD Gold Certified, Crib and Changing -Table Combo with Drawer, Includes Baby Changing Pad, Converts to Full-Size Bed</p><p> -18% 0FF </p><p>$359.99</p><a href="https://www.amazon.com/dp/B08D4N5RKW?tag=eloabder-20&linkCode=osi&th=1&psc=1">View Product</a></div><div class="product"><a href="https://www.amazon.com/dp/B08PMJBN33?tag=eloabder-20&linkCode=osi&th=1&psc=1"><img src="https://m.media-amazon.com/images/I/416ZYsREZOL._SL500_.jpg" alt="Product Image"></a><p>Oxford Baby North Bay 4-in-1 Convertible Baby Crib, Dove Gray, GreenGuard Gold Certified</p><p> -18% 0FF </p><p>$188.09</p><a href="https://www.amazon.com/dp/B08PMJBN33?tag=eloabder-20&linkCode=osi&th=1&psc=1">View Product</a></div><div class="product"><a href="https://www.amazon.com/dp/B078WTVBVW?tag=eloabder-20&linkCode=osi&th=1&psc=1"><img src="https://m.media-amazon.com/images/I/41NpHX4YnfL._SL500_.jpg" alt="Product Image"></a><p>Dream On Me Jayden 4-in-1 Mini Convertible Crib And Changer in Storm Grey, Greenguard Gold Certified, Non-Toxic Finish, New Zealand Pinewood, 1" Mattress Pad</p><p> -35% 0FF </p><p>$259.99</p><a href="https://www.amazon.com/dp/B078WTVBVW?tag=eloabder-20&linkCode=osi&th=1&psc=1">View Product</a></div>
<div class="product"><a href="https://www.amazon.com/dp/B01M4QMQ4B?tag=eloabder-20&linkCode=osi&th=1&psc=1"><img src="https://m.media-amazon.com/images/I/317ardc5Y-L._SL500_.jpg" alt="Product Image"></a><p>The Honest Company 2-in-1 Cleansing Shampoo + Body Wash | Gentle for Baby | Naturally Derived, Tear-free, Hypoallergenic | Lavender Calm, 10 fl oz</p><p> -8% 0FF </p><p>$10.99 ($1.10 / Fl Oz)</p><a href="https://www.amazon.com/dp/B01M4QMQ4B?tag=eloabder-20&linkCode=osi&th=1&psc=1">View Product</a></div><div class="product"><a href="https://www.amazon.com/dp/B09MVMNW5M?tag=eloabder-20&linkCode=osi&th=1&psc=1"><img src="https://m.media-amazon.com/images/I/41GDxpQsmOL._SL500_.jpg" alt="Product Image"></a><p>Cetaphil Baby Wash & Shampoo, 13.5oz Pack of 2, Hypoallergenic, Gentle Enough for Everyday Use, Soap Free</p><p> -10% 0FF </p><p>$16.99</p><a href="https://www.amazon.com/dp/B09MVMNW5M?tag=eloabder-20&linkCode=osi&th=1&psc=1">View Product</a></div><div class="product"><a href="https://www.amazon.com/dp/B0CZY44GD2?tag=eloabder-20&linkCode=osi&th=1&psc=1"><img src="https://m.media-amazon.com/images/I/31Gh3bZjFXL._SL500_.jpg" alt="Product Image"></a><p>Aveeno Baby Healthy Start Nourishing Newborn Wash, Hypoallergenic Baby Body Wash with Prebiotic Oat Gently Cleanses Delicate Newborn Skin, Fragrance-Free, Tear-Free, Paraben-Free, 8 fl. oz</p><p> -21% 0FF </p><p>$7.01 ($0.88 / Fl Oz)</p><a href="https://www.amazon.com/dp/B0CZY44GD2?tag=eloabder-20&linkCode=osi&th=1&psc=1">View Product</a></div>
<div class="product"><a href="https://www.amazon.com/dp/B07M6FL57T?tag=eloabder-20&linkCode=osi&th=1&psc=1"><img src="https://m.media-amazon.com/images/I/51iE4BjVpYL._SL500_.jpg" alt="Product Image"></a><p>Huggies Newborn Diapers, Little Snugglers Baby Diapers, Size Newborn (up to 10 lbs), 31 Count</p><p> -19% 0FF </p><p>$9.94 ($0.32 / Count)</p><a href="https://www.amazon.com/dp/B07M6FL57T?tag=eloabder-20&linkCode=osi&th=1&psc=1">View Product</a></div><div class="product"><a href="https://www.amazon.com/dp/B0CHGCDYJJ?tag=eloabder-20&linkCode=osi&th=1&psc=1"><img src="https://m.media-amazon.com/images/I/41csgXalIEL._SL500_.jpg" alt="Product Image"></a><p>Huggies Size Newborn Diapers, Skin Essentials Baby Diapers, Size Newborn (6-9 lbs), 31 Count</p><p> -19% 0FF </p><p>$9.94 ($0.32 / Count)</p><a href="https://www.amazon.com/dp/B0CHGCDYJJ?tag=eloabder-20&linkCode=osi&th=1&psc=1">View Product</a></div><div class="product"><a href="https://www.amazon.com/dp/B082QBHW74?tag=eloabder-20&linkCode=osi&th=1&psc=1"><img src="https://m.media-amazon.com/images/I/41z+Jw1td2L._SL500_.jpg" alt="Product Image"></a><p>Pampers Pure Protection Diapers Newborn - Size 0, 76 Count, Hypoallergenic Premium Disposable Baby Diapers</p><p> -19% 0FF </p><p>$22.79 ($0.30 / Count)</p><a href="https://www.amazon.com/dp/B082QBHW74?tag=eloabder-20&linkCode=osi&th=1&psc=1">View Product</a></div><div class="product"><a href="https://www.amazon.com/dp/B07M6FL9V2?tag=eloabder-20&linkCode=osi&th=1&psc=1"><img src="https://m.media-amazon.com/images/I/51JPrk+N-RL._SL500_.jpg" alt="Product Image"></a><p>Huggies Size 4 Diapers, Little Movers Baby Diapers, Size 4 (22-37 lbs), 22 Count (Packaging May Vary)</p><p> -19% 0FF </p><p>$9.94 ($0.45 / Count)</p><a href="https://www.amazon.com/dp/B07M6FL9V2?tag=eloabder-20&linkCode=osi&th=1&psc=1">View Product</a></div><div class="product"><a href="https://www.amazon.com/dp/B07T2QM32L?tag=eloabder-20&linkCode=osi&th=1&psc=1"><img src="https://m.media-amazon.com/images/I/41w5IxTMsnL._SL500_.jpg" alt="Product Image"></a><p>Amazon Brand - Mama Bear Gentle Touch Diapers, Hypoallergenic, Size 6, 27 Count, White</p><p> -10% 0FF </p><p>$11.32</p><a href="https://www.amazon.com/dp/B07T2QM32L?tag=eloabder-20&linkCode=osi&th=1&psc=1">View Product</a></div>
<div class="product"><a href="https://www.amazon.com/dp/B001OC5UMQ?tag=eloabder-20&linkCode=osi&th=1&psc=1"><img src="https://m.media-amazon.com/images/I/413nT5TZ9sL._SL500_.jpg" alt="Product Image"></a><p>Regalo Easy Step 38.5-Inch Wide Walk Thru Baby Gate, Includes 6-Inch Extension Kit, Pressure Mount Kit, Wall Cups</p><p> -22% 0FF </p><p>$34.99</p><a href="https://www.amazon.com/dp/B001OC5UMQ?tag=eloabder-20&linkCode=osi&th=1&psc=1">View Product</a></div><div class="product"><a href="https://www.amazon.com/dp/B075XQ2XYV?tag=eloabder-20&linkCode=osi&th=1&psc=1"><img src="https://m.media-amazon.com/images/I/51+9Fa+FH3L._SL500_.jpg" alt="Product Image"></a><p>Evenflo Position & Lock Baby Gate, Pressure-Mounted, Farmhouse Collection</p><p> -9% 0FF </p><p>$19.98</p><a href="https://www.amazon.com/dp/B075XQ2XYV?tag=eloabder-20&linkCode=osi&th=1&psc=1">View Product</a></div><div class="product"><a href="https://www.amazon.com/dp/B01BTUNHSQ?tag=eloabder-20&linkCode=osi&th=1&psc=1"><img src="https://m.media-amazon.com/images/I/31nuC-O3n9L._SL500_.jpg" alt="Product Image"></a><p>Safety 1st Easy Install 28" High Walk Thru Gate, Fits Between 29" and 38"</p><p> -10% 0FF </p><p>$44.99</p><a href="https://www.amazon.com/dp/B01BTUNHSQ?tag=eloabder-20&linkCode=osi&th=1&psc=1">View Product</a></div><div class="product"><a href="https://www.amazon.com/dp/B07WFZSW72?tag=eloabder-20&linkCode=osi&th=1&psc=1"><img src="https://m.media-amazon.com/images/I/41nc627IqxL._SL500_.jpg" alt="Product Image"></a><p>Cumbor 29.7-46" Baby Gate for Stairs, Mom's Choice Awards Winner-Auto Close Dog Gate for the House, Easy Install Pressure Mounted Pet Gates for Doorways, Easy Walk Thru Wide Safety Gate for Dog, Black</p><p> -10% 0FF </p><p>$89.99</p><a href="https://www.amazon.com/dp/B07WFZSW72?tag=eloabder-20&linkCode=osi&th=1&psc=1">View Product</a></div><div class="product"><a href="https://www.amazon.com/dp/B09F36M2T5?tag=eloabder-20&linkCode=osi&th=1&psc=1"><img src="https://m.media-amazon.com/images/I/416tulkEC2L._SL500_.jpg" alt="Product Image"></a><p>COMOMY 36" Extra Tall Baby Gate for Stairs Doorways, Fits Openings 29.5" to 48.8" Wide, Auto Close Extra Wide Dog Gate for House, Pressure Mounted Easy Walk Through Pet Gate with Door, Black</p><p> -13% 0FF </p><p>$69.99</p><a href="https://www.amazon.com/dp/B09F36M2T5?tag=eloabder-20&linkCode=osi&th=1&psc=1">View Product</a></div><div class="product"><a href="https://www.amazon.com/dp/B01EMK5JQI?tag=eloabder-20&linkCode=osi&th=1&psc=1"><img src="https://m.media-amazon.com/images/I/417uxACGTTL._SL500_.jpg" alt="Product Image"></a><p>Regalo Easy Step 49-Inch Extra Wide Baby Gate, Includes 4-Inch and 12-Inch Extension Kit, 4 Pack of Pressure Mount Kit and 4 Pack of Wall Mount Kit, Black</p><p> -20% 0FF </p><p>$39.99</p><a href="https://www.amazon.com/dp/B01EMK5JQI?tag=eloabder-20&linkCode=osi&th=1&psc=1">View Product</a></div><div class="product"><a href="https://www.amazon.com/dp/B07JGDGG23?tag=eloabder-20&linkCode=osi&th=1&psc=1"><img src="https://m.media-amazon.com/images/I/51eFFFBIYUL._SL500_.jpg" alt="Product Image"></a><p>Toddleroo by North States Superyard 6 Panel Baby Play Yard. Playpen or Extra Wide Baby Gate, Wall Mount Kit Included. Made in USA. 38.5" - 201" wide, 5.5 ft corner to corner play yard (26" tall, Gray)</p><p> -29% 0FF </p><p>$61.46</p><a href="https://www.amazon.com/dp/B07JGDGG23?tag=eloabder-20&linkCode=osi&th=1&psc=1">View Product</a></div>
<div class="product"><a href="https://www.amazon.com/dp/B0D8J8RGMN?tag=eloabder-20&linkCode=osi&th=1&psc=1"><img src="https://m.media-amazon.com/images/I/51IQYrOgXVL._SL500_.jpg" alt="Product Image"></a><p>3 Pack Baby Beanie Hats with Earflaps, 2 Size Baby Winter Hat for Newborn Infant Toddler Kids Children with Cute Smiley Face, Soft Warm Fleece Lined Knit Hat for Girls Boys-01</p><p> -47% 0FF </p><p>$15.99</p><a href="https://www.amazon.com/dp/B0D8J8RGMN?tag=eloabder-20&linkCode=osi&th=1&psc=1">View Product</a></div><div class="product"><a href="https://www.amazon.com/dp/B08V4HJF5T?tag=eloabder-20&linkCode=osi&th=1&psc=1"><img src="https://m.media-amazon.com/images/I/41JnGlILpnL._SL500_.jpg" alt="Product Image"></a><p>6 Pieces Newborn Baby Hat Bear Ears Infant Caps Baby Boy Girl Toddler Hats Infant Beanie Caps for 0-3 Months (Black White, Black, Navy Blue, Black Gray, Gray, White,Classic)</p><p> -8% 0FF </p><p>$11.99</p><a href="https://www.amazon.com/dp/B08V4HJF5T?tag=eloabder-20&linkCode=osi&th=1&psc=1">View Product</a></div><div class="product"><a href="https://www.amazon.com/dp/B091D4KRJS?tag=eloabder-20&linkCode=osi&th=1&psc=1"><img src="https://m.media-amazon.com/images/I/41IspZQwuhL._SL500_.jpg" alt="Product Image"></a><p>Baby Boy Sun Hat Bucket Hats for Toddler 6-12,12-24 months</p><p> -20% 0FF </p><p>$14.39</p><a href="https://www.amazon.com/dp/B091D4KRJS?tag=eloabder-20&linkCode=osi&th=1&psc=1">View Product</a></div>
<div class="product"><a href="https://www.amazon.com/dp/B07BVN1YMN?tag=eloabder-20&linkCode=osi&th=1&psc=1"><img src="https://m.media-amazon.com/images/I/41+i0x5p4TL._SL500_.jpg" alt="Product Image"></a><p>Baby Trend Tot Spot 3-in-1 High Chair, Bluebell</p><p> -40% 0FF </p><p>$59.99</p><a href="https://www.amazon.com/dp/B07BVN1YMN?tag=eloabder-20&linkCode=osi&th=1&psc=1">View Product</a></div><div class="product"><a href="https://www.amazon.com/dp/B01JRY07BQ?tag=eloabder-20&linkCode=osi&th=1&psc=1"><img src="https://m.media-amazon.com/images/I/41zyGMxJY0L._SL500_.jpg" alt="Product Image"></a><p>Cosco Simple Fold High Chair, Comet</p><p> -23% 0FF </p><p>$49.99</p><a href="https://www.amazon.com/dp/B01JRY07BQ?tag=eloabder-20&linkCode=osi&th=1&psc=1">View Product</a></div><div class="product"><a href="https://www.amazon.com/dp/B017VNNWXA?tag=eloabder-20&linkCode=osi&th=1&psc=1"><img src="https://m.media-amazon.com/images/I/41VGIO1sPhL._SL500_.jpg" alt="Product Image"></a><p>Cosco Simple Fold Deluxe High Chair with 3-Position Tray, Monster Syd</p><p> -17% 0FF </p><p>$49.99</p><a href="https://www.amazon.com/dp/B017VNNWXA?tag=eloabder-20&linkCode=osi&th=1&psc=1">View Product</a></div><div class="product"><a href="https://www.amazon.com/dp/B089PKYWJ8?tag=eloabder-20&linkCode=osi&th=1&psc=1"><img src="https://m.media-amazon.com/images/I/31MgSLR6W8L._SL500_.jpg" alt="Product Image"></a><p>Dream On Me Portable 2-in-1 Tabletalk High Chair, Convertible Compact High Chair, Light Weight Portable Highchair, Aqua</p><p> -45% 0FF </p><p>$55.13</p><a href="https://www.amazon.com/dp/B089PKYWJ8?tag=eloabder-20&linkCode=osi&th=1&psc=1">View Product</a></div><div class="product"><a href="https://www.amazon.com/dp/B0CPXDDPDY?tag=eloabder-20&linkCode=osi&th=1&psc=1"><img src="https://m.media-amazon.com/images/I/41qNrW3wklL._SL500_.jpg" alt="Product Image"></a><p>Fodoss 3-in-1 Wooden High Chair for Babies and Toddlers,Convertible Easy Clean Infant Highchair,Silla Modern Design para Comer De Bebe</p><p> -10% 0FF </p><p>$80.98</p><a href="https://www.amazon.com/dp/B0CPXDDPDY?tag=eloabder-20&linkCode=osi&th=1&psc=1">View Product</a></div>
<div class="product"><a href="https://www.amazon.com/dp/B0BG7B1GHP?tag=eloabder-20&linkCode=osi&th=1&psc=1"><img src="https://m.media-amazon.com/images/I/51MRfMlZsSL._SL500_.jpg" alt="Product Image"></a><p>Yoofoss Hooded Baby Towels for Newborn 2 Pack 100% Muslin Cotton Baby Bath Towel with Hood for Babies, Infant, Toddler and Kids, Large 32x32Inch, Soft and Absorbent Newborn Essential</p><p> -20% 0FF </p><p>$15.99</p><a href="https://www.amazon.com/dp/B0BG7B1GHP?tag=eloabder-20&linkCode=osi&th=1&psc=1">View Product</a></div><div class="product"><a href="https://www.amazon.com/dp/B0C6RKZLXW?tag=eloabder-20&linkCode=osi&th=1&psc=1"><img src="https://m.media-amazon.com/images/I/51HX88nmMOL._SL500_.jpg" alt="Product Image"></a><p>Gerber Baby 4 Piece Animal Character Hooded Towel and Washcloth Set, Brown Lion, One Size</p><p> -49% 0FF </p><p>$9.24</p><a href="https://www.amazon.com/dp/B0C6RKZLXW?tag=eloabder-20&linkCode=osi&th=1&psc=1">View Product</a></div><div class="product"><a href="https://www.amazon.com/dp/B0CKXKR1RV?tag=eloabder-20&linkCode=osi&th=1&psc=1"><img src="https://m.media-amazon.com/images/I/41PjOK7YCBL._SL500_.jpg" alt="Product Image"></a><p>Momcozy Baby Hooded Towel, 2 Pack Baby Towel Set, Super Soft Bath Towel with Original Design, Shower Gifts for Infant, Toddler (28 X 28 Inch, Lemon Leaves)</p><p> -19% 0FF </p><p>$21.99</p><a href="https://www.amazon.com/dp/B0CKXKR1RV?tag=eloabder-20&linkCode=osi&th=1&psc=1">View Product</a></div><div class="product"><a href="https://www.amazon.com/dp/B00X21O4L0?tag=eloabder-20&linkCode=osi&th=1&psc=1"><img src="https://m.media-amazon.com/images/I/51fEvVAVyfL._SL500_.jpg" alt="Product Image"></a><p>Luvable Friends Unisex Baby Hooded Towel with Five Washcloths, Boy Fox, One Size</p><p> -17% 0FF </p><p>$9.99</p><a href="https://www.amazon.com/dp/B00X21O4L0?tag=eloabder-20&linkCode=osi&th=1&psc=1">View Product</a></div>
<div class="product"><a href="https://www.amazon.com/dp/B07DGKXBD7?tag=eloabder-20&linkCode=osi&th=1&psc=1"><img src="https://m.media-amazon.com/images/I/31FyDL3570L._SL500_.jpg" alt="Product Image"></a><p>Johnson's Moisturizing Mild Pink Baby Lotion with Coconut Oil for Delicate Baby Skin, Paraben-, Phthalate- & Dye-Free, Hypoallergenic & Dermatologist-Tested, Baby Skin Care, 27.1 Fl. Oz</p><p> -33% 0FF </p><p>$7.19 ($0.27 / Fl Oz)</p><a href="https://www.amazon.com/dp/B07DGKXBD7?tag=eloabder-20&linkCode=osi&th=1&psc=1">View Product</a></div><div class="product"><a href="https://www.amazon.com/dp/B00JF3RYPM?tag=eloabder-20&linkCode=osi&th=1&psc=1"><img src="https://m.media-amazon.com/images/I/31n9VJQSijL._SL500_.jpg" alt="Product Image"></a><p>CeraVe Baby Lotion | Gentle Baby Skin Care with Ceramides, Niacinamide & Vitamin E | Fragrance, Paraben, Dye & Phthalates Free | Lightweight Baby Moisturizer | 8 Ounce | Packaging May Vary</p><p> -10% 0FF </p><p>$8.97 ($1.12 / Fl Oz)</p><a href="https://www.amazon.com/dp/B00JF3RYPM?tag=eloabder-20&linkCode=osi&th=1&psc=1">View Product</a></div><div class="product"><a href="https://www.amazon.com/dp/B094RH4GHC?tag=eloabder-20&linkCode=osi&th=1&psc=1"><img src="https://m.media-amazon.com/images/I/31xi7tuBJAL._SL500_.jpg" alt="Product Image"></a><p>Johnson's Baby Moisturizing Mild Pink Baby Lotion with Coconut Oil for Delicate Baby Skin, Paraben-, Phthalate- & Dye-Free, Hypoallergenic & Dermatologist-Tested, Baby Skin Care, 13.6 Fl. Oz</p><p> -34% 0FF </p><p>$4.49 ($0.33 / Fl Oz)</p><a href="https://www.amazon.com/dp/B094RH4GHC?tag=eloabder-20&linkCode=osi&th=1&psc=1">View Product</a></div><div class="product"><a href="https://www.amazon.com/dp/B0030UF6EW?tag=eloabder-20&linkCode=osi&th=1&psc=1"><img src="https://m.media-amazon.com/images/I/31RKFp5lxLL._SL500_.jpg" alt="Product Image"></a><p>Aveeno Baby Daily Moisture Body Lotion for Sensitive Skin, Hypoallergenic Moisturizing Baby Lotion with Nourishing Oatmeal to Deeply Moisturize Baby's Skin, Fragrance-Free, 18 fl. oz</p><p> -32% 0FF </p><p>$11.06</p><a href="https://www.amazon.com/dp/B0030UF6EW?tag=eloabder-20&linkCode=osi&th=1&psc=1">View Product</a></div><div class="product"><a href="https://www.amazon.com/dp/B00U2VQW72?tag=eloabder-20&linkCode=osi&th=1&psc=1"><img src="https://m.media-amazon.com/images/I/31nMuDcXtPL._SL500_.jpg" alt="Product Image"></a><p>Aveeno Baby Calming Comfort Moisturizing Body Lotion with Relaxing Lavender & Vanilla Scents, Non-Greasy Baby Lotion, Nourishing Prebiotic Oatmeal, Paraben- & Phthalate-Free, 18 fl. oz</p><p> -29% 0FF </p><p>$11.69 ($0.65 / Fl Oz)</p><a href="https://www.amazon.com/dp/B00U2VQW72?tag=eloabder-20&linkCode=osi&th=1&psc=1">View Product</a></div><div class="product"><a href="https://www.amazon.com/dp/B07DGL23H4?tag=eloabder-20&linkCode=osi&th=1&psc=1"><img src="https://m.media-amazon.com/images/I/31YO49z1TsL._SL500_.jpg" alt="Product Image"></a><p>Johnson's Moisturizing Bedtime Baby Lotion with Coconut Oil & NaturalCalm Aromas to Help Relax Baby, Hypoallergenic & Free of Parabens, Phthalates & Dyes, Mild Baby Skin Care, 27.1 fl. oz</p><p> -36% 0FF </p><p>$9.50 ($0.35 / Fl Oz)</p><a href="https://www.amazon.com/dp/B07DGL23H4?tag=eloabder-20&linkCode=osi&th=1&psc=1">View Product</a></div><div class="product"><a href="https://www.amazon.com/dp/B01A59VMSO?tag=eloabder-20&linkCode=osi&th=1&psc=1"><img src="https://m.media-amazon.com/images/I/31P-2Bf0eYL._SL500_.jpg" alt="Product Image"></a><p>Eucerin Baby Body Lotion, Hypoallergenic and Fragrance Free Baby Lotion, Baby Moisturizer with Pro-Vitamin B5 and Shea Butter, 13.5 Fl Oz Bottle</p><p> -17% 0FF </p><p>$9.78 ($0.72 / Fl Oz)</p><a href="https://www.amazon.com/dp/B01A59VMSO?tag=eloabder-20&linkCode=osi&th=1&psc=1">View Product</a></div><div class="product"><a href="https://www.amazon.com/dp/B07DGKXBDD?tag=eloabder-20&linkCode=osi&th=1&psc=1"><img src="https://m.media-amazon.com/images/I/31IvagYz0ML._SL500_.jpg" alt="Product Image"></a><p>Johnson's Baby CottonTouch Newborn Baby Face and Body Lotion, Hypoallergenic and Paraben-Free Moisturization for Baby's Sensitive Skin, Made with Real Cotton, 27.1 fl. oz</p><p> -37% 0FF </p><p>$9.35 ($0.35 / Fl Oz)</p><a href="https://www.amazon.com/dp/B07DGKXBDD?tag=eloabder-20&linkCode=osi&th=1&psc=1">View Product</a></div>
<div class="product"><a href="https://www.amazon.com/dp/B08HSNXSM6?tag=eloabder-20&linkCode=osi&th=1&psc=1"><img src="https://m.media-amazon.com/images/I/4193Km1SQcL._SL500_.jpg" alt="Product Image"></a><p>The Peanutshell Crib Mobile for Boys or Girls - White Musical Baby Crib Mobile with 12 Lullabies, Jungle Animal, Baby Mobile Crib Safari Animals Nursery Decor</p><p> -11% 0FF </p><p>$39.99</p><a href="https://www.amazon.com/dp/B08HSNXSM6?tag=eloabder-20&linkCode=osi&th=1&psc=1">View Product</a></div><div class="product"><a href="https://www.amazon.com/dp/B088TCNZ52?tag=eloabder-20&linkCode=osi&th=1&psc=1"><img src="https://m.media-amazon.com/images/I/41Nuh1UJwkL._SL500_.jpg" alt="Product Image"></a><p>EVERLOVE Montessori Mobile Baby for Crib (TINITIGIES) - Black and White Mobile Give Visual Stimulation to Engage Your Newborn - Baby Crib Mobile for Boys & Girls - Baby Mobile for Crib</p><p> -12% 0FF </p><p>$37.99</p><a href="https://www.amazon.com/dp/B088TCNZ52?tag=eloabder-20&linkCode=osi&th=1&psc=1">View Product</a></div><div class="product"><a href="https://www.amazon.com/dp/B07DM86Z43?tag=eloabder-20&linkCode=osi&th=1&psc=1"><img src="https://m.media-amazon.com/images/I/41wBVQgCTUL._SL500_.jpg" alt="Product Image"></a><p>Baby Einstein Sea Dreams Soother Musical Crib Toy and Sound Machine, Newborn and up</p><p> -15% 0FF </p><p>$33.90</p><a href="https://www.amazon.com/dp/B07DM86Z43?tag=eloabder-20&linkCode=osi&th=1&psc=1">View Product</a></div><div class="product"><a href="https://www.amazon.com/dp/B0B38G1MBD?tag=eloabder-20&linkCode=osi&th=1&psc=1"><img src="https://m.media-amazon.com/images/I/51ES4bHBHqL._SL500_.jpg" alt="Product Image"></a><p>Eners Baby Crib Mobile with Music and Lights, Mobile for Crib with Remote Control, Rotation, Moon and Star Projection, Baby Crib Toys for Boys Girls (Blue)</p><p> -6% 0FF </p><p>$33.99</p><a href="https://www.amazon.com/dp/B0B38G1MBD?tag=eloabder-20&linkCode=osi&th=1&psc=1">View Product</a></div>
<div class="product"><a href="https://www.amazon.com/dp/B09GM8JZM9?tag=eloabder-20&linkCode=osi&th=1&psc=1"><img src="https://m.media-amazon.com/images/I/41XmH3g0-aL._SL500_.jpg" alt="Product Image"></a><p>HelloBaby Upgrade Baby Monitor, 5'' Screen with 30-Hour Battery, Pan-Tilt-Zoom Video Baby Monitor with Camera and Audio, Night Vision, VOX, 2-Way Talk, 8 Lullabies and 1000ft Range No WiFi</p><p> -20% 0FF </p><p>$79.99</p><a href="https://www.amazon.com/dp/B09GM8JZM9?tag=eloabder-20&linkCode=osi&th=1&psc=1">View Product</a></div><div class="product"><a href="https://www.amazon.com/dp/B00JEV5UI8?tag=eloabder-20&linkCode=osi&th=1&psc=1"><img src="https://m.media-amazon.com/images/I/41va56lWJ6L._SL500_.jpg" alt="Product Image"></a><p>VTech Upgraded Audio Baby Monitor with Rechargeable Battery, Long Range, and Crystal-Clear Sound</p><p> -9% 0FF </p><p>$19.99</p><a href="https://www.amazon.com/dp/B00JEV5UI8?tag=eloabder-20&linkCode=osi&th=1&psc=1">View Product</a></div><div class="product"><a href="https://www.amazon.com/dp/B0BZ8BN87L?tag=eloabder-20&linkCode=osi&th=1&psc=1"><img src="https://m.media-amazon.com/images/I/41Bi8mMjlBL._SL500_.jpg" alt="Product Image"></a><p>OKAIDI Video Baby Monitor with Camera and Audio, 5" Display Baby Monitor No WiFi, 30H Battery and 1000ft Range Baby Monitor, Remote Pan-Tilt-Zoom Baby Camera, Night Vision, 2-Way Talk, VOX,Temperature</p><p> -25% 0FF </p><p>$44.99</p><a href="https://www.amazon.com/dp/B0BZ8BN87L?tag=eloabder-20&linkCode=osi&th=1&psc=1">View Product</a></div><div class="product"><a href="https://www.amazon.com/dp/B0B316NPZ6?tag=eloabder-20&linkCode=osi&th=1&psc=1"><img src="https://m.media-amazon.com/images/I/41IWDeVuDfL._SL500_.jpg" alt="Product Image"></a><p>HelloBaby Monitor with Camera and Audio, 1000ft Long Range Video Baby Monitor-No WiFi, Night Vision, VOX Mode-Power Saving, 2.4'' Portable Travel Screen, Baby Safety Camera, for Baby/Pet, Plug & Play</p><p> -10% 0FF </p><p>$29.98</p><a href="https://www.amazon.com/dp/B0B316NPZ6?tag=eloabder-20&linkCode=osi&th=1&psc=1">View Product</a></div><div class="product"><a href="https://www.amazon.com/dp/B0CYCDTZ6G?tag=eloabder-20&linkCode=osi&th=1&psc=1"><img src="https://m.media-amazon.com/images/I/41PTcAHdqoL._SL500_.jpg" alt="Product Image"></a><p>HelloBaby Baby Monitor with Camera and Audio, 6'' World First IPS Screen Baby Camera Monitor No WiFi, 30-Hrs Battery, ECO, VOX, 2-Way Talk, Night Vision, 1000ft, Video Baby Monitor Portable</p><p> -25% 0FF </p><p>$89.99</p><a href="https://www.amazon.com/dp/B0CYCDTZ6G?tag=eloabder-20&linkCode=osi&th=1&psc=1">View Product</a></div><div class="product"><a href="https://www.amazon.com/dp/B007NG5UF4?tag=eloabder-20&linkCode=osi&th=1&psc=1"><img src="https://m.media-amazon.com/images/I/41SdqvzVNuL._SL500_.jpg" alt="Product Image"></a><p>VTech DM221 Audio Baby Monitor with up to 1,000 ft of Range, Vibrating Sound-Alert, Talk Back Intercom & Night Light Loop, White/Silver</p><p> -13% 0FF </p><p>$33.95</p><a href="https://www.amazon.com/dp/B007NG5UF4?tag=eloabder-20&linkCode=osi&th=1&psc=1">View Product</a></div><div class="product"><a href="https://www.amazon.com/dp/B0CZDYF95R?tag=eloabder-20&linkCode=osi&th=1&psc=1"><img src="https://m.media-amazon.com/images/I/41hYOyPQ9dL._SL500_.jpg" alt="Product Image"></a><p>VTimes Baby Monitor with Camera and Audio, Video Baby Monitor No WiFi Night Vision, 2.4" LCD Screen Portable Baby Camera VOX Mode Pan-Tilt-Zoom Alarm and 1000ft Range, Ideal for Baby/Elderly/Pet</p><p> -40% 0FF </p><p>$29.99</p><a href="https://www.amazon.com/dp/B0CZDYF95R?tag=eloabder-20&linkCode=osi&th=1&psc=1">View Product</a></div>
<div class="product"><a href="https://www.amazon.com/dp/B0119493OY?tag=eloabder-20&linkCode=osi&th=1&psc=1"><img src="https://m.media-amazon.com/images/I/31o0TllpwAL._SL500_.jpg" alt="Product Image"></a><p>Safety 1st Fold-Up Nail Clippers - 2pk</p><p> -25% 0FF </p><p>$2.99</p><a href="https://www.amazon.com/dp/B0119493OY?tag=eloabder-20&linkCode=osi&th=1&psc=1">View Product</a></div><div class="product"><a href="https://www.amazon.com/dp/B01644OCVS?tag=eloabder-20&linkCode=osi&th=1&psc=1"><img src="https://m.media-amazon.com/images/I/41oX5dLMB1L._SL500_.jpg" alt="Product Image"></a><p>Frida Baby NailFrida The SnipperClipper Set, Baby Nail Clippers & Nail Filer, Baby Essential Nail Kit for Newborns and Up</p><p> -36% 0FF </p><p>$8.31</p><a href="https://www.amazon.com/dp/B01644OCVS?tag=eloabder-20&linkCode=osi&th=1&psc=1">View Product</a></div><div class="product"><a href="https://www.amazon.com/dp/B084JZ27SM?tag=eloabder-20&linkCode=osi&th=1&psc=1"><img src="https://m.media-amazon.com/images/I/31JsNl8WpML._SL500_.jpg" alt="Product Image"></a><p>Safety 1st Light Zoom Nail Clippers, One Size</p><p> -27% 0FF </p><p>$7.29</p><a href="https://www.amazon.com/dp/B084JZ27SM?tag=eloabder-20&linkCode=osi&th=1&psc=1">View Product</a></div><div class="product"><a href="https://www.amazon.com/dp/B0D9BCJWC7?tag=eloabder-20&linkCode=osi&th=1&psc=1"><img src="https://m.media-amazon.com/images/I/41vknqnodfL._SL500_.jpg" alt="Product Image"></a><p>Yeeeasy Baby Nail Clippers Kit Baby Grooming Set with Nail Clippers, Scissors, Nail File & Tweezers Baby Care Kit Fingernail Cutter for Baby,Newborn,Infant,Toddler,Kid(Purple)</p><p> -55% 0FF </p><p>$4.49</p><a href="https://www.amazon.com/dp/B0D9BCJWC7?tag=eloabder-20&linkCode=osi&th=1&psc=1">View Product</a></div>
<div class="product"><a href="https://www.amazon.com/dp/B08CMWHD3B?tag=eloabder-20&linkCode=osi&th=1&psc=1"><img src="https://m.media-amazon.com/images/I/41+F2Dv0iiL._SL500_.jpg" alt="Product Image"></a><p>GROWNSY Nasal Aspirator for Baby, Baby Nose Sucker Pro with 3 Soft Silicone Tips, Adjustable Suction, Electric Nose Suction for Baby, Built-in Music & Light Soothing</p><p> -20% 0FF </p><p>$39.99 ($39.99 / Count)</p><a href="https://www.amazon.com/dp/B08CMWHD3B?tag=eloabder-20&linkCode=osi&th=1&psc=1">View Product</a></div><div class="product"><a href="https://www.amazon.com/dp/B00RP0GHBO?tag=eloabder-20&linkCode=osi&th=1&psc=1"><img src="https://m.media-amazon.com/images/I/41pIJoWu-UL._SL500_.jpg" alt="Product Image"></a><p>Frida Baby NoseFrida SnotSucker Nasal Aspirator for Baby, Baby Nose Sucker with 24 Extra Hygiene Filters, Baby Congestion Relief, FSA/HSA Eligible</p><p> -25% 0FF </p><p>$14.99</p><a href="https://www.amazon.com/dp/B00RP0GHBO?tag=eloabder-20&linkCode=osi&th=1&psc=1">View Product</a></div><div class="product"><a href="https://www.amazon.com/dp/B0C3CHQHJP?tag=eloabder-20&linkCode=osi&th=1&psc=1"><img src="https://m.media-amazon.com/images/I/51IO9JHchbL._SL500_.jpg" alt="Product Image"></a><p>X-Bosak Baby Nasal Aspirator, Electric Nose Sucker with 5 Levels Suction, Soothing Light & Nursery Rhymes</p><p> -18% 0FF </p><p>$30.99</p><a href="https://www.amazon.com/dp/B0C3CHQHJP?tag=eloabder-20&linkCode=osi&th=1&psc=1">View Product</a></div><div class="product"><a href="https://www.amazon.com/dp/B094Z43BQF?tag=eloabder-20&linkCode=osi&th=1&psc=1"><img src="https://m.media-amazon.com/images/I/41elOKysySL._SL500_.jpg" alt="Product Image"></a><p>Frida Baby Electric NoseFrida Nasal Aspirator for Baby, Nose Sucker for Baby & Toddler, Nasal Aspirator for Congestion Relief with 3 Suction Levels, 2 Silicone Tips, USB Rechargeable</p><p> -13% 0FF </p><p>$34.99</p><a href="https://www.amazon.com/dp/B094Z43BQF?tag=eloabder-20&linkCode=osi&th=1&psc=1">View Product</a></div><div class="product"><a href="https://www.amazon.com/dp/B01N093BYV?tag=eloabder-20&linkCode=osi&th=1&psc=1"><img src="https://m.media-amazon.com/images/I/316hpVBAmNL._SL500_.jpg" alt="Product Image"></a><p>Frida Baby Nasal Aspirator for Baby, NoseFrida Baby Nose Sucker with 10 Extra Filters + All-Natural Saline Nasal Spray for Babies, Nasal Spray Decongestant, 0.68 fl oz</p><p> -15% 0FF </p><p>$16.97</p><a href="https://www.amazon.com/dp/B01N093BYV?tag=eloabder-20&linkCode=osi&th=1&psc=1">View Product</a></div><div class="product"><a href="https://www.amazon.com/dp/B0BSVG8S59?tag=eloabder-20&linkCode=osi&th=1&psc=1"><img src="https://m.media-amazon.com/images/I/31Rju6jEphL._SL500_.jpg" alt="Product Image"></a><p>Dr. Talbot's Nasal Aspirator for Babies - Silicone - Includes Storage Case - Clear</p><p> -20% 0FF </p><p>$6.39</p><a href="https://www.amazon.com/dp/B0BSVG8S59?tag=eloabder-20&linkCode=osi&th=1&psc=1">View Product</a></div>
<div class="product"><a href="https://www.amazon.com/dp/B00WEBVM5U?tag=eloabder-20&linkCode=osi&th=1&psc=1"><img src="https://m.media-amazon.com/images/I/31oMSFi3dGL._SL500_.jpg" alt="Product Image"></a><p>Johnson's Baby Oil, Mineral Oil Enriched with Shea & Cocoa Butter to Prevent Moisture Loss, Hypoallergenic, 20 fl. oz</p><p> -35% 0FF </p><p>$5.90 ($0.30 / Fl Oz)</p><a href="https://www.amazon.com/dp/B00WEBVM5U?tag=eloabder-20&linkCode=osi&th=1&psc=1">View Product</a></div><div class="product"><a href="https://www.amazon.com/dp/B00J51Q1IA?tag=eloabder-20&linkCode=osi&th=1&psc=1"><img src="https://m.media-amazon.com/images/I/31WSLNGqaEL._SL500_.jpg" alt="Product Image"></a><p>Johnson & Johnson SLC (Cosmetics) Baby Oil, 20 Fl Oz</p><p> -33% 0FF </p><p>$6.02 ($0.30 / Fl Oz)</p><a href="https://www.amazon.com/dp/B00J51Q1IA?tag=eloabder-20&linkCode=osi&th=1&psc=1">View Product</a></div><div class="product"><a href="https://www.amazon.com/dp/B00LPC15FQ?tag=eloabder-20&linkCode=osi&th=1&psc=1"><img src="https://m.media-amazon.com/images/I/315PcqnZ4qL._SL500_.jpg" alt="Product Image"></a><p>Johnson's Baby Johnson & Johnson Baby Oil, Aloe Vera & Vitamin E, Multicolor, 14 Fl Oz</p><p> -23% 0FF </p><p>$5.49 ($0.39 / Fl Oz)</p><a href="https://www.amazon.com/dp/B00LPC15FQ?tag=eloabder-20&linkCode=osi&th=1&psc=1">View Product</a></div><div class="product"><a href="https://www.amazon.com/dp/B001UAA2UC?tag=eloabder-20&linkCode=osi&th=1&psc=1"><img src="https://m.media-amazon.com/images/I/31-74Q7XbxL._SL500_.jpg" alt="Product Image"></a><p>Johnson's Baby Oil Gel, Moisturizing Baby Massage Mineral Oil Enriched with Shea & Cocoa Butter, Dry Skin Relief for Babies, Kids & Adults, Nourishing & Gentle on Delicate Skin, 6.5 fl. oz</p><p> -16% 0FF </p><p>$5.98 ($0.92 / Fl Oz)</p><a href="https://www.amazon.com/dp/B001UAA2UC?tag=eloabder-20&linkCode=osi&th=1&psc=1">View Product</a></div>
<div class="product"><a href="https://www.amazon.com/dp/B0D88Y4955?tag=eloabder-20&linkCode=osi&th=1&psc=1"><img src="https://m.media-amazon.com/images/I/41Au0yzblbL._SL500_.jpg" alt="Product Image"></a><p>Burt's Bees Baby Baby Boys Pajamas, Sleep and Play Loose Fit, 100% Organic Cotton, Soft One-piece PJs, Diagonal Zip Up Jumpsuit Newborn Essentials with Interior Zipper Guard in sizes NB to 6-9 Months</p><p> -49% 0FF </p><p>$7.60</p><a href="https://www.amazon.com/dp/B0D88Y4955?tag=eloabder-20&linkCode=osi&th=1&psc=1">View Product</a></div><div class="product"><a href="https://www.amazon.com/dp/B08GHLBW8P?tag=eloabder-20&linkCode=osi&th=1&psc=1"><img src="https://m.media-amazon.com/images/I/512q+TZZ2UL._SL500_.jpg" alt="Product Image"></a><p>Gerber Baby Boys' 4-Pack Footed Pajamas, Dinosaurs Space Grey, 18 Months</p><p> -9% 0FF </p><p>$29.98</p><a href="https://www.amazon.com/dp/B08GHLBW8P?tag=eloabder-20&linkCode=osi&th=1&psc=1">View Product</a></div>
<div class="product"><a href="https://www.amazon.com/dp/B09XHGG4B8?tag=eloabder-20&linkCode=osi&th=1&psc=1"><img src="https://m.media-amazon.com/images/I/51drx-WonLL._SL500_.jpg" alt="Product Image"></a><p>Yeeeasy Tummy Time Water Mat丨Inflatable Tummy Time Water Play Mat for Babies, Infants and Toddlers 3 to 12 Months Promote Development Toys Baby Gifts</p><p> -33% 0FF </p><p>$9.99</p><a href="https://www.amazon.com/dp/B09XHGG4B8?tag=eloabder-20&linkCode=osi&th=1&psc=1">View Product</a></div>
<div class="product"><a href="https://www.amazon.com/dp/B0009STDJW?tag=eloabder-20&linkCode=osi&th=1&psc=1"><img src="https://m.media-amazon.com/images/I/31XlMHyMw4L._SL500_.jpg" alt="Product Image"></a><p>Johnson's Baby Powder, Naturally Derived Cornstarch with Aloe & Vitamin E for Delicate Skin, Hypoallergenic and Free of Parabens, Phthalates, and Dyes for Gentle Baby Skin Care, 15 oz</p><p> -31% 0FF </p><p>$4.98 ($0.33 / Ounce)</p><a href="https://www.amazon.com/dp/B0009STDJW?tag=eloabder-20&linkCode=osi&th=1&psc=1">View Product</a></div><div class="product"><a href="https://www.amazon.com/dp/B005IHT880?tag=eloabder-20&linkCode=osi&th=1&psc=1"><img src="https://m.media-amazon.com/images/I/31Yy8plMS3L._SL500_.jpg" alt="Product Image"></a><p>Johnson's Baby Naturally Derived Cornstarch Baby Powder with Aloe and Vitamin E for Delicate Skin, Hypoallergenic and Free of Parabens, Phthalates, and Dyes for Gentle Baby Skin Care, 1.5 oz</p><p> -31% 0FF </p><p>$1.97 ($1.31 / Ounce)</p><a href="https://www.amazon.com/dp/B005IHT880?tag=eloabder-20&linkCode=osi&th=1&psc=1">View Product</a></div><div class="product"><a href="https://www.amazon.com/dp/B00I5MVFB8?tag=eloabder-20&linkCode=osi&th=1&psc=1"><img src="https://m.media-amazon.com/images/I/41kU-erHU1L._SL500_.jpg" alt="Product Image"></a><p>Johnson's Baby Powder, Pure Cornstarch, Aloe & Vitamin E, 22 Ounce (Pack of 3) - Packaging May Vary</p><p> -31% 0FF </p><p>$18.87 ($0.29 / Ounce)</p><a href="https://www.amazon.com/dp/B00I5MVFB8?tag=eloabder-20&linkCode=osi&th=1&psc=1">View Product</a></div><div class="product"><a href="https://www.amazon.com/dp/B004Z4MNGQ?tag=eloabder-20&linkCode=osi&th=1&psc=1"><img src="https://m.media-amazon.com/images/I/31szXN97ucL._SL500_.jpg" alt="Product Image"></a><p>Johnson's Baby Powder with Naturally Derived Cornstarch Aloe & Vitamin E, Hypoallergenic, 9 oz</p><p> -26% 0FF </p><p>$3.95 ($0.44 / Ounce)</p><a href="https://www.amazon.com/dp/B004Z4MNGQ?tag=eloabder-20&linkCode=osi&th=1&psc=1">View Product</a></div><div class="product"><a href="https://www.amazon.com/dp/B0CCPK861Q?tag=eloabder-20&linkCode=osi&th=1&psc=1"><img src="https://m.media-amazon.com/images/I/51jIdMql0FL._SL500_.jpg" alt="Product Image"></a><p>Burt's Bees Christmas Gifts, Baby Dusting Powder, 100% Natural Origin, Talc-Free, Pediatrician Tested Stocking Stuffers, 7.5 Ounces, Pack of 3, Pack May Vary</p><p> -29% 0FF </p><p>$19.17 ($0.85 / Ounce)</p><a href="https://www.amazon.com/dp/B0CCPK861Q?tag=eloabder-20&linkCode=osi&th=1&psc=1">View Product</a></div><div class="product"><a href="https://www.amazon.com/dp/B012FUZ8NG?tag=eloabder-20&linkCode=osi&th=1&psc=1"><img src="https://m.media-amazon.com/images/I/41t4DM92+aL._SL500_.jpg" alt="Product Image"></a><p>Gold Bond Comfort Body Powder, 10 oz., Talc-Free, Fresh Clean Scent With Aloe & Chamomile</p><p> -7% 0FF </p><p>$6.79 ($0.68 / Ounce)</p><a href="https://www.amazon.com/dp/B012FUZ8NG?tag=eloabder-20&linkCode=osi&th=1&psc=1">View Product</a></div>
<div class="product"><a href="https://www.amazon.com/dp/B00JHKTDQG?tag=eloabder-20&linkCode=osi&th=1&psc=1"><img src="https://m.media-amazon.com/images/I/41u2OOs0uOL._SL500_.jpg" alt="Product Image"></a><p>Safety 1st Plug Protectors, 36 Count</p><p> -22% 0FF </p><p>$3.49</p><a href="https://www.amazon.com/dp/B00JHKTDQG?tag=eloabder-20&linkCode=osi&th=1&psc=1">View Product</a></div><div class="product"><a href="https://www.amazon.com/dp/B0CZRKFS5Z?tag=eloabder-20&linkCode=osi&th=1&psc=1"><img src="https://m.media-amazon.com/images/I/413bGIIY4WL._SL500_.jpg" alt="Product Image"></a><p>Baby Proofing Kit, Oven Door Lock Child proof Safety Product for Kitchen, Double Button, Heat-Resistant, Easy to Install (1 Pack,Grey)</p><p> -20% 0FF </p><p>$7.99</p><a href="https://www.amazon.com/dp/B0CZRKFS5Z?tag=eloabder-20&linkCode=osi&th=1&psc=1">View Product</a></div><div class="product"><a href="https://www.amazon.com/dp/B00YKG2YS6?tag=eloabder-20&linkCode=osi&th=1&psc=1"><img src="https://m.media-amazon.com/images/I/41+wB4D0smL._SL500_.jpg" alt="Product Image"></a><p>Safety 1st Safety Essentials Kit , White , 1 Count</p><p> -38% 0FF </p><p>$7.48</p><a href="https://www.amazon.com/dp/B00YKG2YS6?tag=eloabder-20&linkCode=osi&th=1&psc=1">View Product</a></div>
<div class="product"><a href="https://www.amazon.com/dp/B000BNCA4K?tag=eloabder-20&linkCode=osi&th=1&psc=1"><img src="https://m.media-amazon.com/images/I/51+hwco0h6L._SL500_.jpg" alt="Product Image"></a><p>Manhattan Toy Winkel Rattle & Sensory Teether Toy, Blue/Green/Orange, 5 Inch x 4 Inch x 3.5 Inch</p><p> -29% 0FF </p><p>$9.99</p><a href="https://www.amazon.com/dp/B000BNCA4K?tag=eloabder-20&linkCode=osi&th=1&psc=1">View Product</a></div><div class="product"><a href="https://www.amazon.com/dp/B000FMQWS2?tag=eloabder-20&linkCode=osi&th=1&psc=1"><img src="https://m.media-amazon.com/images/I/4108+CwoQfL._SL500_.jpg" alt="Product Image"></a><p>Bright Starts Grab & Spin Baby Rattle & BPA-Free Teether Toy, Ages 3 Months+</p><p> -15% 0FF </p><p>$2.97</p><a href="https://www.amazon.com/dp/B000FMQWS2?tag=eloabder-20&linkCode=osi&th=1&psc=1">View Product</a></div><div class="product"><a href="https://www.amazon.com/dp/B071YCHDX1?tag=eloabder-20&linkCode=osi&th=1&psc=1"><img src="https://m.media-amazon.com/images/I/512uBUjyccL._SL500_.jpg" alt="Product Image"></a><p>iPlay, iLearn 10pcs Baby Rattles Toys Set, Infant Grab Shake Rattle, Sensory Teether, Babies Development Learning Music Toy, Newborn First Christmas Gifts 0 1 2 3 4 5 6 7 8 9 10 12 Month Boy Girl</p><p> -15% 0FF </p><p>$22.99</p><a href="https://www.amazon.com/dp/B071YCHDX1?tag=eloabder-20&linkCode=osi&th=1&psc=1">View Product</a></div><div class="product"><a href="https://www.amazon.com/dp/B019ICFYNI?tag=eloabder-20&linkCode=osi&th=1&psc=1"><img src="https://m.media-amazon.com/images/I/51oYX33BlzL._SL500_.jpg" alt="Product Image"></a><p>VTech Baby Rattle and Sing Puppy</p><p> -18% 0FF </p><p>$8.99</p><a href="https://www.amazon.com/dp/B019ICFYNI?tag=eloabder-20&linkCode=osi&th=1&psc=1">View Product</a></div><div class="product"><a href="https://www.amazon.com/dp/B000V2Y5BW?tag=eloabder-20&linkCode=osi&th=1&psc=1"><img src="https://m.media-amazon.com/images/I/41Bz5Kz2OzL._SL500_.jpg" alt="Product Image"></a><p>The First Years First Keys Infant and Baby Toy</p><p> -67% 0FF </p><p>$2.44</p><a href="https://www.amazon.com/dp/B000V2Y5BW?tag=eloabder-20&linkCode=osi&th=1&psc=1">View Product</a></div>
<div class="product"><a href="https://www.amazon.com/dp/B005SPESKK?tag=eloabder-20&linkCode=osi&th=1&psc=1"><img src="https://m.media-amazon.com/images/I/410ZKnRS3aL._SL500_.jpg" alt="Product Image"></a><p>Aveeno Baby Bathtime Solutions Baby & Me Gift Set with Baby Wash & Shampoo, Calming Baby Bath, Baby Daily Moisturizing Lotion & Stress Relief Body Wash for Mom, Oatmeal, 4 Items</p><p> -35% 0FF </p><p>$20.69</p><a href="https://www.amazon.com/dp/B005SPESKK?tag=eloabder-20&linkCode=osi&th=1&psc=1">View Product</a></div><div class="product"><a href="https://www.amazon.com/dp/B005UEB96K?tag=eloabder-20&linkCode=osi&th=1&psc=1"><img src="https://m.media-amazon.com/images/I/41irWX472ZL._SL500_.jpg" alt="Product Image"></a><p>Aquaphor Baby Healing Ointment Advanced Therapy Skin Protectant, Dry Skin and Diaper Rash Ointment, 14 Oz Jar</p><p> -8% 0FF </p><p>$18.37</p><a href="https://www.amazon.com/dp/B005UEB96K?tag=eloabder-20&linkCode=osi&th=1&psc=1">View Product</a></div><div class="product"><a href="https://www.amazon.com/dp/B0CNXKT6S7?tag=eloabder-20&linkCode=osi&th=1&psc=1"><img src="https://m.media-amazon.com/images/I/41UPubKIJYL._SL500_.jpg" alt="Product Image"></a><p>Blissful Diary Baby Diaper Caddy Organizer, Stylish Nursery Storage Basket - Gift for Baby Shower, Baby Registry Must Have, Newborn Essentials - Baby Caddy Organizer for Diaper Station - Sage Green</p><p> -7% 0FF </p><p>$22.99</p><a href="https://www.amazon.com/dp/B0CNXKT6S7?tag=eloabder-20&linkCode=osi&th=1&psc=1">View Product</a></div><div class="product"><a href="https://www.amazon.com/dp/B07RX5BD32?tag=eloabder-20&linkCode=osi&th=1&psc=1"><img src="https://m.media-amazon.com/images/I/41p16YTuexL._SL500_.jpg" alt="Product Image"></a><p>Portable Diaper Changing Pad, Portable Changing pad for Newborn Girl & Boy - Baby Changing Pad with Smart Wipes Pocket – Waterproof Travel Changing Kit - Baby Gift by Kopi Baby</p><p> -42% 0FF </p><p>$21.89</p><a href="https://www.amazon.com/dp/B07RX5BD32?tag=eloabder-20&linkCode=osi&th=1&psc=1">View Product</a></div>
<div class="product"><a href="https://www.amazon.com/dp/B07DGKWFJM?tag=eloabder-20&linkCode=osi&th=1&psc=1"><img src="https://m.media-amazon.com/images/I/313M7YzzHPL._SL500_.jpg" alt="Product Image"></a><p>Johnson's Baby Shampoo with Tear-Free Formula, Shampoo for Baby's Delicate Scalp & Skin, Gently Washes Away Dirt & Germs, Paraben-, Phthalate-, Sulfate- & Dye-Free, 20.3 fl. oz</p><p> -35% 0FF </p><p>$5.90 ($0.29 / Fl Oz)</p><a href="https://www.amazon.com/dp/B07DGKWFJM?tag=eloabder-20&linkCode=osi&th=1&psc=1">View Product</a></div><div class="product"><a href="https://www.amazon.com/dp/B07DGK9FQG?tag=eloabder-20&linkCode=osi&th=1&psc=1"><img src="https://m.media-amazon.com/images/I/31ZmgkaoecL._SL500_.jpg" alt="Product Image"></a><p>Johnson's Baby Tear Free Shampoo, No Parabens/Phthalates/Sulfates/Dyes, Fresh, 13.6 Fl Oz</p><p> -30% 0FF </p><p>$4.78 ($0.35 / Fl Oz)</p><a href="https://www.amazon.com/dp/B07DGK9FQG?tag=eloabder-20&linkCode=osi&th=1&psc=1">View Product</a></div><div class="product"><a href="https://www.amazon.com/dp/B07D2JMJPS?tag=eloabder-20&linkCode=osi&th=1&psc=1"><img src="https://m.media-amazon.com/images/I/31GFcXvNoSL._SL500_.jpg" alt="Product Image"></a><p>Johnson's Head-to-Toe Gentle Tear-Free Baby & Newborn Wash & Shampoo, Sulfate-, Paraben- Phthalate- & Dye-Free, Hypoallergenic Wash for Sensitive Skin & Hair, 27.1 fl. Oz</p><p> -33% 0FF </p><p>$7.19 ($0.27 / Fl Oz)</p><a href="https://www.amazon.com/dp/B07D2JMJPS?tag=eloabder-20&linkCode=osi&th=1&psc=1">View Product</a></div><div class="product"><a href="https://www.amazon.com/dp/B07NSBTZ22?tag=eloabder-20&linkCode=osi&th=1&psc=1"><img src="https://m.media-amazon.com/images/I/316UK0+xv+L._SL500_.jpg" alt="Product Image"></a><p>Aveeno Baby Daily Moisture Gentle Bath Wash & Shampoo with Natural Oat Extract, Hypoallergenic, Tear-Free & Paraben-Free Formula For Sensitive Hair & Skin, Lightly Scented, 33 fl. oz</p><p> -43% 0FF </p><p>$13.98 ($0.42 / Fl Oz)</p><a href="https://www.amazon.com/dp/B07NSBTZ22?tag=eloabder-20&linkCode=osi&th=1&psc=1">View Product</a></div><div class="product"><a href="https://www.amazon.com/dp/B07DGPL4Y7?tag=eloabder-20&linkCode=osi&th=1&psc=1"><img src="https://m.media-amazon.com/images/I/310oJnMMURS._SL500_.jpg" alt="Product Image"></a><p>Johnson's Baby Calming Baby Shampoo with Soothing NaturalCalm Scent, Hypoallergenic & Tear-Free Baby Hair Shampoo, Free of Parabens, Phthalates, Sulfates & Dyes, 20.3 fl. oz</p><p> -9% 0FF </p><p>$5.39 ($0.27 / Fl Oz)</p><a href="https://www.amazon.com/dp/B07DGPL4Y7?tag=eloabder-20&linkCode=osi&th=1&psc=1">View Product</a></div><div class="product"><a href="https://www.amazon.com/dp/B072QXWXS6?tag=eloabder-20&linkCode=osi&th=1&psc=1"><img src="https://m.media-amazon.com/images/I/31nATTwRNrL._SL500_.jpg" alt="Product Image"></a><p>The Honest Company 2-in-1 Cleansing Shampoo + Body Wash | Gentle for Baby | Naturally Derived, Tear-free, Hypoallergenic | Fragrance Free Sensitive, 10 fl oz</p><p> -8% 0FF </p><p>$10.99 ($1.10 / Fl Oz)</p><a href="https://www.amazon.com/dp/B072QXWXS6?tag=eloabder-20&linkCode=osi&th=1&psc=1">View Product</a></div><div class="product"><a href="https://www.amazon.com/dp/B0BXB874ZB?tag=eloabder-20&linkCode=osi&th=1&psc=1"><img src="https://m.media-amazon.com/images/I/61I9qaFfznL._SL500_.jpg" alt="Product Image"></a><p>SheaMoisture Baby Shampoo & Bath Milk Manuka Honey & Lavender for Delicate Hair and Skin Nighttime Skin and Hair Care Regimen 13 oz</p><p> -10% 0FF </p><p>$8.97 ($0.69 / Fl Oz)</p><a href="https://www.amazon.com/dp/B0BXB874ZB?tag=eloabder-20&linkCode=osi&th=1&psc=1">View Product</a></div>
<div class="product"><a href="https://www.amazon.com/dp/B07JP112TD?tag=eloabder-20&linkCode=osi&th=1&psc=1"><img src="https://m.media-amazon.com/images/I/31-1TtUqz2L._SL500_.jpg" alt="Product Image"></a><p>Stride Rite Baby Girls Sr Taye 2.0 First Walker Shoe, Pink, 3 Infant US</p><p> -30% 0FF </p><p>$25.72</p><a href="https://www.amazon.com/dp/B07JP112TD?tag=eloabder-20&linkCode=osi&th=1&psc=1">View Product</a></div><div class="product"><a href="https://www.amazon.com/dp/B08M5M2ZNJ?tag=eloabder-20&linkCode=osi&th=1&psc=1"><img src="https://m.media-amazon.com/images/I/31qHgEG+WSL._SL500_.jpg" alt="Product Image"></a><p>Baby Booties 6-12 Months Unisex Cozy Fleece Newborn Booties Non-Slip Newborn First Walkers Shoes Toddler Slippers for Baby Boys & Baby Girls Gifts, Black</p><p> -33% 0FF </p><p>$9.99</p><a href="https://www.amazon.com/dp/B08M5M2ZNJ?tag=eloabder-20&linkCode=osi&th=1&psc=1">View Product</a></div><div class="product"><a href="https://www.amazon.com/dp/B0BV2J28DN?tag=eloabder-20&linkCode=osi&th=1&psc=1"><img src="https://m.media-amazon.com/images/I/41n15Z33RlL._SL500_.jpg" alt="Product Image"></a><p>Baby Walking Shoes First Boy Girl Walker Infant Sock Tennis Mesh Sneakers Breathable 6 9 12 18 24 Months Camel Size 6-12 Months Infant</p><p> -18% 0FF </p><p>$26.99</p><a href="https://www.amazon.com/dp/B0BV2J28DN?tag=eloabder-20&linkCode=osi&th=1&psc=1">View Product</a></div><div class="product"><a href="https://www.amazon.com/dp/B0C9ZTGHWF?tag=eloabder-20&linkCode=osi&th=1&psc=1"><img src="https://m.media-amazon.com/images/I/41jzu4SNmLL._SL500_.jpg" alt="Product Image"></a><p>BMCiTYBM Baby Boy Girl Shoes Infant First Walker Shoes Breathable Walking Shoes Lightweight Non-Slip Sneakers 6 9 12 18 24 Months Gray Size 12-18 Months Infant</p><p> -12% 0FF </p><p>$29.99</p><a href="https://www.amazon.com/dp/B0C9ZTGHWF?tag=eloabder-20&linkCode=osi&th=1&psc=1">View Product</a></div>
<div class="product"><a href="https://www.amazon.com/dp/B0B6Z9SVXG?tag=eloabder-20&linkCode=osi&th=1&psc=1"><img src="https://m.media-amazon.com/images/I/41yQhQfpuJL._SL500_.jpg" alt="Product Image"></a><p>Shiaon Baby Sling Carrier Newborn to Toddler, Lightweight Baby Carrier Sling, Baby Wrap Sling, Baby Hip Seat Carrier for Toddler Sling, Baby Holder Carrier, Nursing Sling, Carrying 7-45 lbs, Grey</p><p> -20% 0FF </p><p>$32.99</p><a href="https://www.amazon.com/dp/B0B6Z9SVXG?tag=eloabder-20&linkCode=osi&th=1&psc=1">View Product</a></div><div class="product"><a href="https://www.amazon.com/dp/B07SK6GVCJ?tag=eloabder-20&linkCode=osi&th=1&psc=1"><img src="https://m.media-amazon.com/images/I/41o7bWiYEUL._SL500_.jpg" alt="Product Image"></a><p>CUBY Water Baby Sling Carrier Breathable Mesh Baby Wraps Carrier Adjustable Ring Sling Baby Carrier Infant Carrier for Summer Swimming Pool Beach (Light Grey)</p><p> -27% 0FF </p><p>$18.99</p><a href="https://www.amazon.com/dp/B07SK6GVCJ?tag=eloabder-20&linkCode=osi&th=1&psc=1">View Product</a></div><div class="product"><a href="https://www.amazon.com/dp/B07YQYRVDX?tag=eloabder-20&linkCode=osi&th=1&psc=1"><img src="https://m.media-amazon.com/images/I/41nKHqgPniL._SL500_.jpg" alt="Product Image"></a><p>Baby Sling and Ring Sling 100% Cotton Muslin Infant Carrier, Front and Chest Newborn Carrier Wrap, Toddler Carrier – Grey</p><p> -31% 0FF </p><p>$44.95</p><a href="https://www.amazon.com/dp/B07YQYRVDX?tag=eloabder-20&linkCode=osi&th=1&psc=1">View Product</a></div>
<div class="product"><a href="https://www.amazon.com/dp/B07N13W76L?tag=eloabder-20&linkCode=osi&th=1&psc=1"><img src="https://m.media-amazon.com/images/I/41d8emuEA8L._SL500_.jpg" alt="Product Image"></a><p>Baby Dove Sensitive Skin Care Baby Wash Calming Moisture For a Calming Bath Wash Hypoallergenic and Tear-Free, Washes Away Bacteria 13 oz</p><p> -6% 0FF </p><p>$7.99 ($0.61 / Ounce)</p><a href="https://www.amazon.com/dp/B07N13W76L?tag=eloabder-20&linkCode=osi&th=1&psc=1">View Product</a></div><div class="product"><a href="https://www.amazon.com/dp/B097NRRRNT?tag=eloabder-20&linkCode=osi&th=1&psc=1"><img src="https://m.media-amazon.com/images/I/31qcQUGmwRS._SL500_.jpg" alt="Product Image"></a><p>Johnson's Skin Nourishing Moisture Baby Body Wash With Vanilla & Oat Scents, Hypoallergenic & Tear Free Baby Bath Wash, Paraben-, Dye-, Sulfate & Phthalate-Free, 20.3 fl. oz</p><p> -26% 0FF </p><p>$6.78 ($0.33 / Fl Oz)</p><a href="https://www.amazon.com/dp/B097NRRRNT?tag=eloabder-20&linkCode=osi&th=1&psc=1">View Product</a></div><div class="product"><a href="https://www.amazon.com/dp/B07D2G6CLG?tag=eloabder-20&linkCode=osi&th=1&psc=1"><img src="https://m.media-amazon.com/images/I/31EQ6Pb153L._SL500_.jpg" alt="Product Image"></a><p>Johnson's Bedtime Baby Bath with Soothing NaturalCalm Aromas, Hypoallergenic & Tear Free Formula, 27.1 fl. oz</p><p> -33% 0FF </p><p>$9.98 ($0.37 / Fl Oz)</p><a href="https://www.amazon.com/dp/B07D2G6CLG?tag=eloabder-20&linkCode=osi&th=1&psc=1">View Product</a></div>
<div class="product"><a href="https://www.amazon.com/dp/B006VB29D8?tag=eloabder-20&linkCode=osi&th=1&psc=1"><img src="https://m.media-amazon.com/images/I/41avOtC2ssL._SL500_.jpg" alt="Product Image"></a><p>Munchkin® Soft Tip™ Baby Spoons, BPA Free, 12 Pack</p><p> -17% 0FF </p><p>$6.98</p><a href="https://www.amazon.com/dp/B006VB29D8?tag=eloabder-20&linkCode=osi&th=1&psc=1">View Product</a></div><div class="product"><a href="https://www.amazon.com/dp/B0CKJXWM44?tag=eloabder-20&linkCode=osi&th=1&psc=1"><img src="https://m.media-amazon.com/images/I/41n4jr8b6VL._SL500_.jpg" alt="Product Image"></a><p>Nuby Baby's First Spoons Set - (3-Pack) Feeding Utensils for Babies - 6+ Months</p><p> -40% 0FF </p><p>$5.97</p><a href="https://www.amazon.com/dp/B0CKJXWM44?tag=eloabder-20&linkCode=osi&th=1&psc=1">View Product</a></div><div class="product"><a href="https://www.amazon.com/dp/B0CKWJNQP4?tag=eloabder-20&linkCode=osi&th=1&psc=1"><img src="https://m.media-amazon.com/images/I/413epEJW7PL._SL500_.jpg" alt="Product Image"></a><p>Munchkin® Gentle Dip™ Multistage First Spoon Set for Baby Led Weaning, Self Feeding, Solids & Purees, 3 Pack, Coral/Purple</p><p> -35% 0FF </p><p>$6.49</p><a href="https://www.amazon.com/dp/B0CKWJNQP4?tag=eloabder-20&linkCode=osi&th=1&psc=1">View Product</a></div><div class="product"><a href="https://www.amazon.com/dp/B08MVST7H1?tag=eloabder-20&linkCode=osi&th=1&psc=1"><img src="https://m.media-amazon.com/images/I/319zTmlUj8L._SL500_.jpg" alt="Product Image"></a><p>PrimaStella Silicone Chew Spoon Set for Babies and Toddlers | Safety Tested | BPA Free | Microwave, Dishwasher and Freezer Safe</p><p> -33% 0FF </p><p>$7.99</p><a href="https://www.amazon.com/dp/B08MVST7H1?tag=eloabder-20&linkCode=osi&th=1&psc=1">View Product</a></div>
<div class="product"><a href="https://www.amazon.com/dp/B0D5Q2GKMX?tag=eloabder-20&linkCode=osi&th=1&psc=1"><img src="https://m.media-amazon.com/images/I/51PSbL1vo1L._SL500_.jpg" alt="Product Image"></a><p>Accombe 2 in 1 Baby Stroller, Convertible Bassinet Pushchair for Infants and Newborns 0-36 Months</p><p> -23% 0FF </p><p>$154.99</p><a href="https://www.amazon.com/dp/B0D5Q2GKMX?tag=eloabder-20&linkCode=osi&th=1&psc=1">View Product</a></div><div class="product"><a href="https://www.amazon.com/dp/B01FCDWZFC?tag=eloabder-20&linkCode=osi&th=1&psc=1"><img src="https://m.media-amazon.com/images/I/41jrn+R3+0L._SL500_.jpg" alt="Product Image"></a><p>Baby Trend Range Jogger Stroller, Millennium</p><p> -36% 0FF </p><p>$90.08</p><a href="https://www.amazon.com/dp/B01FCDWZFC?tag=eloabder-20&linkCode=osi&th=1&psc=1">View Product</a></div><div class="product"><a href="https://www.amazon.com/dp/B0BSP4K34F?tag=eloabder-20&linkCode=osi&th=1&psc=1"><img src="https://m.media-amazon.com/images/I/41zs0EAVv0L._SL500_.jpg" alt="Product Image"></a><p>Summer by Ingenuity 3Dquickclose CS+ Compact Fold Stroller, Car-Seat Compatible, Lightweight Stroller with Oversized Canopy, Extra-Large Storage</p><p> -19% 0FF </p><p>$80.74</p><a href="https://www.amazon.com/dp/B0BSP4K34F?tag=eloabder-20&linkCode=osi&th=1&psc=1">View Product</a></div><div class="product"><a href="https://www.amazon.com/dp/B08K2YFNDW?tag=eloabder-20&linkCode=osi&th=1&psc=1"><img src="https://m.media-amazon.com/images/I/41USzhsByBL._SL500_.jpg" alt="Product Image"></a><p>Graco Ready2Grow LX 2.0 Double Stroller Features Bench Seat and Standing Platform Options, Clark</p><p> -20% 0FF </p><p>$215.99</p><a href="https://www.amazon.com/dp/B08K2YFNDW?tag=eloabder-20&linkCode=osi&th=1&psc=1">View Product</a></div><div class="product"><a href="https://www.amazon.com/dp/B09FL82SRC?tag=eloabder-20&linkCode=osi&th=1&psc=1"><img src="https://m.media-amazon.com/images/I/41oWEq1J+SL._SL500_.jpg" alt="Product Image"></a><p>Mompush Wiz 2-in-1 Convertible Baby Stroller with Bassinet Mode - Foldable Infant Stroller to Explore More as a Family - Toddler Stroller with Reversible Stroller Seat</p><p> -30% 0FF </p><p>$159.99</p><a href="https://www.amazon.com/dp/B09FL82SRC?tag=eloabder-20&linkCode=osi&th=1&psc=1">View Product</a></div><div class="product"><a href="https://www.amazon.com/dp/B01JRY00C2?tag=eloabder-20&linkCode=osi&th=1&psc=1"><img src="https://m.media-amazon.com/images/I/41oyBwt71IL._SL500_.jpg" alt="Product Image"></a><p>Safety 1st Smooth Ride Travel System Stroller and Car Seat OnBoard™ FLX - Efficient Infant Car Seat Stroller and Infant Car Seat and Stroller Combo, Monument</p><p> -9% 0FF </p><p>$199.99</p><a href="https://www.amazon.com/dp/B01JRY00C2?tag=eloabder-20&linkCode=osi&th=1&psc=1">View Product</a></div>
<div class="product"><a href="https://www.amazon.com/dp/B08K2CN246?tag=eloabder-20&linkCode=osi&th=1&psc=1"><img src="https://m.media-amazon.com/images/I/41kw6Z5JVpL._SL500_.jpg" alt="Product Image"></a><p>Graco Soothe My Way with Removable Rocker, Madden - Versatile Baby Swing & Portable Rocker</p><p> -5% 0FF </p><p>$199.99</p><a href="https://www.amazon.com/dp/B08K2CN246?tag=eloabder-20&linkCode=osi&th=1&psc=1">View Product</a></div><div class="product"><a href="https://www.amazon.com/dp/B0CPTD1PS8?tag=eloabder-20&linkCode=osi&th=1&psc=1"><img src="https://m.media-amazon.com/images/I/31mjNCs4A0L._SL500_.jpg" alt="Product Image"></a><p>Maxi-Cosi Cassia Baby Swings for Infants: Smart Portable Baby Swing with Music, Lightweight & Foldable Baby Swing, 360 Rotation Infant Swing, Classic Oat</p><p> -14% 0FF </p><p>$172.65</p><a href="https://www.amazon.com/dp/B0CPTD1PS8?tag=eloabder-20&linkCode=osi&th=1&psc=1">View Product</a></div>
<div class="product"><a href="https://www.amazon.com/dp/B0795ZW85G?tag=eloabder-20&linkCode=osi&th=1&psc=1"><img src="https://m.media-amazon.com/images/I/41MJ3gfs90L._SL500_.jpg" alt="Product Image"></a><p>Kinsa Smart,Fever, Digital Medical Baby, Kid and Adult Termometro - Accurate, Fast, FDA Cleared Thermometer for Oral, Armpit or Rectal Temperature Reading - QuickCare</p><p> -27% 0FF </p><p>$21.97</p><a href="https://www.amazon.com/dp/B0795ZW85G?tag=eloabder-20&linkCode=osi&th=1&psc=1">View Product</a></div>
<div class="product"><a href="https://www.amazon.com/dp/B0866RV9SM?tag=eloabder-20&linkCode=osi&th=1&psc=1"><img src="https://m.media-amazon.com/images/I/41n5jaf1l8L._SL500_.jpg" alt="Product Image"></a><p>Dr. Brown's Infant-to-Toddler Training Toothbrush Set with Fluoride-Free Baby Toothpaste, Strawberry - Giraffe - 1.4oz - 0-3 years</p><p> -9% 0FF </p><p>$8.19</p><a href="https://www.amazon.com/dp/B0866RV9SM?tag=eloabder-20&linkCode=osi&th=1&psc=1">View Product</a></div>
<div class="product"><a href="https://www.amazon.com/dp/B079KV58DJ?tag=eloabder-20&linkCode=osi&th=1&psc=1"><img src="https://m.media-amazon.com/images/I/31a0bFQr94L._SL500_.jpg" alt="Product Image"></a><p>Dr. Talbot's Baby Toothpaste Naturally Inspired with Citroganix and Silicone Finger Gum Massager, Vanilla Milk Flavor</p><p> -35% 0FF </p><p>$3.87</p><a href="https://www.amazon.com/dp/B079KV58DJ?tag=eloabder-20&linkCode=osi&th=1&psc=1">View Product</a></div><div class="product"><a href="https://www.amazon.com/dp/B07GT9YRXD?tag=eloabder-20&linkCode=osi&th=1&psc=1"><img src="https://m.media-amazon.com/images/I/416EJX6PtPL._SL500_.jpg" alt="Product Image"></a><p>Baby Toothpaste 6 to 12 Months - Rain Fluoride Free Tooth Paste Gel for Infant Toddler Kids 0-6 Years and Up, Safe to Swallow, 2.8 Oz, Babies Training, Xylitol, Vitamin C, Vegan, SLS Free, Gluten Free</p><p> -25% 0FF </p><p>$13.94</p><a href="https://www.amazon.com/dp/B07GT9YRXD?tag=eloabder-20&linkCode=osi&th=1&psc=1">View Product</a></div>
<div class="product"><a href="https://www.amazon.com/dp/B0B9BMFS4X?tag=eloabder-20&linkCode=osi&th=1&psc=1"><img src="https://m.media-amazon.com/images/I/51QOy--SVyL._SL500_.jpg" alt="Product Image"></a><p>HOMEXCEL Baby Washcloths 24 Pack-Microfiber Coral Fleece Baby Bath Face Towel 7 x 9 Inch Extra Absorbent and Soft Burp Cloth and Wash Cloths for Newborn-Infants and Toddlers-Gentle On Sensitive Skin</p><p> -10% 0FF </p><p>$8.99</p><a href="https://www.amazon.com/dp/B0B9BMFS4X?tag=eloabder-20&linkCode=osi&th=1&psc=1">View Product</a></div>
<div class="product"><a href="https://www.amazon.com/dp/B00M2AAYG6?tag=eloabder-20&linkCode=osi&th=1&psc=1"><img src="https://m.media-amazon.com/images/I/41fixA-oZyL._SL500_.jpg" alt="Product Image"></a><p>Smart Steps 3.0 Activity Walker, Emily</p><p> -20% 0FF </p><p>$39.98</p><a href="https://www.amazon.com/dp/B00M2AAYG6?tag=eloabder-20&linkCode=osi&th=1&psc=1">View Product</a></div><div class="product"><a href="https://www.amazon.com/dp/B0C4PB4QN3?tag=eloabder-20&linkCode=osi&th=1&psc=1"><img src="https://m.media-amazon.com/images/I/41a0CSHVcBL._SL500_.jpg" alt="Product Image"></a><p>Wismind Baby Walker Foldable with 9 Adjustable Heights, Baby Walkers and Activity Center for Boys Girls Babies 7-18 Months, Baby Walker with Wheels Portable</p><p> -30% 0FF </p><p>$69.99</p><a href="https://www.amazon.com/dp/B0C4PB4QN3?tag=eloabder-20&linkCode=osi&th=1&psc=1">View Product</a></div><div class="product"><a href="https://www.amazon.com/dp/B074ZDNJBD?tag=eloabder-20&linkCode=osi&th=1&psc=1"><img src="https://m.media-amazon.com/images/I/41WJhym-67L._SL500_.jpg" alt="Product Image"></a><p>Fisher-Price Baby Toy Laugh & Learn Smart Stages Learn with Puppy Walker with Music Lights & Activities for Infants Ages 6+ Months</p><p> -20% 0FF </p><p>$19.97</p><a href="https://www.amazon.com/dp/B074ZDNJBD?tag=eloabder-20&linkCode=osi&th=1&psc=1">View Product</a></div><div class="product"><a href="https://www.amazon.com/dp/B0CPP7HFVY?tag=eloabder-20&linkCode=osi&th=1&psc=1"><img src="https://m.media-amazon.com/images/I/51L9TuZYYDL._SL500_.jpg" alt="Product Image"></a><p>Tiny Land Wooden Baby Walker, Baby Push Walker, Montessori Walker Toy, Adjustable Speed Baby Walker for Boys and Girls, Baby Activity Center, Push Toys for Kids Development</p><p> -6% 0FF </p><p>$79.99</p><a href="https://www.amazon.com/dp/B0CPP7HFVY?tag=eloabder-20&linkCode=osi&th=1&psc=1">View Product</a></div><div class="product"><a href="https://www.amazon.com/dp/B09QNK7BD9?tag=eloabder-20&linkCode=osi&th=1&psc=1"><img src="https://m.media-amazon.com/images/I/417kGxszQCL._SL500_.jpg" alt="Product Image"></a><p>Bright Starts Disney Baby Minnie Mouse Forever Besties 2-in-1 Baby Activity Walker - Easy Fold Frame and Removable -Toy Station, 6 Months and up</p><p> -17% 0FF </p><p>$49.98</p><a href="https://www.amazon.com/dp/B09QNK7BD9?tag=eloabder-20&linkCode=osi&th=1&psc=1">View Product</a></div>
<div class="product"><a href="https://www.amazon.com/dp/B078XYF78X?tag=eloabder-20&linkCode=osi&th=1&psc=1"><img src="https://m.media-amazon.com/images/I/41cDmYF13wL._SL500_.jpg" alt="Product Image"></a><p>Huggies Simply Clean Fragrance-Free Baby Wipes, Unscented Diaper Wipes, 1 Flip-Top Pack (64 Wipes Total)</p><p> -21% 0FF </p><p>$2.17 ($3.39 / 100 Count)</p><a href="https://www.amazon.com/dp/B078XYF78X?tag=eloabder-20&linkCode=osi&th=1&psc=1">View Product</a></div><div class="product"><a href="https://www.amazon.com/dp/B08QRT84WJ?tag=eloabder-20&linkCode=osi&th=1&psc=1"><img src="https://m.media-amazon.com/images/I/51vfRHDV3QL._SL500_.jpg" alt="Product Image"></a><p>Huggies Natural Care Sensitive Baby Wipes, Unscented, Hypoallergenic, 6 Flip-Top Packs (288 Wipes Total)</p><p> -15% 0FF </p><p>$11.33 ($3.93 / 100 Count)</p><a href="https://www.amazon.com/dp/B08QRT84WJ?tag=eloabder-20&linkCode=osi&th=1&psc=1">View Product</a></div><div class="product"><a href="https://www.amazon.com/dp/B0CNSCVGPH?tag=eloabder-20&linkCode=osi&th=1&psc=1"><img src="https://m.media-amazon.com/images/I/51oFmARUYLL._SL500_.jpg" alt="Product Image"></a><p>Huggies Simply Clean Fresh Scent Baby Wipes, 3 Flip-Top Packs of 64 (192 Wipes Total)</p><p> -13% 0FF </p><p>$6.77 ($3.53 / 100 Count)</p><a href="https://www.amazon.com/dp/B0CNSCVGPH?tag=eloabder-20&linkCode=osi&th=1&psc=1">View Product</a></div><div class="product"><a href="https://www.amazon.com/dp/B07KGL6L56?tag=eloabder-20&linkCode=osi&th=1&psc=1"><img src="https://m.media-amazon.com/images/I/41mNPe9fqbL._SL500_.jpg" alt="Product Image"></a><p>Pampers Baby Clean Wipes, Baby Fresh Scented Baby Wipes, 72 Baby Wipes Total (1 Flip-Top Pack)</p><p> -27% 0FF </p><p>$2.49 ($3.46 / 100 Count)</p><a href="https://www.amazon.com/dp/B07KGL6L56?tag=eloabder-20&linkCode=osi&th=1&psc=1">View Product</a></div><div class="product"><a href="https://www.amazon.com/dp/B07XMFVN95?tag=eloabder-20&linkCode=osi&th=1&psc=1"><img src="https://m.media-amazon.com/images/I/51-VIf1JGuL._SL500_.jpg" alt="Product Image"></a><p>Amazon Brand - Mama Bear Gentle Fragrance Free Baby Wipes, Hypoallergenic, Sensitive Skin, Unscented, 800 Count (8 Packs of 100)</p><p> -11% 0FF </p><p>$20.59</p><a href="https://www.amazon.com/dp/B07XMFVN95?tag=eloabder-20&linkCode=osi&th=1&psc=1">View Product</a></div>
<div class="product"><a href="https://www.amazon.com/dp/B082PSKBXV?tag=eloabder-20&linkCode=osi&th=1&psc=1"><img src="https://m.media-amazon.com/images/I/41e-U+REwlL._SL500_.jpg" alt="Product Image"></a><p>Baby Wrap Carrier Jeroray Hands Free Infant Carrier,Lightweight,Breathable,Softness,Heather Grey</p><p> -11% 0FF </p><p>$19.59</p><a href="https://www.amazon.com/dp/B082PSKBXV?tag=eloabder-20&linkCode=osi&th=1&psc=1">View Product</a></div>
<div class="product"><a href="https://www.amazon.com/dp/B0771L5HN5?tag=eloabder-20&linkCode=osi&th=1&psc=1"><img src="https://m.media-amazon.com/images/I/51pAl1My4tL._SL500_.jpg" alt="Product Image"></a><p>Corner Protector for Baby, Protectors Guards, Furniture Corner Guard & Edge Safety Bumpers - Baby Proof Bumper Cushion - Clear & Transparent (12 Pack)</p><p> -11% 0FF </p><p>$7.98 ($0.66 / Count)</p><a href="https://www.amazon.com/dp/B0771L5HN5?tag=eloabder-20&linkCode=osi&th=1&psc=1">View Product</a></div><div class="product"><a href="https://www.amazon.com/dp/B07CNS8W5Y?tag=eloabder-20&linkCode=osi&th=1&psc=1"><img src="https://m.media-amazon.com/images/I/41Hxr+wFkkL._SL500_.jpg" alt="Product Image"></a><p>12 Pack Corner Guards Corner Protectors Baby Proof Furniture Corner & Edge Safety Bumpers, Table Corner Protector for Furniture Corner Covers Baby Safety</p><p> -17% 0FF </p><p>$4.99</p><a href="https://www.amazon.com/dp/B07CNS8W5Y?tag=eloabder-20&linkCode=osi&th=1&psc=1">View Product</a></div>
<div class="product"><a href="https://www.amazon.com/dp/B0BDFB3LW6?tag=eloabder-20&linkCode=osi&th=1&psc=1"><img src="https://m.media-amazon.com/images/I/31HyDb7637L._SL500_.jpg" alt="Product Image"></a><p>Baby Proofing Cabinets,Cabinet Locks for Babies,U-Shaped Child Locks for Cabinets, Child Proof Cabinet Latches,Child Safety Cabinet Locks with Adjustable by SPISPI (Pack of 2)</p><p> -30% 0FF </p><p>$6.99</p><a href="https://www.amazon.com/dp/B0BDFB3LW6?tag=eloabder-20&linkCode=osi&th=1&psc=1">View Product</a></div><div class="product"><a href="https://www.amazon.com/dp/B07GRNTXJZ?tag=eloabder-20&linkCode=osi&th=1&psc=1"><img src="https://m.media-amazon.com/images/I/41WR7vsRvML._SL500_.jpg" alt="Product Image"></a><p>Upgraded Invisible Baby Proofing Cabinet Latch Locks (10 Pack) - No Drilling or Tools Required for Installation, Works with Most Cabinets and Drawers, Works with Countertop Overhangs, Highly Secure</p><p> -33% 0FF </p><p>$19.99</p><a href="https://www.amazon.com/dp/B07GRNTXJZ?tag=eloabder-20&linkCode=osi&th=1&psc=1">View Product</a></div><div class="product"><a href="https://www.amazon.com/dp/B07TV9QY16?tag=eloabder-20&linkCode=osi&th=1&psc=1"><img src="https://m.media-amazon.com/images/I/31CzUhfEf9S._SL500_.jpg" alt="Product Image"></a><p>Child Safety Cabinet Locks - (10 Pack) Baby Proofing Latches to Drawer Door Fridge Oven Toilet Seat Kitchen Cupboard Appliance Trash Can with 3M Adhesive - Adjustable Strap No Drill No Tool</p><p> -25% 0FF </p><p>$14.99</p><a href="https://www.amazon.com/dp/B07TV9QY16?tag=eloabder-20&linkCode=osi&th=1&psc=1">View Product</a></div><div class="product"><a href="https://www.amazon.com/dp/B0D7W79D9T?tag=eloabder-20&linkCode=osi&th=1&psc=1"><img src="https://m.media-amazon.com/images/I/31awaiU9CVL._SL500_.jpg" alt="Product Image"></a><p>Baby Proofing Cabinets, Sliding Cabinet Locks for Babies, Adjustable U Shaped Baby Safety Locks, Childproof Cabinet Latch for Kitchen, Bathroom, Drawer, Cupboard Doors Knobs & Handles (2Pack White)</p><p> -25% 0FF </p><p>$2.99</p><a href="https://www.amazon.com/dp/B0D7W79D9T?tag=eloabder-20&linkCode=osi&th=1&psc=1">View Product</a></div><div class="product"><a href="https://www.amazon.com/dp/B07K2PWN19?tag=eloabder-20&linkCode=osi&th=1&psc=1"><img src="https://m.media-amazon.com/images/I/41UlC3lEJaS._SL500_.jpg" alt="Product Image"></a><p>Cabinet Locks - Adoric Life Child Safety Locks 4 Pack - Baby Safety Cabinet Locks - Baby Proofing Cabinet Kitchen System with Strong Adhesive Tape</p><p> -46% 0FF </p><p>$6.99</p><a href="https://www.amazon.com/dp/B07K2PWN19?tag=eloabder-20&linkCode=osi&th=1&psc=1">View Product</a></div>
<div class="product"><a href="https://www.amazon.com/dp/B007IUOG5A?tag=eloabder-20&linkCode=osi&th=1&psc=1"><img src="https://m.media-amazon.com/images/I/31+8zGGzplL._SL500_.jpg" alt="Product Image"></a><p>Safety Innovations Twin Door Baby Safety Outlet Cover Box for Babyproofing Outlets - More Interior Space for Extra Large Electrical Plugs and Adapters - Easy to Install - Easy to Use, (1-Pack)</p><p> -33% 0FF </p><p>$9.95</p><a href="https://www.amazon.com/dp/B007IUOG5A?tag=eloabder-20&linkCode=osi&th=1&psc=1">View Product</a></div><div class="product"><a href="https://www.amazon.com/dp/B000HKVG9C?tag=eloabder-20&linkCode=osi&th=1&psc=1"><img src="https://m.media-amazon.com/images/I/41RdFKMVyCL._SL500_.jpg" alt="Product Image"></a><p>Safety 1st Outlet Cover with Cord Shortener for Baby Proofing</p><p> -9% 0FF </p><p>$4.98</p><a href="https://www.amazon.com/dp/B000HKVG9C?tag=eloabder-20&linkCode=osi&th=1&psc=1">View Product</a></div><div class="product"><a href="https://www.amazon.com/dp/B01N7H7J47?tag=eloabder-20&linkCode=osi&th=1&psc=1"><img src="https://m.media-amazon.com/images/I/414dT3xocLL._SL500_.jpg" alt="Product Image"></a><p>Outlet Covers Baby Proofing (50 Pack) Safe & Secure Electric Plug Protectors | Sturdy Childproof Socket Covers for Home & Office | Easy Installation | Protect Toddlers & Babies | White</p><p> -31% 0FF </p><p>$8.99</p><a href="https://www.amazon.com/dp/B01N7H7J47?tag=eloabder-20&linkCode=osi&th=1&psc=1">View Product</a></div>
<div class="product"><a href="https://www.amazon.com/dp/B08SQYKXCH?tag=eloabder-20&linkCode=osi&th=1&psc=1"><img src="https://m.media-amazon.com/images/I/51NMUNJ6CmL._SL500_.jpg" alt="Product Image"></a><p>Baby Proofing Edge Corner Protector, Table Bumper Guard, Soft Rubber Foam Guard, 3M Pre-Taped Corners, 20.5 ft (18.1ft Edge + 8 Corners) Baby Proof Corner Guard Heavy-Duty (18.1ft, Cream White)</p><p> -5% 0FF </p><p>$15.75</p><a href="https://www.amazon.com/dp/B08SQYKXCH?tag=eloabder-20&linkCode=osi&th=1&psc=1">View Product</a></div>
<div class="product"><a href="https://www.amazon.com/dp/B082LN53Y4?tag=eloabder-20&linkCode=osi&th=1&psc=1"><img src="https://m.media-amazon.com/images/I/51MQ1RC2tuL._SL500_.jpg" alt="Product Image"></a><p>Baby Car Mirror Most Stable Backseat Mirror with Premium Matte Finish-Super Clear PMMA Material Mirror-Safe, Secure and Shatterproof,Black</p><p> -53% 0FF </p><p>$7.99</p><a href="https://www.amazon.com/dp/B082LN53Y4?tag=eloabder-20&linkCode=osi&th=1&psc=1">View Product</a></div><div class="product"><a href="https://www.amazon.com/dp/B07MT8HXVC?tag=eloabder-20&linkCode=osi&th=1&psc=1"><img src="https://m.media-amazon.com/images/I/51lvNQUNxjL._SL500_.jpg" alt="Product Image"></a><p>Baby Car Mirror, DARVIQS Seat Safely Monitor Infant Child in Rear Facing Seat, Wide View Shatterproof Adjustable Acrylic 360°for Backseat, Crash Tested and Certified for Safety</p><p> -15% 0FF </p><p>$12.69</p><a href="https://www.amazon.com/dp/B07MT8HXVC?tag=eloabder-20&linkCode=osi&th=1&psc=1">View Product</a></div><div class="product"><a href="https://www.amazon.com/dp/B01K478YBA?tag=eloabder-20&linkCode=osi&th=1&psc=1"><img src="https://m.media-amazon.com/images/I/413tQ4nkWHL._SL500_.jpg" alt="Product Image"></a><p>Shynerk Baby Car Mirror, Rear Facing Car Seat Mirror Safety for Infant Newborn, Baby Mirror with Wide Rearview & 360° Rotation, Shatterproof & Easy Assembled Crash Tested</p><p> -38% 0FF </p><p>$15.99</p><a href="https://www.amazon.com/dp/B01K478YBA?tag=eloabder-20&linkCode=osi&th=1&psc=1">View Product</a></div><div class="product"><a href="https://www.amazon.com/dp/B08FLH1SHC?tag=eloabder-20&linkCode=osi&th=1&psc=1"><img src="https://m.media-amazon.com/images/I/31HQAIIlPlL._SL500_.jpg" alt="Product Image"></a><p>Munchkin® Brica® 360 Pivot Baby in-Sight® Wide Angle Adjustable Car Mirror, Crash Tested and Shatter Resistant, Black</p><p> -11% 0FF </p><p>$20.52</p><a href="https://www.amazon.com/dp/B08FLH1SHC?tag=eloabder-20&linkCode=osi&th=1&psc=1">View Product</a></div><div class="product"><a href="https://www.amazon.com/dp/B0DD43HCBS?tag=eloabder-20&linkCode=osi&th=1&psc=1"><img src="https://m.media-amazon.com/images/I/411RbPJWuRL._SL500_.jpg" alt="Product Image"></a><p>WZBB Baby Car Mirror with Light - Remote Control, 360° Adjustable, Shatter Resistant, Clear Night Vision, Easy Installation for Rear Facing Infants and Toddlers</p><p> -22% 0FF </p><p>$27.98</p><a href="https://www.amazon.com/dp/B0DD43HCBS?tag=eloabder-20&linkCode=osi&th=1&psc=1">View Product</a></div>
<div class="product"><a href="https://www.amazon.com/dp/B000JVCJDQ?tag=eloabder-20&linkCode=osi&th=1&psc=1"><img src="https://m.media-amazon.com/images/I/41o-rEGfj5L._SL500_.jpg" alt="Product Image"></a><p>Earth Mama Organic Diaper Balm | Diaper Cream with Calendula | Calm Skin Baby Essentials for Diaper Bag |Multipurpose Baby Ointment, 2-Fluid Ounce (2-Pack)</p><p> -30% 0FF </p><p>$26.58</p><a href="https://www.amazon.com/dp/B000JVCJDQ?tag=eloabder-20&linkCode=osi&th=1&psc=1">View Product</a></div><div class="product"><a href="https://www.amazon.com/dp/B006YTX0HQ?tag=eloabder-20&linkCode=osi&th=1&psc=1"><img src="https://m.media-amazon.com/images/I/41WJwvRm5aL._SL500_.jpg" alt="Product Image"></a><p>Burt's Bees Christmas Gifts, Baby 100% Natural Multipurpose Healing Ointment, Face & Body Baby Ointment – 7.5 Ounce Tub</p><p> -16% 0FF </p><p>$7.59 ($1.01 / Ounce)</p><a href="https://www.amazon.com/dp/B006YTX0HQ?tag=eloabder-20&linkCode=osi&th=1&psc=1">View Product</a></div><div class="product"><a href="https://www.amazon.com/dp/B01HI7VY84?tag=eloabder-20&linkCode=osi&th=1&psc=1"><img src="https://m.media-amazon.com/images/I/41tnCnueEWL._SL500_.jpg" alt="Product Image"></a><p>Aveeno Baby Eczema Therapy Nighttime Moisturizing Body Balm, Nourishing Skin Protectant Soothes & Relieves Dry, Itchy Skin from Eczema, Hypoallergenic, Fragrance- & Steroid-Free, 11 oz</p><p> -28% 0FF </p><p>$19.37 ($1.76 / Ounce)</p><a href="https://www.amazon.com/dp/B01HI7VY84?tag=eloabder-20&linkCode=osi&th=1&psc=1">View Product</a></div><div class="product"><a href="https://www.amazon.com/dp/B078B9JPLX?tag=eloabder-20&linkCode=osi&th=1&psc=1"><img src="https://m.media-amazon.com/images/I/31V-kg6EG5L._SL500_.jpg" alt="Product Image"></a><p>Earth Mama Organic Baby Face Nose & Cheek Balm | Moisturizer with Calendula Oil for Dry Skin Care, Natural Petroleum Jelly Alternative (2-Fluid Ounce)</p><p> -9% 0FF </p><p>$9.99 ($5.00 / Ounce)</p><a href="https://www.amazon.com/dp/B078B9JPLX?tag=eloabder-20&linkCode=osi&th=1&psc=1">View Product</a></div>
<div class="product"><a href="https://www.amazon.com/dp/B0C6V4KH59?tag=eloabder-20&linkCode=osi&th=1&psc=1"><img src="https://m.media-amazon.com/images/I/41-m52lOZwL._SL500_.jpg" alt="Product Image"></a><p>HALO Baby Flex BassiNest, Adjustable Travel Bassinet, Easy Folding, Lightweight with Mattress and Carrying Bag, Morning Mist</p><p> -50% 0FF </p><p>$49.99</p><a href="https://www.amazon.com/dp/B0C6V4KH59?tag=eloabder-20&linkCode=osi&th=1&psc=1">View Product</a></div><div class="product"><a href="https://www.amazon.com/dp/B0C7VRMHYY?tag=eloabder-20&linkCode=osi&th=1&psc=1"><img src="https://m.media-amazon.com/images/I/41XOT8oQMML._SL500_.jpg" alt="Product Image"></a><p>AirClub Bassinet Bedside Sleeper, Baby Crib for Newborn, Baby Bassinets Bedside Sleeper with 4 Auto-Lock & Adjustable Height, Breathable Mesh & Mattress, Bedside Bassinet</p><p> -25% 0FF </p><p>$149.99</p><a href="https://www.amazon.com/dp/B0C7VRMHYY?tag=eloabder-20&linkCode=osi&th=1&psc=1">View Product</a></div><div class="product"><a href="https://www.amazon.com/dp/B0CB3HVPL7?tag=eloabder-20&linkCode=osi&th=1&psc=1"><img src="https://m.media-amazon.com/images/I/41AO8J-9fZL._SL500_.jpg" alt="Product Image"></a><p>Fodoss Baby Bassinets Bedside Sleeper - All Mesh Bedside Bassinet with Wheels, 7 Height Adjustable Baby Bassinet for Infants, Beige</p><p> -10% 0FF </p><p>$89.99</p><a href="https://www.amazon.com/dp/B0CB3HVPL7?tag=eloabder-20&linkCode=osi&th=1&psc=1">View Product</a></div><div class="product"><a href="https://www.amazon.com/dp/B0CXG8NVBP?tag=eloabder-20&linkCode=osi&th=1&psc=1"><img src="https://m.media-amazon.com/images/I/3173PjIYwrL._SL500_.jpg" alt="Product Image"></a><p>Graco® SmartSense™ Soothing Baby Bassinet – Smart Newborn Bassinet Detects and Automatically Responds to Baby's Cries – for Newborn Babies to 6 Months</p><p> -20% 0FF </p><p>$319.99</p><a href="https://www.amazon.com/dp/B0CXG8NVBP?tag=eloabder-20&linkCode=osi&th=1&psc=1">View Product</a></div><div class="product"><a href="https://www.amazon.com/dp/B08K3314ZL?tag=eloabder-20&linkCode=osi&th=1&psc=1"><img src="https://m.media-amazon.com/images/I/41pUDfJ9dAL._SL500_.jpg" alt="Product Image"></a><p>Graco Pack 'n Play Close2Baby Bassinet Playard Features Portable Bassinet Diaper Changer and More, Derby</p><p> -6% 0FF </p><p>$188.09</p><a href="https://www.amazon.com/dp/B08K3314ZL?tag=eloabder-20&linkCode=osi&th=1&psc=1">View Product</a></div><div class="product"><a href="https://www.amazon.com/dp/B0CTKT6641?tag=eloabder-20&linkCode=osi&th=1&psc=1"><img src="https://m.media-amazon.com/images/I/31pNKDUBgDL._SL500_.jpg" alt="Product Image"></a><p>Baby Delight Beside Me Dreamer Bassinet | Bedside Sleeper & Baby Bassinet | 6-Position Height Adjustment | 100% GOTS Certified Organic Cotton Fabric | Organic Mocha</p><p> -22% 0FF </p><p>$139.99</p><a href="https://www.amazon.com/dp/B0CTKT6641?tag=eloabder-20&linkCode=osi&th=1&psc=1">View Product</a></div><div class="product"><a href="https://www.amazon.com/dp/B09XHKL683?tag=eloabder-20&linkCode=osi&th=1&psc=1"><img src="https://m.media-amazon.com/images/I/611wEYRVaUL._SL500_.jpg" alt="Product Image"></a><p>Baby Bassinet Bedside Sleeper, besrey Bedside Bassinet for Newborn Infant with Comfy Mattress, 9 Height Positions, Adjustable Bedside Crib with 360° Swivel Wheels Bassinet for Baby with Storage Basket</p><p> -27% 0FF </p><p>$153.99</p><a href="https://www.amazon.com/dp/B09XHKL683?tag=eloabder-20&linkCode=osi&th=1&psc=1">View Product</a></div>
<div class="product"><a href="https://www.amazon.com/dp/B08CNM6DZT?tag=eloabder-20&linkCode=osi&th=1&psc=1"><img src="https://m.media-amazon.com/images/I/51D5+ArDsWL._SL500_.jpg" alt="Product Image"></a><p>Comfortable Bath Kneeler and Elbow Kneeling Rest Pad for Baby Bathing Parents - Painless Foam Mat with Toy Organizer Pockets - Quick Drying, Foldable, Non-Slip for Baby and Toddler Bathing</p><p> -20% 0FF </p><p>$41.97</p><a href="https://www.amazon.com/dp/B08CNM6DZT?tag=eloabder-20&linkCode=osi&th=1&psc=1">View Product</a></div><div class="product"><a href="https://www.amazon.com/dp/B07FK58QB1?tag=eloabder-20&linkCode=osi&th=1&psc=1"><img src="https://m.media-amazon.com/images/I/41qpzgGaHVL._SL500_.jpg" alt="Product Image"></a><p>Skip Hop Moby Bath Kneeler, Grey</p><p> -20% 0FF </p><p>$14.39</p><a href="https://www.amazon.com/dp/B07FK58QB1?tag=eloabder-20&linkCode=osi&th=1&psc=1">View Product</a></div><div class="product"><a href="https://www.amazon.com/dp/B081T5449V?tag=eloabder-20&linkCode=osi&th=1&psc=1"><img src="https://m.media-amazon.com/images/I/41bxm5Tx9BL._SL500_.jpg" alt="Product Image"></a><p>Toodly Baby Bath Kneeler and Elbow Rest Pad Set - Baby Bath Support for Knees and Elbows - Bath Kneeler Pad with Memory Foam and Bath Toys Organizer - Ideal Bath Kneeling Pad for Bathing Baby - Grey</p><p> -33% 0FF </p><p>$39.99</p><a href="https://www.amazon.com/dp/B081T5449V?tag=eloabder-20&linkCode=osi&th=1&psc=1">View Product</a></div><div class="product"><a href="https://www.amazon.com/dp/B07K1W7WN5?tag=eloabder-20&linkCode=osi&th=1&psc=1"><img src="https://m.media-amazon.com/images/I/31c0BxxJKZL._SL500_.jpg" alt="Product Image"></a><p>Skip Hop Baby Bath All-in-One Elbow Saver and Kneeler, Moby, Grey</p><p> -22% 0FF </p><p>$29.49</p><a href="https://www.amazon.com/dp/B07K1W7WN5?tag=eloabder-20&linkCode=osi&th=1&psc=1">View Product</a></div><div class="product"><a href="https://www.amazon.com/dp/B0CP48MH77?tag=eloabder-20&linkCode=osi&th=1&psc=1"><img src="https://m.media-amazon.com/images/I/41hoDZTiOEL._SL500_.jpg" alt="Product Image"></a><p>Efforest Baby Bath Kneeler and Elbow Rest Pad Set, 1.5" Thick Kneeling Pad for Baby Bath, Bathtub Kneeling pad with Toy Organizer for Knee & Arm Support, Non-Slip Mat for Baby & Toddler Bath</p><p> -50% 0FF </p><p>$17.48</p><a href="https://www.amazon.com/dp/B0CP48MH77?tag=eloabder-20&linkCode=osi&th=1&psc=1">View Product</a></div><div class="product"><a href="https://www.amazon.com/dp/B07WQTV19X?tag=eloabder-20&linkCode=osi&th=1&psc=1"><img src="https://m.media-amazon.com/images/I/41KGpUoWZ-S._SL500_.jpg" alt="Product Image"></a><p>Bath Kneeler and Elbow Rest Pad, 1.75 inch Extra Thick Baby Bath Kneeling Pad and Elbow Pad for Bathtub. Bath Tub Elbow Pad with Infant Toy and Baby Accessories Organizer, Grey</p><p> -13% 0FF </p><p>$34.99</p><a href="https://www.amazon.com/dp/B07WQTV19X?tag=eloabder-20&linkCode=osi&th=1&psc=1">View Product</a></div>
<div class="product"><a href="https://www.amazon.com/dp/B00I3K25R0?tag=eloabder-20&linkCode=osi&th=1&psc=1"><img src="https://m.media-amazon.com/images/I/41wucHZw+xL._SL500_.jpg" alt="Product Image"></a><p>Munchkin® Float & Play Bubbles™ Baby and Toddler Bath Toy, 4 Count</p><p> -35% 0FF </p><p>$6.15</p><a href="https://www.amazon.com/dp/B00I3K25R0?tag=eloabder-20&linkCode=osi&th=1&psc=1">View Product</a></div><div class="product"><a href="https://www.amazon.com/dp/B0C3VFVWYB?tag=eloabder-20&linkCode=osi&th=1&psc=1"><img src="https://m.media-amazon.com/images/I/41Cr35zwy4L._SL500_.jpg" alt="Product Image"></a><p>XY-WQ Bath Toys No Hole, for Infants 6-12& Toddlers 1-3, No Hole Bathtub Toys (Animal Ⅱ, 8 Pcs with Mesh Bag)</p><p> -25% 0FF </p><p>$11.99</p><a href="https://www.amazon.com/dp/B0C3VFVWYB?tag=eloabder-20&linkCode=osi&th=1&psc=1">View Product</a></div><div class="product"><a href="https://www.amazon.com/dp/B0D95ZDWD3?tag=eloabder-20&linkCode=osi&th=1&psc=1"><img src="https://m.media-amazon.com/images/I/51J3Myxu1lL._SL500_.jpg" alt="Product Image"></a><p>candyfouse Baby Whale Bath Toys,Whale Bath Toy Sprinkler, Light Up Bath Toys for Toddlers 1-3, Four Water Spray Patterns, Waterproof Design, Bathtub Fountain Spray Toy, Baby Birthday Shower Gifts</p><p> -40% 0FF </p><p>$5.99</p><a href="https://www.amazon.com/dp/B0D95ZDWD3?tag=eloabder-20&linkCode=osi&th=1&psc=1">View Product</a></div><div class="product"><a href="https://www.amazon.com/dp/B07Z22YMPN?tag=eloabder-20&linkCode=osi&th=1&psc=1"><img src="https://m.media-amazon.com/images/I/5101dLkJnoL._SL500_.jpg" alt="Product Image"></a><p>Toy Boat Bath Toys for Toddlers with 4 Mini Car Toys and 4 Bath Boat Squirters, Kids Ferry Boat for Bathtub Bathroom Pool Beach Toys</p><p> -50% 0FF </p><p>$13.47</p><a href="https://www.amazon.com/dp/B07Z22YMPN?tag=eloabder-20&linkCode=osi&th=1&psc=1">View Product</a></div><div class="product"><a href="https://www.amazon.com/dp/B0C72TGNHL?tag=eloabder-20&linkCode=osi&th=1&psc=1"><img src="https://m.media-amazon.com/images/I/51AOyTHwqrL._SL500_.jpg" alt="Product Image"></a><p>SplashEZ Mold Free Bath Toys for Babies & Toddlers, Car No Hole Bath Toys, Non Squirting Bath Toys No Mold for Tub, Beach, Pool, BPA-Free, Safe, Fun Infant Baby Bath Toys No Holes 0 1 3 6 12 18 Months</p><p> -38% 0FF </p><p>$9.99</p><a href="https://www.amazon.com/dp/B0C72TGNHL?tag=eloabder-20&linkCode=osi&th=1&psc=1">View Product</a></div>
<div class="product"><a href="https://www.amazon.com/dp/B078941ZC8?tag=eloabder-20&linkCode=osi&th=1&psc=1"><img src="https://m.media-amazon.com/images/I/31ltY+yutGL._SL500_.jpg" alt="Product Image"></a><p>Summer by Ingenuity My Bath Seat for Sit-Up Baby Bathing, Sure & Secure Suction Cups, ASTM Safety Tested & Approved, Backrest for Assisted Sitting, Easy Setup & Storage, Aqua</p><p> -34% 0FF </p><p>$23.16</p><a href="https://www.amazon.com/dp/B078941ZC8?tag=eloabder-20&linkCode=osi&th=1&psc=1">View Product</a></div><div class="product"><a href="https://www.amazon.com/dp/B0DCZ4F9MT?tag=eloabder-20&linkCode=osi&th=1&psc=1"><img src="https://m.media-amazon.com/images/I/31BF+egPyoL._SL500_.jpg" alt="Product Image"></a><p>Baby Bath Seat for Babies 6 Months & Up, Bath Seats for Babies Sitting Up, 3 Baby Bath Toys, Open Design, Non-Slip, Compact Toddler Bath Seat.</p><p> -6% 0FF </p><p>$39.99</p><a href="https://www.amazon.com/dp/B0DCZ4F9MT?tag=eloabder-20&linkCode=osi&th=1&psc=1">View Product</a></div><div class="product"><a href="https://www.amazon.com/dp/B0CSCYM2NW?tag=eloabder-20&linkCode=osi&th=1&psc=1"><img src="https://m.media-amazon.com/images/I/31Vbrx5q63L._SL500_.jpg" alt="Product Image"></a><p>Trankerloop Baby Bath Seat, Bath Seat for Baby 6 Month & up, Baby Bath tub Seat with Suction Cups, Non-Slip, Detachable, Pink</p><p> -11% 0FF </p><p>$39.99</p><a href="https://www.amazon.com/dp/B0CSCYM2NW?tag=eloabder-20&linkCode=osi&th=1&psc=1">View Product</a></div><div class="product"><a href="https://www.amazon.com/dp/B0CJF7WSCV?tag=eloabder-20&linkCode=osi&th=1&psc=1"><img src="https://m.media-amazon.com/images/I/41r0TqNTb+L._SL500_.jpg" alt="Product Image"></a><p>BKFEDLU Infant Bath Seat with Thermometer, Suction Cups, Toys - Toddler Bath Chair for Babies 6 Months & Up</p><p> -50% 0FF </p><p>$19.99</p><a href="https://www.amazon.com/dp/B0CJF7WSCV?tag=eloabder-20&linkCode=osi&th=1&psc=1">View Product</a></div><div class="product"><a href="https://www.amazon.com/dp/B0CRYFHT1G?tag=eloabder-20&linkCode=osi&th=1&psc=1"><img src="https://m.media-amazon.com/images/I/41nKT+O2y1L._SL500_.jpg" alt="Product Image"></a><p>Baby Bath Seat LDIIDII Baby Bathtub Seat Infant Bath Seat for Babies 6 Months&Up Sit Up Bathing in Tub,Toddler Bath Seat with Water Thermometer/4 Strong Suction Cup/3 Bath Toys/Shower Cap (Grey)</p><p> -50% 0FF </p><p>$19.99</p><a href="https://www.amazon.com/dp/B0CRYFHT1G?tag=eloabder-20&linkCode=osi&th=1&psc=1">View Product</a></div><div class="product"><a href="https://www.amazon.com/dp/B0D9VMXND1?tag=eloabder-20&linkCode=osi&th=1&psc=1"><img src="https://m.media-amazon.com/images/I/41UIJrNYB2L._SL500_.jpg" alt="Product Image"></a><p>Baby Bath Seat for Babies 6 Months & Up, Non-Slip Toddler Bath Seat for Baby Sitting Up, Safe Baby Bath tub Seat with Suction Cups, Soft Cushion, Baby Bath Chair, Gray</p><p> -13% 0FF </p><p>$39.99</p><a href="https://www.amazon.com/dp/B0D9VMXND1?tag=eloabder-20&linkCode=osi&th=1&psc=1">View Product</a></div><div class="product"><a href="https://www.amazon.com/dp/B0CR78TDQS?tag=eloabder-20&linkCode=osi&th=1&psc=1"><img src="https://m.media-amazon.com/images/I/41nFTXKoQGL._SL500_.jpg" alt="Product Image"></a><p>Wddbb Baby Bath Seat, Bath seat for Babies 6 Months & up, with Thermometer Bath Seats for Babies Sitting up, Non-Slip Toddler Bath Seat for Baby,Baby Bathtub Baby Bath Seats 6-24 Months (Gray)</p><p> -50% 0FF </p><p>$19.98</p><a href="https://www.amazon.com/dp/B0CR78TDQS?tag=eloabder-20&linkCode=osi&th=1&psc=1">View Product</a></div>
<div class="product"><a href="https://www.amazon.com/dp/B073GGVN3Q?tag=eloabder-20&linkCode=osi&th=1&psc=1"><img src="https://m.media-amazon.com/images/I/31vxBAs9CqL._SL500_.jpg" alt="Product Image"></a><p>b&h Baby Thermometer, The Infant Baby Bath Floating Toy Safety Temperature Water Thermometer (Classic Duck)</p><p> -6% 0FF </p><p>$15.99</p><a href="https://www.amazon.com/dp/B073GGVN3Q?tag=eloabder-20&linkCode=osi&th=1&psc=1">View Product</a></div><div class="product"><a href="https://www.amazon.com/dp/B0CBVTGRW2?tag=eloabder-20&linkCode=osi&th=1&psc=1"><img src="https://m.media-amazon.com/images/I/415ogBhdwML._SL500_.jpg" alt="Product Image"></a><p>Nuby Bath and Room Digital Thermometer - Baby Thermometer for Safe and Cozy Bath and Room Temperatures - Penguin</p><p> -20% 0FF </p><p>$11.99</p><a href="https://www.amazon.com/dp/B0CBVTGRW2?tag=eloabder-20&linkCode=osi&th=1&psc=1">View Product</a></div><div class="product"><a href="https://www.amazon.com/dp/B08HWBT9YD?tag=eloabder-20&linkCode=osi&th=1&psc=1"><img src="https://m.media-amazon.com/images/I/31SEPnY30NL._SL500_.jpg" alt="Product Image"></a><p>Doli Yearning Upgrade Baby Bath Thermometer Room Temperature| Water Thermometer|Kids' Bathroom Safety Products| Baby Bath(Seal Shape)℃/℉, LCD</p><p> -28% 0FF </p><p>$12.99</p><a href="https://www.amazon.com/dp/B08HWBT9YD?tag=eloabder-20&linkCode=osi&th=1&psc=1">View Product</a></div><div class="product"><a href="https://www.amazon.com/dp/B0CNCVSKWJ?tag=eloabder-20&linkCode=osi&th=1&psc=1"><img src="https://m.media-amazon.com/images/I/413jcI7ZoZL._SL500_.jpg" alt="Product Image"></a><p>Baby Bath Thermometer, Digital Water Temperature Thermometer with 3 Color Backlit and Temperature Warning, Safety Bath Tube Thermometer Floating Toy for Infant, Toddler</p><p> -7% 0FF </p><p>$12.99</p><a href="https://www.amazon.com/dp/B0CNCVSKWJ?tag=eloabder-20&linkCode=osi&th=1&psc=1">View Product</a></div><div class="product"><a href="https://www.amazon.com/dp/B01MY98912?tag=eloabder-20&linkCode=osi&th=1&psc=1"><img src="https://m.media-amazon.com/images/I/41HQEQLxeCL._SL500_.jpg" alt="Product Image"></a><p>Bath Thermometer - Bath Water Thermometer for Bathtub Baby Safety Water Temperature for Baby Bath - Easy to Use Bath Temperature Thermometer</p><p> -12% 0FF </p><p>$5.25</p><a href="https://www.amazon.com/dp/B01MY98912?tag=eloabder-20&linkCode=osi&th=1&psc=1">View Product</a></div><div class="product"><a href="https://www.amazon.com/dp/B0CYLVX1ZJ?tag=eloabder-20&linkCode=osi&th=1&psc=1"><img src="https://m.media-amazon.com/images/I/41xhSGYiopL._SL500_.jpg" alt="Product Image"></a><p>Pircaath Baby Bath Thermometer & Swimming Turtle Floating Bath Toys, BPA-Free Bath Thermometer Baby Safety, Backlit Display Bathtub Thermometer Baby Water Thermometer, Bath Temperature Toy for Infant</p><p> -17% 0FF </p><p>$9.99</p><a href="https://www.amazon.com/dp/B0CYLVX1ZJ?tag=eloabder-20&linkCode=osi&th=1&psc=1">View Product</a></div><div class="product"><a href="https://www.amazon.com/dp/B07GC7H86T?tag=eloabder-20&linkCode=osi&th=1&psc=1"><img src="https://m.media-amazon.com/images/I/414jIzev-VL._SL500_.jpg" alt="Product Image"></a><p>Baby Bath Thermometer with Room Thermometer - Famidoc FDTH-V0-22 New Upgraded Sensor Technology for Baby Health Bath Tub Thermometer Floating Toy Thermometer (Blue)</p><p> -12% 0FF </p><p>$14.99</p><a href="https://www.amazon.com/dp/B07GC7H86T?tag=eloabder-20&linkCode=osi&th=1&psc=1">View Product</a></div>
<div class="product"><a href="https://www.amazon.com/dp/B00G0KPLZI?tag=eloabder-20&linkCode=osi&th=1&psc=1"><img src="https://m.media-amazon.com/images/I/41X53ExW5-S._SL500_.jpg" alt="Product Image"></a><p>Spasilk Hooded Terry Bathrobe with Booties, Blue Plane, One Size</p><p> -14% 0FF </p><p>$11.99</p><a href="https://www.amazon.com/dp/B00G0KPLZI?tag=eloabder-20&linkCode=osi&th=1&psc=1">View Product</a></div><div class="product"><a href="https://www.amazon.com/dp/B09N7BB9Y6?tag=eloabder-20&linkCode=osi&th=1&psc=1"><img src="https://m.media-amazon.com/images/I/41iGc7gTxlL._SL500_.jpg" alt="Product Image"></a><p>ROMASA Baby Bath Towel Ultra Soft Hooded Towel Highly Absorbent Bathrobe Blanket Toddlers Shower Gifts for Boys Girls- 27.5" x 55" (Yellow)</p><p> -20% 0FF </p><p>$14.39 ($1.27 / Ounce)</p><a href="https://www.amazon.com/dp/B09N7BB9Y6?tag=eloabder-20&linkCode=osi&th=1&psc=1">View Product</a></div>
<div class="product"><a href="https://www.amazon.com/dp/B0C9Q8MXWW?tag=eloabder-20&linkCode=osi&th=1&psc=1"><img src="https://m.media-amazon.com/images/I/31aI3dosJJL._SL500_.jpg" alt="Product Image"></a><p>Baby Bathtub Faucet Cover, Bath Faucet Cover for Kids, Baby Bath Spout Cover, Soft Silicone Bathtub Faucet Safety Toys, Cute Whale, Universal Fit, Make Your Baby's Bath Time Fun and Love It</p><p> -46% 0FF </p><p>$6.99</p><a href="https://www.amazon.com/dp/B0C9Q8MXWW?tag=eloabder-20&linkCode=osi&th=1&psc=1">View Product</a></div><div class="product"><a href="https://www.amazon.com/dp/B07D98DLDV?tag=eloabder-20&linkCode=osi&th=1&psc=1"><img src="https://m.media-amazon.com/images/I/21f3AzvkYLL._SL500_.jpg" alt="Product Image"></a><p>Skip Hop Baby Bath Spout Cover, Universal Fit, Moby, Grey</p><p> -7% 0FF </p><p>$12.99</p><a href="https://www.amazon.com/dp/B07D98DLDV?tag=eloabder-20&linkCode=osi&th=1&psc=1">View Product</a></div><div class="product"><a href="https://www.amazon.com/dp/B0CSYJQ9D6?tag=eloabder-20&linkCode=osi&th=1&psc=1"><img src="https://m.media-amazon.com/images/I/314iWaEh9xL._SL500_.jpg" alt="Product Image"></a><p>Baby Bathtub Faucet Cover, Baby Safety Protection Silicone Toys, Bath Spout Cover Baby Bathtub, Faucet Cover Baby Bathtub Silicone Whale for Kids, Toddler, Infant, Grey Whale</p><p> -20% 0FF </p><p>$7.99</p><a href="https://www.amazon.com/dp/B0CSYJQ9D6?tag=eloabder-20&linkCode=osi&th=1&psc=1">View Product</a></div>
<div class="product"><a href="https://www.amazon.com/dp/B0070WGV9K?tag=eloabder-20&linkCode=osi&th=1&psc=1"><img src="https://m.media-amazon.com/images/I/41pqg6p2q0L._SL500_.jpg" alt="Product Image"></a><p>Regalo Swing Down Bed Rail Guard, with Reinforced Anchor Safety System</p><p> -8% 0FF </p><p>$23.99</p><a href="https://www.amazon.com/dp/B0070WGV9K?tag=eloabder-20&linkCode=osi&th=1&psc=1">View Product</a></div><div class="product"><a href="https://www.amazon.com/dp/B0CWS2NZ3K?tag=eloabder-20&linkCode=osi&th=1&psc=1"><img src="https://m.media-amazon.com/images/I/41OVQSq+N9L._SL500_.jpg" alt="Product Image"></a><p>NUTIKAS Baby Bed Rail Guard for Toddlers - 47" Toddler Bed Side Rails for Twin, Full, Queen Bunk Size Bed Swing Down Bedrail Extral Tall Child Safety Side Railing Guards for Kids</p><p> -27% 0FF </p><p>$35.98</p><a href="https://www.amazon.com/dp/B0CWS2NZ3K?tag=eloabder-20&linkCode=osi&th=1&psc=1">View Product</a></div><div class="product"><a href="https://www.amazon.com/dp/B00MTJWT68?tag=eloabder-20&linkCode=osi&th=1&psc=1"><img src="https://m.media-amazon.com/images/I/21FdaFkL+tL._SL500_.jpg" alt="Product Image"></a><p>Dream On Me Lightweight Mesh Security Adjustable Bed Rail for Toddler, Breathable Mesh Fabric, Suitable for All Types Of Beds, Reinforced Anchor System Bed Guard Rail, White</p><p> -50% 0FF </p><p>$19.98</p><a href="https://www.amazon.com/dp/B00MTJWT68?tag=eloabder-20&linkCode=osi&th=1&psc=1">View Product</a></div><div class="product"><a href="https://www.amazon.com/dp/B07JJP7S3Q?tag=eloabder-20&linkCode=osi&th=1&psc=1"><img src="https://m.media-amazon.com/images/I/41Rn7Sf-wLL._SL500_.jpg" alt="Product Image"></a><p>BANBALOO | Bed Bumper for Toddlers 53" | Bed Rails for Queen, King, Twin, Full-Size Bed | Toddler Bed Bumper | Bumpers for Bed | Bed Rail for Toddlers | Bed Barrier for Toddler | Foam Bumper</p><p> -23% 0FF </p><p>$26.99</p><a href="https://www.amazon.com/dp/B07JJP7S3Q?tag=eloabder-20&linkCode=osi&th=1&psc=1">View Product</a></div>
<div class="product"><a href="https://www.amazon.com/dp/B07SPT3D3J?tag=eloabder-20&linkCode=osi&th=1&psc=1"><img src="https://m.media-amazon.com/images/I/517zG-7ToEL._SL500_.jpg" alt="Product Image"></a><p>Teddy Soft Baby Book Activity Quiet Cloth Books Developmental Toys,Interactive Baby Books for Babies Toddlers Infants kids,Baby Boy Girls Machine Washable Toys Fabric Soft Book Goodnight Gift Box</p><p> -5% 0FF </p><p>$17.95</p><a href="https://www.amazon.com/dp/B07SPT3D3J?tag=eloabder-20&linkCode=osi&th=1&psc=1">View Product</a></div>
<div class="product"><a href="https://www.amazon.com/dp/B00JFTFPHK?tag=eloabder-20&linkCode=osi&th=1&psc=1"><img src="https://m.media-amazon.com/images/I/51O+qRW-KEL._SL500_.jpg" alt="Product Image"></a><p>25pcs 1" Pacifier Suspender Clips, Marrywindix Pacifier Clips for Making Pacifier Holders Bib Clips Toy Holder Silver</p><p> -33% 0FF </p><p>$5.99</p><a href="https://www.amazon.com/dp/B00JFTFPHK?tag=eloabder-20&linkCode=osi&th=1&psc=1">View Product</a></div><div class="product"><a href="https://www.amazon.com/dp/B00W94QLX0?tag=eloabder-20&linkCode=osi&th=1&psc=1"><img src="https://m.media-amazon.com/images/I/51O+qRW-KEL._SL500_.jpg" alt="Product Image"></a><p>50pcs 1" Pacifier Suspender Clips, Marrywindix Pacifier Clips for Making Pacifier Holders Bib Clips Toy Holder Silver</p><p> -40% 0FF </p><p>$8.99</p><a href="https://www.amazon.com/dp/B00W94QLX0?tag=eloabder-20&linkCode=osi&th=1&psc=1">View Product</a></div>
<div class="product"><a href="https://www.amazon.com/dp/B08G4SDDQC?tag=eloabder-20&linkCode=osi&th=1&psc=1"><img src="https://m.media-amazon.com/images/I/41HQSFX14bL._SL500_.jpg" alt="Product Image"></a><p>8-Pack Organic Baby Bandana Drool Bibs for Girls - Super Absorbent Baby Bibs for Baby Girls, Baby Boys, Soft Cotton Bandana Bibs, Baby Drool Bib, Teething Bibs for Infant, Toddler(Muted Pastel)</p><p> -26% 0FF </p><p>$16.96</p><a href="https://www.amazon.com/dp/B08G4SDDQC?tag=eloabder-20&linkCode=osi&th=1&psc=1">View Product</a></div>
<div class="product"><a href="https://www.amazon.com/dp/B08NNDN5GF?tag=eloabder-20&linkCode=osi&th=1&psc=1"><img src="https://m.media-amazon.com/images/I/41ocef4uVmL._SL500_.jpg" alt="Product Image"></a><p>Hudson Baby Unisex Baby Plush Sleeping Bag, Sack, Blanket, Gray Clouds, 18-24 Months</p><p> -37% 0FF </p><p>$10.08</p><a href="https://www.amazon.com/dp/B08NNDN5GF?tag=eloabder-20&linkCode=osi&th=1&psc=1">View Product</a></div><div class="product"><a href="https://www.amazon.com/dp/B0CQMHYCMX?tag=eloabder-20&linkCode=osi&th=1&psc=1"><img src="https://m.media-amazon.com/images/I/41vq0RvJ3yL._SL500_.jpg" alt="Product Image"></a><p>Gerber Baby Girls Flame Resistant Fleece Footed Pajamas 2-Pack, Purple Rainbows</p><p> -6% 0FF </p><p>$16.98</p><a href="https://www.amazon.com/dp/B0CQMHYCMX?tag=eloabder-20&linkCode=osi&th=1&psc=1">View Product</a></div>
<div class="product"><a href="https://www.amazon.com/dp/B0BDRKG478?tag=eloabder-20&linkCode=osi&th=1&psc=1"><img src="https://m.media-amazon.com/images/I/31LBn9SzD9L._SL500_.jpg" alt="Product Image"></a><p>Graco TurboBooster 2.0 Backless Booster Car Seat, Denton</p><p> -29% 0FF </p><p>$20.49</p><a href="https://www.amazon.com/dp/B0BDRKG478?tag=eloabder-20&linkCode=osi&th=1&psc=1">View Product</a></div><div class="product"><a href="https://www.amazon.com/dp/B07C2RNRCJ?tag=eloabder-20&linkCode=osi&th=1&psc=1"><img src="https://m.media-amazon.com/images/I/31CuULOPD4L._SL500_.jpg" alt="Product Image"></a><p>Graco Tranzitions 3 in 1 Harness Booster Seat</p><p> -21% 0FF </p><p>$94.49</p><a href="https://www.amazon.com/dp/B07C2RNRCJ?tag=eloabder-20&linkCode=osi&th=1&psc=1">View Product</a></div>
<div class="product"><a href="https://www.amazon.com/dp/B09H6Y14KH?tag=eloabder-20&linkCode=osi&th=1&psc=1"><img src="https://m.media-amazon.com/images/I/410cJD5cOBL._SL500_.jpg" alt="Product Image"></a><p>Mancro Breastmilk Cooler Bag with Ice Pack, Fits 6 Baby Bottles Up to 9 Ounce Insulated Bottle Bag, Breast Milk on The go Strap, for Nursing Mom Daycare, Black</p><p> -6% 0FF </p><p>$16.99</p><a href="https://www.amazon.com/dp/B09H6Y14KH?tag=eloabder-20&linkCode=osi&th=1&psc=1">View Product</a></div>
<div class="product"><a href="https://www.amazon.com/dp/B006SFUCV8?tag=eloabder-20&linkCode=osi&th=1&psc=1"><img src="https://m.media-amazon.com/images/I/31Uu2+3+7RL._SL500_.jpg" alt="Product Image"></a><p>Munchkin® High Capacity Drying Rack for Baby Bottles and Accessories, White</p><p> -6% 0FF </p><p>$13.75</p><a href="https://www.amazon.com/dp/B006SFUCV8?tag=eloabder-20&linkCode=osi&th=1&psc=1">View Product</a></div><div class="product"><a href="https://www.amazon.com/dp/B0CHJS27KB?tag=eloabder-20&linkCode=osi&th=1&psc=1"><img src="https://m.media-amazon.com/images/I/51CDxHsKEAL._SL500_.jpg" alt="Product Image"></a><p>Termichy Baby Bottle Drying Rack: Large Vertical Bottle Dryer Rack Holder - Space Saving Standing Drying Rack for Baby Bottles and Pump Part Cleaning (Gray)</p><p> -7% 0FF </p><p>$26.99</p><a href="https://www.amazon.com/dp/B0CHJS27KB?tag=eloabder-20&linkCode=osi&th=1&psc=1">View Product</a></div><div class="product"><a href="https://www.amazon.com/dp/B00RQ83N76?tag=eloabder-20&linkCode=osi&th=1&psc=1"><img src="https://m.media-amazon.com/images/I/31bE-Iv6B6L._SL500_.jpg" alt="Product Image"></a><p>Munchkin Fold Baby Bottle Drying Rack - Compact Design Folds Flat for Easy Storage, White/Grey</p><p> -8% 0FF </p><p>$7.76</p><a href="https://www.amazon.com/dp/B00RQ83N76?tag=eloabder-20&linkCode=osi&th=1&psc=1">View Product</a></div><div class="product"><a href="https://www.amazon.com/dp/B00HNVWGNS?tag=eloabder-20&linkCode=osi&th=1&psc=1"><img src="https://m.media-amazon.com/images/I/41oD0n0VKWL._SL500_.jpg" alt="Product Image"></a><p>Dr. Brown's Folding Baby Bottle Drying Rack for Easy Storage, Dry Nipples, Pacifiers and Other Baby Essentials, BPA-free</p><p> -34% 0FF </p><p>$11.89</p><a href="https://www.amazon.com/dp/B00HNVWGNS?tag=eloabder-20&linkCode=osi&th=1&psc=1">View Product</a></div><div class="product"><a href="https://www.amazon.com/dp/B0CMRV5CPZ?tag=eloabder-20&linkCode=osi&th=1&psc=1"><img src="https://m.media-amazon.com/images/I/41XhN13vG4L._SL500_.jpg" alt="Product Image"></a><p>Dr. Brown's Drying Tower, Stand-Up Drying Rack, Countertop Baby Bottle Drying with Organized Storage for Baby Essentials, Space Saving Vertical Rack</p><p> -32% 0FF </p><p>$19.98</p><a href="https://www.amazon.com/dp/B0CMRV5CPZ?tag=eloabder-20&linkCode=osi&th=1&psc=1">View Product</a></div>
<div class="product"><a href="https://www.amazon.com/dp/B0876T9DQZ?tag=eloabder-20&linkCode=osi&th=1&psc=1"><img src="https://m.media-amazon.com/images/I/41EvYRi2WLL._SL500_.jpg" alt="Product Image"></a><p>Philips Avent Premium Fast Bottle Warmer, with Smart Temperature Control, Water Bath Technology, Automatic Shut-Off, Model SCF358</p><p> -20% 0FF </p><p>$39.99</p><a href="https://www.amazon.com/dp/B0876T9DQZ?tag=eloabder-20&linkCode=osi&th=1&psc=1">View Product</a></div><div class="product"><a href="https://www.amazon.com/dp/B0D2X9276K?tag=eloabder-20&linkCode=osi&th=1&psc=1"><img src="https://m.media-amazon.com/images/I/31kRB6a3EoL._SL500_.jpg" alt="Product Image"></a><p>WITGER 8-in-1 Baby Bottle Warmer and Sterilizer - Fast Heating, Accurate Temperature Control, BPA-Free, Defrosting, Food Heating, and Constant Temperature Maintenance.</p><p> -14% 0FF </p><p>$29.99</p><a href="https://www.amazon.com/dp/B0D2X9276K?tag=eloabder-20&linkCode=osi&th=1&psc=1">View Product</a></div><div class="product"><a href="https://www.amazon.com/dp/B09XJBQWQZ?tag=eloabder-20&linkCode=osi&th=1&psc=1"><img src="https://m.media-amazon.com/images/I/41rEmiL1MDL._SL500_.jpg" alt="Product Image"></a><p>Dr. Brown’s™ Insta-Feed™ Bottle Warmer and Sterilizer</p><p> -14% 0FF </p><p>$24.99</p><a href="https://www.amazon.com/dp/B09XJBQWQZ?tag=eloabder-20&linkCode=osi&th=1&psc=1">View Product</a></div><div class="product"><a href="https://www.amazon.com/dp/B0B97M3PX2?tag=eloabder-20&linkCode=osi&th=1&psc=1"><img src="https://m.media-amazon.com/images/I/31D1jFeOavL._SL500_.jpg" alt="Product Image"></a><p>Momcozy Bottle Warmer, Fast Bottle Warmers for All Bottles with Timer, Accurate Temperature Control and Automatic Shut-Off, Multifunctional Bottle Warmer for Breastmilk</p><p> -43% 0FF </p><p>$33.99</p><a href="https://www.amazon.com/dp/B0B97M3PX2?tag=eloabder-20&linkCode=osi&th=1&psc=1">View Product</a></div><div class="product"><a href="https://www.amazon.com/dp/B07YJKWTYW?tag=eloabder-20&linkCode=osi&th=1&psc=1"><img src="https://m.media-amazon.com/images/I/31Rfvw7DMyL._SL500_.jpg" alt="Product Image"></a><p>Bottle Warmer, GROWNSY 8-in-1 Fast Baby Milk Warmer with Timer for Breastmilk or Formula, Accurate Temperature Control, with Defrost, Sterili-zing, Keep, Heat Baby Food Jars Function</p><p> -20% 0FF </p><p>$39.99</p><a href="https://www.amazon.com/dp/B07YJKWTYW?tag=eloabder-20&linkCode=osi&th=1&psc=1">View Product</a></div><div class="product"><a href="https://www.amazon.com/dp/B0BY26RDWQ?tag=eloabder-20&linkCode=osi&th=1&psc=1"><img src="https://m.media-amazon.com/images/I/412nEaDc-cL._SL500_.jpg" alt="Product Image"></a><p>Momcozy Nutri Bottle Warmer, 9-in-1 Baby Bottle Warmer with Night Light, Accurate Temperature to Preserve Fullest Nutrients in Breast Milk, Bottle Warmers for All Bottles with Breastmilk or Formula</p><p> -20% 0FF </p><p>$39.99</p><a href="https://www.amazon.com/dp/B0BY26RDWQ?tag=eloabder-20&linkCode=osi&th=1&psc=1">View Product</a></div><div class="product"><a href="https://www.amazon.com/dp/B00005BXKM?tag=eloabder-20&linkCode=osi&th=1&psc=1"><img src="https://m.media-amazon.com/images/I/31nh2NZoUTL._SL500_.jpg" alt="Product Image"></a><p>The First Years Baby Bottle Warmer and Sterilizer - Pacifier and Bottle Nipple Sanitizer - Feeding Baby Essentials for Formula or Breast Milk - Holds Multiple Sizes</p><p> -10% 0FF </p><p>$19.75</p><a href="https://www.amazon.com/dp/B00005BXKM?tag=eloabder-20&linkCode=osi&th=1&psc=1">View Product</a></div>
<div class="product"><a href="https://www.amazon.com/dp/B0C7FL2XSL?tag=eloabder-20&linkCode=osi&th=1&psc=1"><img src="https://m.media-amazon.com/images/I/3195BfbxF2L._SL500_.jpg" alt="Product Image"></a><p>Motif Medical, Milk Storage Bags, 6 oz Milk Freezer Bag with Easy Pour Spout, BPA Free, Write-On Label - 100 Count</p><p> -20% 0FF </p><p>$15.99</p><a href="https://www.amazon.com/dp/B0C7FL2XSL?tag=eloabder-20&linkCode=osi&th=1&psc=1">View Product</a></div>
<div class="product"><a href="https://www.amazon.com/dp/B08H9QJVNZ?tag=eloabder-20&linkCode=osi&th=1&psc=1"><img src="https://m.media-amazon.com/images/I/31XZwvFZhIL._SL500_.jpg" alt="Product Image"></a><p>Medela Manual breast pump with Flex Shields Harmony Single Hand for More Comfort and Expressing More Milk</p><p> -34% 0FF </p><p>$28.72</p><a href="https://www.amazon.com/dp/B08H9QJVNZ?tag=eloabder-20&linkCode=osi&th=1&psc=1">View Product</a></div><div class="product"><a href="https://www.amazon.com/dp/B0BXH3XF7X?tag=eloabder-20&linkCode=osi&th=1&psc=1"><img src="https://m.media-amazon.com/images/I/41GBdp47u+L._SL500_.jpg" alt="Product Image"></a><p>Momcozy Hands Free Breast Pump S9 Pro Updated, Wearable Breast Pump of Longer Battery Life & LED Display, Double Portable Electric Breast Pump with 2 Modes & 9 Levels - 24mm, 2 Pack Gray</p><p> -31% 0FF </p><p>$95.98</p><a href="https://www.amazon.com/dp/B0BXH3XF7X?tag=eloabder-20&linkCode=osi&th=1&psc=1">View Product</a></div><div class="product"><a href="https://www.amazon.com/dp/B0CNGJMQDD?tag=eloabder-20&linkCode=osi&th=1&psc=1"><img src="https://m.media-amazon.com/images/I/41XS8v-5dyL._SL500_.jpg" alt="Product Image"></a><p>Momcozy Breast Pump Hands Free M5, Wearable Breast Pump of Baby Mouth Double-Sealed Flange with 3 Modes & 9 Levels, Electric Breast Pump Portable - 24mm, 2 Pack Cozy Red</p><p> -23% 0FF </p><p>$199.99 ($100.00 / Count)</p><a href="https://www.amazon.com/dp/B0CNGJMQDD?tag=eloabder-20&linkCode=osi&th=1&psc=1">View Product</a></div><div class="product"><a href="https://www.amazon.com/dp/B0DK9VJCRK?tag=eloabder-20&linkCode=osi&th=1&psc=1"><img src="https://m.media-amazon.com/images/I/41RyWq3DsfL._SL500_.jpg" alt="Product Image"></a><p>Hands Free Breast Pump Wearable MY-375 - Strong Suction, Low Noise, Wearable Breastfeeding Pump with 4 Mode &12 Levels, Portable Electric Breast Pump - 19/21/24mm Insert/Flange, 2 Pack (White)</p><p> -33% 0FF </p><p>$99.99 ($50.00 / Count)</p><a href="https://www.amazon.com/dp/B0DK9VJCRK?tag=eloabder-20&linkCode=osi&th=1&psc=1">View Product</a></div>
<div class="product"><a href="https://www.amazon.com/dp/B0BTZTSMM7?tag=eloabder-20&linkCode=osi&th=1&psc=1"><img src="https://m.media-amazon.com/images/I/41E+gI3y2mL._SL500_.jpg" alt="Product Image"></a><p>Konssy Muslin Nursing Cover for Baby Breastfeeding, Breathable 100% Cotton Breastfeeding Cover with Rigid Hoop for Mother Nursing Apron, Multi-use Carseat Canopy (Summer Wheat)</p><p> -25% 0FF </p><p>$14.99</p><a href="https://www.amazon.com/dp/B0BTZTSMM7?tag=eloabder-20&linkCode=osi&th=1&psc=1">View Product</a></div><div class="product"><a href="https://www.amazon.com/dp/B0CRY93RSV?tag=eloabder-20&linkCode=osi&th=1&psc=1"><img src="https://m.media-amazon.com/images/I/31GF3tvRWjL._SL500_.jpg" alt="Product Image"></a><p>Konssy Knit Nursing Cover for Breastfeeding, 360 Full Privacy Breathable Breastfeeding Cover, Multi-use Carseat Canopy(Beige)</p><p> -25% 0FF </p><p>$14.99</p><a href="https://www.amazon.com/dp/B0CRY93RSV?tag=eloabder-20&linkCode=osi&th=1&psc=1">View Product</a></div><div class="product"><a href="https://www.amazon.com/dp/B0CYM1Y178?tag=eloabder-20&linkCode=osi&th=1&psc=1"><img src="https://m.media-amazon.com/images/I/41BlDYTW3hL._SL500_.jpg" alt="Product Image"></a><p>Comfy Cubs Nursing Cover for Baby Breastfeeding - 100% Muslin Cotton, Soft & Breathable Cotton, Breastfeeding Pumping Cover for Mom, with Rigid Hoop - Privacy Unisex Lightweight Wrap (Pacific Blue)</p><p> -48% 0FF </p><p>$12.99</p><a href="https://www.amazon.com/dp/B0CYM1Y178?tag=eloabder-20&linkCode=osi&th=1&psc=1">View Product</a></div><div class="product"><a href="https://www.amazon.com/dp/B074M6FRND?tag=eloabder-20&linkCode=osi&th=1&psc=1"><img src="https://m.media-amazon.com/images/I/51odoDcAZ9L._SL500_.jpg" alt="Product Image"></a><p>Baby Nursing Cover & Nursing Poncho - Multi Use Cover for Baby Car Seat Canopy, Shopping Cart Cover, Stroller Cover, 360° Full Privacy Breastfeeding Coverage, Baby Shower Gifts for Boy&Girl</p><p> -30% 0FF </p><p>$13.95</p><a href="https://www.amazon.com/dp/B074M6FRND?tag=eloabder-20&linkCode=osi&th=1&psc=1">View Product</a></div><div class="product"><a href="https://www.amazon.com/dp/B0CB15QFNL?tag=eloabder-20&linkCode=osi&th=1&psc=1"><img src="https://m.media-amazon.com/images/I/31GyAL5zSlL._SL500_.jpg" alt="Product Image"></a><p>Breathable Car Seat Cover for Babies – Multi-Purpose Soft Rayon Nursing Cover for Breastfeeding, High Stretchy Infant Carseat Canopy, Stroller Cover (Smooth Rayon, Blush)</p><p> -20% 0FF </p><p>$7.99</p><a href="https://www.amazon.com/dp/B0CB15QFNL?tag=eloabder-20&linkCode=osi&th=1&psc=1">View Product</a></div>
<div class="product"><a href="https://www.amazon.com/dp/B00PC3K7OE?tag=eloabder-20&linkCode=osi&th=1&psc=1"><img src="https://m.media-amazon.com/images/I/41Ysisnr8oL._SL500_.jpg" alt="Product Image"></a><p>My Brest Friend Nursing Pillow - Deluxe - Enhanced Comfort w/ Slipcover - Ergonomic Breastfeeding Pillow For Ultimate Support For Mom & Baby - Adjustable Pillow W/ Handy Side Pocket, Evening Grey</p><p> -6% 0FF </p><p>$49.99</p><a href="https://www.amazon.com/dp/B00PC3K7OE?tag=eloabder-20&linkCode=osi&th=1&psc=1">View Product</a></div><div class="product"><a href="https://www.amazon.com/dp/B0B2W7X465?tag=eloabder-20&linkCode=osi&th=1&psc=1"><img src="https://m.media-amazon.com/images/I/41TWXbEgaJL._SL500_.jpg" alt="Product Image"></a><p>Momcozy Nursing Pillow for Breastfeeding, Original Plus Size Breastfeeding Pillows for More Support for Mom and Baby, with Adjustable Waist Strap and Removable Cotton Cover, Grey</p><p> -17% 0FF </p><p>$39.99</p><a href="https://www.amazon.com/dp/B0B2W7X465?tag=eloabder-20&linkCode=osi&th=1&psc=1">View Product</a></div><div class="product"><a href="https://www.amazon.com/dp/B08LF56YHJ?tag=eloabder-20&linkCode=osi&th=1&psc=1"><img src="https://m.media-amazon.com/images/I/31pJjCYHNMS._SL500_.jpg" alt="Product Image"></a><p>My Brest Friend Super Deluxe Nursing Pillow - Enhanced Comfort & Ergonomic Breastfeeding Pillow for Ultimate Support For Mom & Baby - Adjustable and with Handy Side Pocket, Platinum</p><p> -8% 0FF </p><p>$59.99</p><a href="https://www.amazon.com/dp/B08LF56YHJ?tag=eloabder-20&linkCode=osi&th=1&psc=1">View Product</a></div><div class="product"><a href="https://www.amazon.com/dp/B0C3RWRCQM?tag=eloabder-20&linkCode=osi&th=1&psc=1"><img src="https://m.media-amazon.com/images/I/516Q+AKi5kL._SL500_.jpg" alt="Product Image"></a><p>PILLANI Nursing Pillow, Plus Size Breastfeeding Pillows for Enhanced Support & Comfort for Mom & Baby, Removable Cotton Cover, Adjustable Waist Strap, Breastfeeding Essentials, Baby Registry Search</p><p> -20% 0FF </p><p>$31.99</p><a href="https://www.amazon.com/dp/B0C3RWRCQM?tag=eloabder-20&linkCode=osi&th=1&psc=1">View Product</a></div><div class="product"><a href="https://www.amazon.com/dp/B0CPVDN3J3?tag=eloabder-20&linkCode=osi&th=1&psc=1"><img src="https://m.media-amazon.com/images/I/41sq3SZUjlL._SL500_.jpg" alt="Product Image"></a><p>Momcozy Original Nursing Pillow and Positioner, Plus Size Breast Feeding Pillow for More Support for Mom and Baby Boy or Girl，Baby Essentials for Nursing or Bottle Feeding and Removable Cotton Cover</p><p> -15% 0FF </p><p>$39.99</p><a href="https://www.amazon.com/dp/B0CPVDN3J3?tag=eloabder-20&linkCode=osi&th=1&psc=1">View Product</a></div><div class="product"><a href="https://www.amazon.com/dp/B00PC3JYQQ?tag=eloabder-20&linkCode=osi&th=1&psc=1"><img src="https://m.media-amazon.com/images/I/51AoteowPXL._SL500_.jpg" alt="Product Image"></a><p>My Brest Friend Original Nursing Pillow Enhanced Ergonomics Essential Breastfeeding Pillow Support For Mom & Baby W/ Convenient Side Pocket, Double Straps & slipcover, Midnight Poppy</p><p> -7% 0FF </p><p>$41.99</p><a href="https://www.amazon.com/dp/B00PC3JYQQ?tag=eloabder-20&linkCode=osi&th=1&psc=1">View Product</a></div>
<div class="product"><a href="https://www.amazon.com/dp/B09KRKGJ3S?tag=eloabder-20&linkCode=osi&th=1&psc=1"><img src="https://m.media-amazon.com/images/I/41fXKHSGeCL._SL500_.jpg" alt="Product Image"></a><p>Looxii Muslin Burp Cloths 100% Cotton Large 20''x10'' Extra Soft and Absorbent 6 Pack Baby Burping Cloth for Boys Girls (Dark Green)</p><p> -6% 0FF </p><p>$13.14</p><a href="https://www.amazon.com/dp/B09KRKGJ3S?tag=eloabder-20&linkCode=osi&th=1&psc=1">View Product</a></div><div class="product"><a href="https://www.amazon.com/dp/B0CLPGQWNB?tag=eloabder-20&linkCode=osi&th=1&psc=1"><img src="https://m.media-amazon.com/images/I/416sGTkqHRL._SL500_.jpg" alt="Product Image"></a><p>Comfy Cubs Muslin Burp Cloths Large 100% Cotton Hand Washcloths for Babies, Baby Essentials 6 Layers Extra Absorbent and Soft Boys & Girls Baby Bibs & Burp Cloths Set (Multicolor, 10-Pack, 20" X10")</p><p> -33% 0FF </p><p>$19.99</p><a href="https://www.amazon.com/dp/B0CLPGQWNB?tag=eloabder-20&linkCode=osi&th=1&psc=1">View Product</a></div><div class="product"><a href="https://www.amazon.com/dp/B0CNKWNY43?tag=eloabder-20&linkCode=osi&th=1&psc=1"><img src="https://m.media-amazon.com/images/I/31iZQ-IdT6L._SL500_.jpg" alt="Product Image"></a><p>Comfy Cubs Burp Cloths 6 Pack Large 100% Cotton Washcloths Double Layered Absorbent Burping Cloth Extra Absorbent Baby Burp Cloth Extra Soft for Boys and Girls (Multicolor Girl, Pack of 6)</p><p> -40% 0FF </p><p>$14.99 ($2.50 / Count)</p><a href="https://www.amazon.com/dp/B0CNKWNY43?tag=eloabder-20&linkCode=osi&th=1&psc=1">View Product</a></div>
<div class="product"><a href="https://www.amazon.com/dp/B096NZHHVR?tag=eloabder-20&linkCode=osi&th=1&psc=1"><img src="https://m.media-amazon.com/images/I/41PxfLKcdWL._SL500_.jpg" alt="Product Image"></a><p>Meolsaek Car Seat Protector for Child Car Seat, 600D Fabric Waterproof Car Seat Cover with Non-Slip Backing, Under Baby Car Seat from Pressure Marks</p><p> -15% 0FF </p><p>$33.97</p><a href="https://www.amazon.com/dp/B096NZHHVR?tag=eloabder-20&linkCode=osi&th=1&psc=1">View Product</a></div><div class="product"><a href="https://www.amazon.com/dp/B096PGXGB4?tag=eloabder-20&linkCode=osi&th=1&psc=1"><img src="https://m.media-amazon.com/images/I/31Y4e9zhROS._SL500_.jpg" alt="Product Image"></a><p>XHYANG Car Seat Protector 1 Pack Car Seat Cushion Mat Thickest Padding,Waterproof 600D Fabric Car Seat Covers for Non-Slip Backing Mesh Pockets for Baby and Pet (1 Seat Protector)</p><p> -24% 0FF </p><p>$17.95</p><a href="https://www.amazon.com/dp/B096PGXGB4?tag=eloabder-20&linkCode=osi&th=1&psc=1">View Product</a></div><div class="product"><a href="https://www.amazon.com/dp/B09828NDRS?tag=eloabder-20&linkCode=osi&th=1&psc=1"><img src="https://m.media-amazon.com/images/I/31ua+nTGAXL._SL500_.jpg" alt="Product Image"></a><p>XHYANG Car Seat Protector,Auto Car Seat Protectors Baby Carseat Waterproof Durable 600D Fabric for Child Baby Car Seat Mat Vehicle Pet Cover 2 Storage Pockets (1 Pack)</p><p> -31% 0FF </p><p>$17.99</p><a href="https://www.amazon.com/dp/B09828NDRS?tag=eloabder-20&linkCode=osi&th=1&psc=1">View Product</a></div><div class="product"><a href="https://www.amazon.com/dp/B0CB14PHZT?tag=eloabder-20&linkCode=osi&th=1&psc=1"><img src="https://m.media-amazon.com/images/I/31lC1dggTTL._SL500_.jpg" alt="Product Image"></a><p>Breathable Car Seat Cover for Babies – Multi-Purpose Soft Rayon Nursing Cover for Breastfeeding, High Stretchy Infant Carseat Canopy, Stroller Cover (Smooth Rayon, Roman Green)</p><p> -20% 0FF </p><p>$7.19</p><a href="https://www.amazon.com/dp/B0CB14PHZT?tag=eloabder-20&linkCode=osi&th=1&psc=1">View Product</a></div><div class="product"><a href="https://www.amazon.com/dp/B08H4WCFXV?tag=eloabder-20&linkCode=osi&th=1&psc=1"><img src="https://m.media-amazon.com/images/I/516mz-4vqgL._SL500_.jpg" alt="Product Image"></a><p>Yoofoss Baby Car Seat Cover Winter Carseat Canopies Cover to Protect Baby from Cold Wind, Super Warm Plush Fleece Baby Carrier Cover for Infant Boys Girls (Black)</p><p> -11% 0FF </p><p>$32.99</p><a href="https://www.amazon.com/dp/B08H4WCFXV?tag=eloabder-20&linkCode=osi&th=1&psc=1">View Product</a></div>

<div class="product"><a href="https://www.amazon.com/dp/B07W6JGDYW?tag=eloabder-20&linkCode=osi&th=1&psc=1"><img src="https://m.media-amazon.com/images/I/41H2tKos7SL._SL500_.jpg" alt="Product Image"></a><p>Kaiphy Car Seat Protector - Seat Protection Mat - Thick Padding - Durable, Waterproof Fabric, Leather Reinforced Corners & 3 Pockets for Handy Storage Black</p><p> -46% 0FF </p><p>$13.97</p><a href="https://www.amazon.com/dp/B07W6JGDYW?tag=eloabder-20&linkCode=osi&th=1&psc=1">View Product</a></div><div class="product"><a href="https://www.amazon.com/dp/B0D5XFHH28?tag=eloabder-20&linkCode=osi&th=1&psc=1"><img src="https://m.media-amazon.com/images/I/31XhcmIiWAL._SL500_.jpg" alt="Product Image"></a><p>Car Seat Protector, Carseat Seat Protectors with Thick Padding and Upgraded Non-Slip Backing, Waterproof Seat Protector under Baby Car Seat, 600D Fabric Car Seat Covers with Storage Pockets for Baby</p><p> -20% 0FF </p><p>$13.59</p><a href="https://www.amazon.com/dp/B0D5XFHH28?tag=eloabder-20&linkCode=osi&th=1&psc=1">View Product</a></div><div class="product"><a href="https://www.amazon.com/dp/B07JBQBVL6?tag=eloabder-20&linkCode=osi&th=1&psc=1"><img src="https://m.media-amazon.com/images/I/31PZj+OEfjL._SL500_.jpg" alt="Product Image"></a><p>Car Seat Protector for Baby Child Car Seats, Shynerk Auto Seat Cover Mat for Under Carseat to Protect Automotive Vehicle Leather and Cloth Upholstery - Waterproof and Dirt Resistant</p><p> -33% 0FF </p><p>$19.99</p><a href="https://www.amazon.com/dp/B07JBQBVL6?tag=eloabder-20&linkCode=osi&th=1&psc=1">View Product</a></div>
<div class="product"><a href="https://www.amazon.com/dp/B00O64QJOC?tag=eloabder-20&linkCode=osi&th=1&psc=1"><img src="https://m.media-amazon.com/images/I/21l2K1fjgyL._SL500_.jpg" alt="Product Image"></a><p>Munchkin® Secure Grip™ Contoured Baby Diaper Changing Pad for Dresser, Waterproof, 16" x 31"</p><p> -10% 0FF </p><p>$31.49</p><a href="https://www.amazon.com/dp/B00O64QJOC?tag=eloabder-20&linkCode=osi&th=1&psc=1">View Product</a></div><div class="product"><a href="https://www.amazon.com/dp/B0DF1W28C5?tag=eloabder-20&linkCode=osi&th=1&psc=1"><img src="https://m.media-amazon.com/images/I/31F+H+AlPWL._SL500_.jpg" alt="Product Image"></a><p>Blissful Diary Vegan Leather Baby Changing Pad with Waterproof & Wipe-Clean PU Cover, Standard Size Cozy Baby Changing Table Pads for Dressers/Tables, Taupe</p><p> -13% 0FF </p><p>$34.99</p><a href="https://www.amazon.com/dp/B0DF1W28C5?tag=eloabder-20&linkCode=osi&th=1&psc=1">View Product</a></div><div class="product"><a href="https://www.amazon.com/dp/B0B45JKHGG?tag=eloabder-20&linkCode=osi&th=1&psc=1"><img src="https://m.media-amazon.com/images/I/41i2u89FqBL._SL500_.jpg" alt="Product Image"></a><p>YENING Baby Diaper Changing Pad for Dresser Top with Cover Waterproof Lining Foam Contoured Changing Table Pads Topper 31" x 16" Grey</p><p> -33% 0FF </p><p>$26.98</p><a href="https://www.amazon.com/dp/B0B45JKHGG?tag=eloabder-20&linkCode=osi&th=1&psc=1">View Product</a></div>
<div class="product"><a href="https://www.amazon.com/dp/B0D3BPZ77F?tag=eloabder-20&linkCode=osi&th=1&psc=1"><img src="https://m.media-amazon.com/images/I/41-+eE90DeL._SL500_.jpg" alt="Product Image"></a><p>Baby Changing Table, Versatile Folding Changing Table, Waterproof Diaper Changing Station, Adjustable Height with 2 Drawers,Baby Changing Station, Mobile Nursery for Infant and Newborn</p><p> -30% 0FF </p><p>$159.99</p><a href="https://www.amazon.com/dp/B0D3BPZ77F?tag=eloabder-20&linkCode=osi&th=1&psc=1">View Product</a></div><div class="product"><a href="https://www.amazon.com/dp/B073YB522V?tag=eloabder-20&linkCode=osi&th=1&psc=1"><img src="https://m.media-amazon.com/images/I/41IwxC2WttS._SL500_.jpg" alt="Product Image"></a><p>Delta Children Eclipse Changing Table with Changing Pad, Grey</p><p> -44% 0FF </p><p>$79.00</p><a href="https://www.amazon.com/dp/B073YB522V?tag=eloabder-20&linkCode=osi&th=1&psc=1">View Product</a></div><div class="product"><a href="https://www.amazon.com/dp/B075ZVTJ3D?tag=eloabder-20&linkCode=osi&th=1&psc=1"><img src="https://m.media-amazon.com/images/I/41Ig2EwFThL._SL500_.jpg" alt="Product Image"></a><p>Dream On Me Emily Changing Table In Steel Grey, Comes With 1" Changing Pad, Features Two Shelves, Portable Changing Station, Made Of Sustainable New Zealand Pinewood</p><p> -21% 0FF </p><p>$69.99</p><a href="https://www.amazon.com/dp/B075ZVTJ3D?tag=eloabder-20&linkCode=osi&th=1&psc=1">View Product</a></div><div class="product"><a href="https://www.amazon.com/dp/B08HMJCHCT?tag=eloabder-20&linkCode=osi&th=1&psc=1"><img src="https://m.media-amazon.com/images/I/31aqc05wT6L._SL500_.jpg" alt="Product Image"></a><p>Storkcraft Brookside 2 Drawer Changing Table Dresser (Pebble Gray) – GREENGUARD Gold Certified, Easy-to-Match Chest of Drawers and Cubbies for Nursery and Kids Bedroom, Includes Changing Table Topper</p><p> -31% 0FF </p><p>$151.29</p><a href="https://www.amazon.com/dp/B08HMJCHCT?tag=eloabder-20&linkCode=osi&th=1&psc=1">View Product</a></div><div class="product"><a href="https://www.amazon.com/dp/B005OSHTSO?tag=eloabder-20&linkCode=osi&th=1&psc=1"><img src="https://m.media-amazon.com/images/I/41ckUWX71DL._SL500_.jpg" alt="Product Image"></a><p>Badger Basket Modern Baby Changing Table with Laundry Hamper, 3 Storage Drawers and Pad, Diaper Change Station - White/White</p><p> -32% 0FF </p><p>$128.99</p><a href="https://www.amazon.com/dp/B005OSHTSO?tag=eloabder-20&linkCode=osi&th=1&psc=1">View Product</a></div><div class="product"><a href="https://www.amazon.com/dp/B08HHFZ5JJ?tag=eloabder-20&linkCode=osi&th=1&psc=1"><img src="https://m.media-amazon.com/images/I/31oH0mt34ML._SL500_.jpg" alt="Product Image"></a><p>Graco Noah 3 Drawer Chest with Changing Topper (White) – GREENGUARD Gold Certified, Baby Dresser With Changing Table Top, Dresser for Nursery, 3 Drawer Kids Dresser</p><p> -24% 0FF </p><p>$188.75</p><a href="https://www.amazon.com/dp/B08HHFZ5JJ?tag=eloabder-20&linkCode=osi&th=1&psc=1">View Product</a></div>
<div class="product"><a href="https://www.amazon.com/dp/B0BVHMHH4X?tag=eloabder-20&linkCode=osi&th=1&psc=1"><img src="https://m.media-amazon.com/images/I/41AOdI5vSML._SL500_.jpg" alt="Product Image"></a><p>TAHAVICE 1 Pack Over The Door Organizer, Bathroom Organizers and Storage with 5 Pockets 10 Mesh Pockets, 50 lbs Weight Capacity Stuffed Animal Storage for Nursery Newborn Baby Essential</p><p> -20% 0FF </p><p>$15.98</p><a href="https://www.amazon.com/dp/B0BVHMHH4X?tag=eloabder-20&linkCode=osi&th=1&psc=1">View Product</a></div><div class="product"><a href="https://www.amazon.com/dp/B06XJ343CC?tag=eloabder-20&linkCode=osi&th=1&psc=1"><img src="https://m.media-amazon.com/images/I/31zbpeWMpnL._SL500_.jpg" alt="Product Image"></a><p>20 Pack Clothing Rack Size Dividers, Wardrobe Round Hangers Label Closet Dividers with 1 Piece Marker Pen for Clothes Organization(White, Blank)</p><p> -14% 0FF </p><p>$8.59 ($0.43 / Count)</p><a href="https://www.amazon.com/dp/B06XJ343CC?tag=eloabder-20&linkCode=osi&th=1&psc=1">View Product</a></div><div class="product"><a href="https://www.amazon.com/dp/B09H4JTQC7?tag=eloabder-20&linkCode=osi&th=1&psc=1"><img src="https://m.media-amazon.com/images/I/51pFCzWgo3L._SL500_.jpg" alt="Product Image"></a><p>Pro Goleem Baby Closet Dividers Unisex Baby Closet Organizer for Nursery Baby Clothes Size Age Dividers Fits 1.5" Rod 6 PCS</p><p> -20% 0FF </p><p>$7.99</p><a href="https://www.amazon.com/dp/B09H4JTQC7?tag=eloabder-20&linkCode=osi&th=1&psc=1">View Product</a></div><div class="product"><a href="https://www.amazon.com/dp/B0DDTSNXNM?tag=eloabder-20&linkCode=osi&th=1&psc=1"><img src="https://m.media-amazon.com/images/I/517HtZWlKIL._SL500_.jpg" alt="Product Image"></a><p>Blissful Diary Baby Diaper Caddy Organizer, Cotton Rope Diaper Caddy Basket, Large Baby Shower Caddy for Newborn Boys and Girls, Gift for Baby Shower List, Newborn Essentials Basket, Earthy Rainbow</p><p> -30% 0FF </p><p>$15.99</p><a href="https://www.amazon.com/dp/B0DDTSNXNM?tag=eloabder-20&linkCode=osi&th=1&psc=1">View Product</a></div>
<div class="product"><a href="https://www.amazon.com/dp/B08DN1KTRH?tag=eloabder-20&linkCode=osi&th=1&psc=1"><img src="https://m.media-amazon.com/images/I/510rTaksLXL._SL500_.jpg" alt="Product Image"></a><p>16 Pack Baby Washcloths - Luxury Multicolor Coral Fleece - Extra Absorbent and Soft Wash Clothes for Newborns, Infants and Toddlers - Suitable for Sensitive Skin and New Born - Baby Shower, 10x10 Inch</p><p> -47% 0FF </p><p>$9.99</p><a href="https://www.amazon.com/dp/B08DN1KTRH?tag=eloabder-20&linkCode=osi&th=1&psc=1">View Product</a></div><div class="product"><a href="https://www.amazon.com/dp/B088RBY8Y5?tag=eloabder-20&linkCode=osi&th=1&psc=1"><img src="https://m.media-amazon.com/images/I/31Ku9qSjBCL._SL500_.jpg" alt="Product Image"></a><p>Yoofoss Muslin Burp Cloths for Baby 10 Pack 100% Cotton Baby Washcloths for Boys Girls Large 20''X10'' Super Soft and Absorbent White</p><p> -5% 0FF </p><p>$18.95</p><a href="https://www.amazon.com/dp/B088RBY8Y5?tag=eloabder-20&linkCode=osi&th=1&psc=1">View Product</a></div>
<div class="product"><a href="https://www.amazon.com/dp/B0CMZJ1J4T?tag=eloabder-20&linkCode=osi&th=1&psc=1"><img src="https://m.media-amazon.com/images/I/410bv8kIM8L._SL500_.jpg" alt="Product Image"></a><p>Jay Franco Bluey & Bingo Toddler Comforter Set - 4 Piece Bed Set Includes Sheet Set & Pillow Covers - Super Soft Clouds & Stars Kids Bedding</p><p> -23% 0FF </p><p>$46.49</p><a href="https://www.amazon.com/dp/B0CMZJ1J4T?tag=eloabder-20&linkCode=osi&th=1&psc=1">View Product</a></div><div class="product"><a href="https://www.amazon.com/dp/B00VQ2RLNA?tag=eloabder-20&linkCode=osi&th=1&psc=1"><img src="https://m.media-amazon.com/images/I/513vvaHOurL._SL500_.jpg" alt="Product Image"></a><p>Burt's Bees Baby Infant Reversible Quilt Blanket, Jersey Knit, Soft, 100% Organic Cotton Blankets, with 100% Polyester Fill for Warm Padding, Size 37 x 46 Inch</p><p> -50% 0FF </p><p>$32.49</p><a href="https://www.amazon.com/dp/B00VQ2RLNA?tag=eloabder-20&linkCode=osi&th=1&psc=1">View Product</a></div><div class="product"><a href="https://www.amazon.com/dp/B01GKZO0U4?tag=eloabder-20&linkCode=osi&th=1&psc=1"><img src="https://m.media-amazon.com/images/I/21lI+ZZ6+3L._SL500_.jpg" alt="Product Image"></a><p>Tadpoles Quilted Toddler Comforter | 40" x 60" | Made of 100% Microfiber Polyester (Shell) & 200 GSM Fiberfill | Soft, Breathable & Durable | Ideal for Toddlers (12-48 Months) | Box Pattern in White</p><p> -12% 0FF </p><p>$21.99</p><a href="https://www.amazon.com/dp/B01GKZO0U4?tag=eloabder-20&linkCode=osi&th=1&psc=1">View Product</a></div><div class="product"><a href="https://www.amazon.com/dp/B0BRKBKSB5?tag=eloabder-20&linkCode=osi&th=1&psc=1"><img src="https://m.media-amazon.com/images/I/313gax4ZutL._SL500_.jpg" alt="Product Image"></a><p>ZPECC Toddler Comforter Blanket - 39" x 53" Down Alternative Crib Duvet Set, Includes Child Quilt, Flat Pillow, Bear Stitching</p><p> -26% 0FF </p><p>$18.49</p><a href="https://www.amazon.com/dp/B0BRKBKSB5?tag=eloabder-20&linkCode=osi&th=1&psc=1">View Product</a></div>
<div class="product"><a href="https://www.amazon.com/dp/B0BZVLW3XY?tag=eloabder-20&linkCode=osi&th=1&psc=1"><img src="https://m.media-amazon.com/images/I/41bnCsnrb2L._SL500_.jpg" alt="Product Image"></a><p>Yoofoss Baby Crib Sheets for Boys Girls, Fitted Crib Sheet 2 Pack for Standard Crib and Toddler Mattress, Super Soft Microfiber Baby Sheet 28x52x8in(Green+Leaf)</p><p> -17% 0FF </p><p>$9.99</p><a href="https://www.amazon.com/dp/B0BZVLW3XY?tag=eloabder-20&linkCode=osi&th=1&psc=1">View Product</a></div><div class="product"><a href="https://www.amazon.com/dp/B086YCZN5H?tag=eloabder-20&linkCode=osi&th=1&psc=1"><img src="https://m.media-amazon.com/images/I/41jKlfbIwGL._SL500_.jpg" alt="Product Image"></a><p>Crib Mattress Protector Sheets Fitted Waterproof Crib Mattress Pad Cover, Noiseless & Machine Wash 100% Absorbent Crib/Toddler Mattress Protector Sheet Quilted, White, 52" x 28"</p><p> -11% 0FF </p><p>$11.98</p><a href="https://www.amazon.com/dp/B086YCZN5H?tag=eloabder-20&linkCode=osi&th=1&psc=1">View Product</a></div><div class="product"><a href="https://www.amazon.com/dp/B0CLL7JPTY?tag=eloabder-20&linkCode=osi&th=1&psc=1"><img src="https://m.media-amazon.com/images/I/41X3AyJQqrL._SL500_.jpg" alt="Product Image"></a><p>PINNKKU 3-Piece Crib Bedding Set for Boy Girls, Includes Crib Skirt, Blanket and Crib Sheet, Crib Baby Bedding, Pintuck Pinch Pleat Pink</p><p> -19% 0FF </p><p>$34.99 ($11.66 / Count)</p><a href="https://www.amazon.com/dp/B0CLL7JPTY?tag=eloabder-20&linkCode=osi&th=1&psc=1">View Product</a></div><div class="product"><a href="https://www.amazon.com/dp/B08G3DCPYM?tag=eloabder-20&linkCode=osi&th=1&psc=1"><img src="https://m.media-amazon.com/images/I/51UmAUm+f-L._SL500_.jpg" alt="Product Image"></a><p>Bedtime Originals Mighty Jungle 3Piece Crib Bedding Set, Multicolor (283003V)</p><p> -27% 0FF </p><p>$49.49</p><a href="https://www.amazon.com/dp/B08G3DCPYM?tag=eloabder-20&linkCode=osi&th=1&psc=1">View Product</a></div><div class="product"><a href="https://www.amazon.com/dp/B0BRWWTS3M?tag=eloabder-20&linkCode=osi&th=1&psc=1"><img src="https://m.media-amazon.com/images/I/51WZGfoIsvL._SL500_.jpg" alt="Product Image"></a><p>The Peanutshell 3 Piece Baby Crib Bedding Set for Girls - Newborn, Infant & Toddler Nursery Bed Set Decor with Fitted Crib Sheet, Dust Ruffle, Crib Comforter - Wildest Dreams</p><p> -10% 0FF </p><p>$44.99</p><a href="https://www.amazon.com/dp/B0BRWWTS3M?tag=eloabder-20&linkCode=osi&th=1&psc=1">View Product</a></div>
<div class="product"><a href="https://www.amazon.com/dp/B010S7VZI0?tag=eloabder-20&linkCode=osi&th=1&psc=1"><img src="https://m.media-amazon.com/images/I/31Ll01T4-sL._SL500_.jpg" alt="Product Image"></a><p>Graco Premium Crib & Toddler Mattress – GREENGUARD Gold Certified & CertiPUR-US Certified, Fits All Standard Crib & Toddler Beds, Waterproof Sleep Surface, Machine-Washable Outer Cover for Easy Care</p><p> -25% 0FF </p><p>$89.99</p><a href="https://www.amazon.com/dp/B010S7VZI0?tag=eloabder-20&linkCode=osi&th=1&psc=1">View Product</a></div><div class="product"><a href="https://www.amazon.com/dp/B0030V4Z02?tag=eloabder-20&linkCode=osi&th=1&psc=1"><img src="https://m.media-amazon.com/images/I/416srazdlsL._SL500_.jpg" alt="Product Image"></a><p>Dream On Me Honeycomb Orthopedic Firm Fiber Standard Baby Crib Mattress, Greenguard Gold and JPMA Certified, 5” Fiber Core Optimum Support, Fits Crib and Toddler Bed, Waterproof Vinyl Cover</p><p> -7% 0FF </p><p>$59.87</p><a href="https://www.amazon.com/dp/B0030V4Z02?tag=eloabder-20&linkCode=osi&th=1&psc=1">View Product</a></div><div class="product"><a href="https://www.amazon.com/dp/B0BLK39GTG?tag=eloabder-20&linkCode=osi&th=1&psc=1"><img src="https://m.media-amazon.com/images/I/41U0AL73RKL._SL500_.jpg" alt="Product Image"></a><p>Letmxiu Premium Dual-Sided Crib & Toddler Mattress,100% Knitted Fabric,Premium Fleece-Hypoallergenic,5" Firm Soft Crib Mattress, Non-Toxic Toddler Bed Mattress Fits Standard Cribs & Toddler Beds</p><p> -14% 0FF </p><p>$59.99</p><a href="https://www.amazon.com/dp/B0BLK39GTG?tag=eloabder-20&linkCode=osi&th=1&psc=1">View Product</a></div><div class="product"><a href="https://www.amazon.com/dp/B0BWDRBYL4?tag=eloabder-20&linkCode=osi&th=1&psc=1"><img src="https://m.media-amazon.com/images/I/41dkngPyPEL._SL500_.jpg" alt="Product Image"></a><p>Tiankehan Premium Dual-Sided Baby Crib Mattress and Toddler Mattress - 52" x 27.6" x 5" - Breathable - Firm Soft - Fits Standard Cribs and Toddler Beds</p><p> -14% 0FF </p><p>$59.98</p><a href="https://www.amazon.com/dp/B0BWDRBYL4?tag=eloabder-20&linkCode=osi&th=1&psc=1">View Product</a></div>
<div class="product"><a href="https://www.amazon.com/dp/B0C7T23J3Y?tag=eloabder-20&linkCode=osi&th=1&psc=1"><img src="https://m.media-amazon.com/images/I/41wcurEQD3L._SL500_.jpg" alt="Product Image"></a><p>The Peanutshell Crib Mobile for Girls - Pink and White Musical Baby Crib Mobile with 12 Lullabies, Forest Baby Mobile Crib Little Forest Nursery Decor</p><p> -16% 0FF </p><p>$37.69</p><a href="https://www.amazon.com/dp/B0C7T23J3Y?tag=eloabder-20&linkCode=osi&th=1&psc=1">View Product</a></div><div class="product"><a href="https://www.amazon.com/dp/B0C7SC34Z3?tag=eloabder-20&linkCode=osi&th=1&psc=1"><img src="https://m.media-amazon.com/images/I/41i+L053hPL._SL500_.jpg" alt="Product Image"></a><p>The Peanutshell Crib Mobile for Boys or Girls - Light and Dark Blue Musical Baby Crib Mobile with 12 Lullabies, Ocean Baby Mobile Crib Nautical Nursery Decor</p><p> -11% 0FF </p><p>$39.99</p><a href="https://www.amazon.com/dp/B0C7SC34Z3?tag=eloabder-20&linkCode=osi&th=1&psc=1">View Product</a></div>
<div class="product"><a href="https://www.amazon.com/dp/B07K594Q7W?tag=eloabder-20&linkCode=osi&th=1&psc=1"><img src="https://m.media-amazon.com/images/I/41chCOFT3fL._SL500_.jpg" alt="Product Image"></a><p>Burt's Bees Baby Print Fitted Crib Sheet Organic Cotton BEESNUG - Hello Moon! Prints, Fits Unisex Standard Bed and Toddler Mattress, Infant Essentials, 52 x 28 Inch 1-Pack</p><p> -34% 0FF </p><p>$13.80</p><a href="https://www.amazon.com/dp/B07K594Q7W?tag=eloabder-20&linkCode=osi&th=1&psc=1">View Product</a></div><div class="product"><a href="https://www.amazon.com/dp/B08HYS8HCQ?tag=eloabder-20&linkCode=osi&th=1&psc=1"><img src="https://m.media-amazon.com/images/I/41OJxVS5clL._SL500_.jpg" alt="Product Image"></a><p>KeaBabies 2-Pack Organic Crib Sheets for Boys, Girls, Jersey Fitted Crib Sheet, Baby Crib Sheets Neutral, Cotton Breathable Crib Sheet, Cute Printed Crib Mattress Sheet, Baby Mattress Sheets(Woodland)</p><p> -27% 0FF </p><p>$21.96</p><a href="https://www.amazon.com/dp/B08HYS8HCQ?tag=eloabder-20&linkCode=osi&th=1&psc=1">View Product</a></div><div class="product"><a href="https://www.amazon.com/dp/B07JBRWPRZ?tag=eloabder-20&linkCode=osi&th=1&psc=1"><img src="https://m.media-amazon.com/images/I/41WkDf7XWaL._SL500_.jpg" alt="Product Image"></a><p>American Baby Company 3 Pack Fitted Mini Crib Sheet 24" x 38", Soft Breathable Neutral 100% Cotton Jersey Portable Sheet, Gray Star/Zigzag, for Boys and Girls, Fits Most Pack N Play Mattresses</p><p> -20% 0FF </p><p>$14.34</p><a href="https://www.amazon.com/dp/B07JBRWPRZ?tag=eloabder-20&linkCode=osi&th=1&psc=1">View Product</a></div><div class="product"><a href="https://www.amazon.com/dp/B0BGWX27FP?tag=eloabder-20&linkCode=osi&th=1&psc=1"><img src="https://m.media-amazon.com/images/I/41tRk-EAY-L._SL500_.jpg" alt="Product Image"></a><p>4-Pack Fitted Crib Sheets for Boys and Girls - Breathable, Soft Microfiber Baby Sheets in Grey, Navy and White</p><p> -9% 0FF </p><p>$19.99 ($5.00 / Count)</p><a href="https://www.amazon.com/dp/B0BGWX27FP?tag=eloabder-20&linkCode=osi&th=1&psc=1">View Product</a></div>
<div class="product"><a href="https://www.amazon.com/dp/B082WW1FCQ?tag=eloabder-20&linkCode=osi&th=1&psc=1"><img src="https://m.media-amazon.com/images/I/416EVH-FKwL._SL500_.jpg" alt="Product Image"></a><p>Crib Bed Skirt 28” x 52” with 14” Drop Pleated Dust Ruffle for Baby Boys Girls Elastic Adjustable Fit Toddler Bedskirt Easy On/Off Soft Nursery Standard Crib Bedding Skirts Solid White Crib Skirt</p><p> -18% 0FF </p><p>$17.99</p><a href="https://www.amazon.com/dp/B082WW1FCQ?tag=eloabder-20&linkCode=osi&th=1&psc=1">View Product</a></div><div class="product"><a href="https://www.amazon.com/dp/B000YFU77W?tag=eloabder-20&linkCode=osi&th=1&psc=1"><img src="https://m.media-amazon.com/images/I/31R9qJzse7L._SL500_.jpg" alt="Product Image"></a><p>American Baby Company 100% Natural Cotton Percale Ruffled Crib Skirt, Cream, 52"L x 28"W + 13.5"</p><p> -33% 0FF </p><p>$16.79</p><a href="https://www.amazon.com/dp/B000YFU77W?tag=eloabder-20&linkCode=osi&th=1&psc=1">View Product</a></div><div class="product"><a href="https://www.amazon.com/dp/B0B5YML25P?tag=eloabder-20&linkCode=osi&th=1&psc=1"><img src="https://m.media-amazon.com/images/I/31DyVARAxlL._SL500_.jpg" alt="Product Image"></a><p>Lush Decor Ruffle Crib Skirt, 16" Drop, White</p><p> -26% 0FF </p><p>$28.19</p><a href="https://www.amazon.com/dp/B0B5YML25P?tag=eloabder-20&linkCode=osi&th=1&psc=1">View Product</a></div>
<div class="product"><a href="https://www.amazon.com/dp/B0D8B4FNHF?tag=eloabder-20&linkCode=osi&th=1&psc=1"><img src="https://m.media-amazon.com/images/I/41gmkYMTEaL._SL500_.jpg" alt="Product Image"></a><p>CHICWAY Baby Patter for Sleep, Baby Sleep Soother, Baby Vibrating Soother 3 Vibration Modes & Intensities Help Baby Sleep, Crib Toy, Crib Accessory, Registry Gift, Shower Gift, Newborn Baby Essentials</p><p> -54% 0FF </p><p>$22.91</p><a href="https://www.amazon.com/dp/B0D8B4FNHF?tag=eloabder-20&linkCode=osi&th=1&psc=1">View Product</a></div><div class="product"><a href="https://www.amazon.com/dp/B009UPUFCY?tag=eloabder-20&linkCode=osi&th=1&psc=1"><img src="https://m.media-amazon.com/images/I/41MuYdMqcXL._SL500_.jpg" alt="Product Image"></a><p>Munchkin® Lulla-Vibe™ Vibrating Mattress Pad Sleep Soother</p><p> -9% 0FF </p><p>$27.25</p><a href="https://www.amazon.com/dp/B009UPUFCY?tag=eloabder-20&linkCode=osi&th=1&psc=1">View Product</a></div>

<div class="product"><a href="https://www.amazon.com/dp/B098TWMRNV?tag=eloabder-20&linkCode=osi&th=1&psc=1"><img src="https://m.media-amazon.com/images/I/51eBNBdbFPL._SL500_.jpg" alt="Product Image"></a><p>PILLANI Baby Diaper Bag Backpack - Baby Bag for Boys & Girls - Diaper Backpack - Large Travel Diaper Bags w/Changing Pad - Baby Registry Search & Shower Gifts Newborn Essentials & Items for Mom, Gray</p><p> -37% 0FF </p><p>$34.99</p><a href="https://www.amazon.com/dp/B098TWMRNV?tag=eloabder-20&linkCode=osi&th=1&psc=1">View Product</a></div><div class="product"><a href="https://www.amazon.com/dp/B07HL6FV5F?tag=eloabder-20&linkCode=osi&th=1&psc=1"><img src="https://m.media-amazon.com/images/I/41CpqR1T2iL._SL500_.jpg" alt="Product Image"></a><p>RUVALINO Diaper Bag Backpack - Multifunction Waterproof Travel Essentials, Maternity Baby Bag with Changing Pad & Stroller D-Ring & Pacifier Case - Baby Registry Search/Items & Shower Gifts - Black</p><p> -51% 0FF </p><p>$43.99</p><a href="https://www.amazon.com/dp/B07HL6FV5F?tag=eloabder-20&linkCode=osi&th=1&psc=1">View Product</a></div><div class="product"><a href="https://www.amazon.com/dp/B0BSKZFV8Z?tag=eloabder-20&linkCode=osi&th=1&psc=1"><img src="https://m.media-amazon.com/images/I/41kJJGd0-KL._SL500_.jpg" alt="Product Image"></a><p>Skip Hop Diaper Bag Backpack: Forma, Multi-Function Baby Travel Bag with Changing Pad & Stroller Attachment, Sage</p><p> -6% 0FF </p><p>$74.49</p><a href="https://www.amazon.com/dp/B0BSKZFV8Z?tag=eloabder-20&linkCode=osi&th=1&psc=1">View Product</a></div>
<div class="product"><a href="https://www.amazon.com/dp/B00569GU18?tag=eloabder-20&linkCode=osi&th=1&psc=1"><img src="https://m.media-amazon.com/images/I/41Zx990UFlL._SL500_.jpg" alt="Product Image"></a><p>Boudreaux's Butt Paste Maximum Strength Diaper Rash Cream, Ointment for Baby, 4 oz Tube</p><p> -12% 0FF </p><p>$7.48 ($1.87 / Ounce)</p><a href="https://www.amazon.com/dp/B00569GU18?tag=eloabder-20&linkCode=osi&th=1&psc=1">View Product</a></div><div class="product"><a href="https://www.amazon.com/dp/B00ZQXT4EY?tag=eloabder-20&linkCode=osi&th=1&psc=1"><img src="https://m.media-amazon.com/images/I/31SXI-cW6IL._SL500_.jpg" alt="Product Image"></a><p>Desitin Maximum Strength Baby Diaper Rash Cream, 40% Zinc Oxide for Treatment, Relief & Prevention, Hypoallergenic, Phthalate- & Paraben-Free Paste, Protects Skin for 12 Hours, 4.8 oz</p><p> -38% 0FF </p><p>$7.33 ($1.53 / Ounce)</p><a href="https://www.amazon.com/dp/B00ZQXT4EY?tag=eloabder-20&linkCode=osi&th=1&psc=1">View Product</a></div><div class="product"><a href="https://www.amazon.com/dp/B082QBB8KQ?tag=eloabder-20&linkCode=osi&th=1&psc=1"><img src="https://m.media-amazon.com/images/I/51vNnfQ6MmL._SL500_.jpg" alt="Product Image"></a><p>Aquaphor Baby Diaper Rash Paste - For Serious Diaper Rash and Flare-ups - 3.5 Oz. Tube</p><p> -5% 0FF </p><p>$7.87 ($2.25 / Ounce)</p><a href="https://www.amazon.com/dp/B082QBB8KQ?tag=eloabder-20&linkCode=osi&th=1&psc=1">View Product</a></div><div class="product"><a href="https://www.amazon.com/dp/B00M0N9J20?tag=eloabder-20&linkCode=osi&th=1&psc=1"><img src="https://m.media-amazon.com/images/I/41t50K+y9yL._SL500_.jpg" alt="Product Image"></a><p>Desitin Daily Defense Baby Diaper Rash Cream with Zinc Oxide to Treat, Relieve & Prevent diaper rash, Hypoallergenic, Dye-, Phthalate- & Paraben-Free, 4 oz</p><p> -42% 0FF </p><p>$5.39 ($1.35 / Ounce)</p><a href="https://www.amazon.com/dp/B00M0N9J20?tag=eloabder-20&linkCode=osi&th=1&psc=1">View Product</a></div><div class="product"><a href="https://www.amazon.com/dp/B00Q2MYU9W?tag=eloabder-20&linkCode=osi&th=1&psc=1"><img src="https://m.media-amazon.com/images/I/51PiNmf+vpL._SL500_.jpg" alt="Product Image"></a><p>Aquaphor Baby Diaper Rash Cream, 3-in-1 Diaper Rash Relief, 3.5 Oz Tube</p><p> -17% 0FF </p><p>$18.69 ($1.78 / Ounce)</p><a href="https://www.amazon.com/dp/B00Q2MYU9W?tag=eloabder-20&linkCode=osi&th=1&psc=1">View Product</a></div><div class="product"><a href="https://www.amazon.com/dp/B0B4PNGXFS?tag=eloabder-20&linkCode=osi&th=1&psc=1"><img src="https://m.media-amazon.com/images/I/51BB218LJpL._SL500_.jpg" alt="Product Image"></a><p>Triple Paste Diaper Rash Cream for Baby - 3 oz Tube - Zinc Oxide Ointment Treats, Soothes and Prevents Diaper Rash - Pediatrician-Recommended Hypoallergenic Formula with Soothing Botanicals</p><p> -25% 0FF </p><p>$8.96 ($2.99 / Ounce)</p><a href="https://www.amazon.com/dp/B0B4PNGXFS?tag=eloabder-20&linkCode=osi&th=1&psc=1">View Product</a></div><div class="product"><a href="https://www.amazon.com/dp/B00KFITCXS?tag=eloabder-20&linkCode=osi&th=1&psc=1"><img src="https://m.media-amazon.com/images/I/41Upagho5nL._SL500_.jpg" alt="Product Image"></a><p>The Honest Company Hypoallergenic Diaper Rash Cream | Moisturizing + Calming Zinc Oxide Ointment | NEA Recognized, Cruelty Free | 2.5 oz</p><p> -7% 0FF </p><p>$10.25 ($4.10 / Ounce)</p><a href="https://www.amazon.com/dp/B00KFITCXS?tag=eloabder-20&linkCode=osi&th=1&psc=1">View Product</a></div><div class="product"><a href="https://www.amazon.com/dp/B000LTJRQ8?tag=eloabder-20&linkCode=osi&th=1&psc=1"><img src="https://m.media-amazon.com/images/I/51z4dtHfCgL._SL500_.jpg" alt="Product Image"></a><p>Triple Paste Diaper Rash Cream for Baby - 8 Oz Tub - Zinc Oxide Ointment Treats, Soothes and Prevents Diaper Rash - Pediatrician-Recommended Hypoallergenic Formula with Soothing Botanicals</p><p> -27% 0FF </p><p>$14.53 ($1.82 / Ounce)</p><a href="https://www.amazon.com/dp/B000LTJRQ8?tag=eloabder-20&linkCode=osi&th=1&psc=1">View Product</a></div><div class="product"><a href="https://www.amazon.com/dp/B00BH0PZBG?tag=eloabder-20&linkCode=osi&th=1&psc=1"><img src="https://m.media-amazon.com/images/I/41nENIiSAHL._SL500_.jpg" alt="Product Image"></a><p>Desitin Maximum Strength Baby Diaper Rash Cream with 40% Zinc Oxide for Treatment, Relief & Prevention, Hypoallergenic, Phthalate- & Paraben-Free Paste, 16 oz</p><p> -31% 0FF </p><p>$18.44 ($1.15 / Ounce)</p><a href="https://www.amazon.com/dp/B00BH0PZBG?tag=eloabder-20&linkCode=osi&th=1&psc=1">View Product</a></div><div class="product"><a href="https://www.amazon.com/dp/B000V3MFUY?tag=eloabder-20&linkCode=osi&th=1&psc=1"><img src="https://m.media-amazon.com/images/I/31To+A+IRQL._SL500_.jpg" alt="Product Image"></a><p>Weleda Baby Calendula Diaper Cream, 2.8 Fluid Ounce, Plant Rich Protection with Calendula, Chamomile, Sweet Almond Oil, Lanolin and Zinc Oxide</p><p> -12% 0FF </p><p>$12.32 ($4.40 / Ounce)</p><a href="https://www.amazon.com/dp/B000V3MFUY?tag=eloabder-20&linkCode=osi&th=1&psc=1">View Product</a></div>
<div class="product"><a href="https://www.amazon.com/dp/B012UFN9T6?tag=eloabder-20&linkCode=osi&th=1&psc=1"><img src="https://m.media-amazon.com/images/I/51SxpJF694L._SL500_.jpg" alt="Product Image"></a><p>Nuby Diaper Disposal Bags for Baby - (6-Pack) 50 Count Disposable Bags - Fresh Baby Powder Scent - Blue</p><p> -10% 0FF </p><p>$16.15</p><a href="https://www.amazon.com/dp/B012UFN9T6?tag=eloabder-20&linkCode=osi&th=1&psc=1">View Product</a></div>
<div class="product"><a href="https://www.amazon.com/dp/B0CPR2N8FD?tag=eloabder-20&linkCode=osi&th=1&psc=1"><img src="https://m.media-amazon.com/images/I/41uXmeS+P5L._SL500_.jpg" alt="Product Image"></a><p>Diaper Genie Select Pail Registry Gift Set (White) | Made of Durable Stainless Steel Metal | Includes 2 Jumbo Refills | Holds 1620 Newborn Diapers</p><p> -20% 0FF </p><p>$59.99</p><a href="https://www.amazon.com/dp/B0CPR2N8FD?tag=eloabder-20&linkCode=osi&th=1&psc=1">View Product</a></div><div class="product"><a href="https://www.amazon.com/dp/B0CNS3R8T7?tag=eloabder-20&linkCode=osi&th=1&psc=1"><img src="https://m.media-amazon.com/images/I/31BIw9M8SwL._SL500_.jpg" alt="Product Image"></a><p>Diaper Genie Classic Pail Includes 1 Starter Square Refill That can Hold up to 165 Newborn-Sized Diapers.</p><p> -20% 0FF </p><p>$23.99</p><a href="https://www.amazon.com/dp/B0CNS3R8T7?tag=eloabder-20&linkCode=osi&th=1&psc=1">View Product</a></div><div class="product"><a href="https://www.amazon.com/dp/B0BWGZ7J7W?tag=eloabder-20&linkCode=osi&th=1&psc=1"><img src="https://m.media-amazon.com/images/I/41pqvAOekFL._SL500_.jpg" alt="Product Image"></a><p>Diaper Genie Signature Gift Set | Includes Easy Roll Refill with 48 Bags | Holds Up to 2256 Newborn Diapers</p><p> -41% 0FF </p><p>$52.79</p><a href="https://www.amazon.com/dp/B0BWGZ7J7W?tag=eloabder-20&linkCode=osi&th=1&psc=1">View Product</a></div><div class="product"><a href="https://www.amazon.com/dp/B00821FLT4?tag=eloabder-20&linkCode=osi&th=1&psc=1"><img src="https://m.media-amazon.com/images/I/21an29pWMkL._SL500_.jpg" alt="Product Image"></a><p>Ubbi Steel Diaper Pail, Odor Locking, No Special Bag Required, Award-Winning, Registry Must-Have, White</p><p> -30% 0FF </p><p>$55.99</p><a href="https://www.amazon.com/dp/B00821FLT4?tag=eloabder-20&linkCode=osi&th=1&psc=1">View Product</a></div><div class="product"><a href="https://www.amazon.com/dp/B0BWGWZ2J4?tag=eloabder-20&linkCode=osi&th=1&psc=1"><img src="https://m.media-amazon.com/images/I/317sppbydxL._SL500_.jpg" alt="Product Image"></a><p>Diaper Genie Signature Pail (Grey) Includes 1 Easy Roll Refill with 18 Bags | Holds Up to 846 Newborn-Sized Diapers Per Refill</p><p> -20% 0FF </p><p>$47.99</p><a href="https://www.amazon.com/dp/B0BWGWZ2J4?tag=eloabder-20&linkCode=osi&th=1&psc=1">View Product</a></div>
<div class="product"><a href="https://www.amazon.com/dp/B0083973FK?tag=eloabder-20&linkCode=osi&th=1&psc=1"><img src="https://m.media-amazon.com/images/I/51c+QHPetfL._SL500_.jpg" alt="Product Image"></a><p>Sposie Booster Pads, Stop Overnight Diaper Leaks, Adhesive-Free for Easy repositioning, Helps Reduce Nighttime Diaper Changes and Diaper Rash, Use with Sizes 4-6, 90 ct.</p><p> -20% 0FF </p><p>$39.99 ($0.44 / Count)</p><a href="https://www.amazon.com/dp/B0083973FK?tag=eloabder-20&linkCode=osi&th=1&psc=1">View Product</a></div><div class="product"><a href="https://www.amazon.com/dp/B07V4MZF2W?tag=eloabder-20&linkCode=osi&th=1&psc=1"><img src="https://m.media-amazon.com/images/I/51u-l608rTL._SL500_.jpg" alt="Product Image"></a><p>Dimples Booster Pads, Baby Diaper Doubler with Adhesive - 1 Size Fits All Diapers - Boosts Diaper Absorbency - No More leaks 90 Count (with Adhesive for Secure Fit)</p><p> -15% 0FF </p><p>$27.99 ($0.31 / Count)</p><a href="https://www.amazon.com/dp/B07V4MZF2W?tag=eloabder-20&linkCode=osi&th=1&psc=1">View Product</a></div><div class="product"><a href="https://www.amazon.com/dp/B0CBQQKMS2?tag=eloabder-20&linkCode=osi&th=1&psc=1"><img src="https://m.media-amazon.com/images/I/51IK5dDp++L._SL500_.jpg" alt="Product Image"></a><p>Inspire Ultra Dimples Diaper Booster Pads | Our Most Absorbent Diaper Inserts Ever | Diaper Pads Inserts Overnight or Daytime | Diaper Liners Turn Any Diaper into Super Overnight Diapers for Babies</p><p> -17% 0FF </p><p>$9.99 ($0.48 / Count)</p><a href="https://www.amazon.com/dp/B0CBQQKMS2?tag=eloabder-20&linkCode=osi&th=1&psc=1">View Product</a></div>
<div class="product"><a href="https://www.amazon.com/dp/B0B5WF7S9F?tag=eloabder-20&linkCode=osi&th=1&psc=1"><img src="https://m.media-amazon.com/images/I/41vB5uYpocL._SL500_.jpg" alt="Product Image"></a><p>Mr. Pen- Baby Diaper Caddy Organizer, Car Caddy, Portable Organizer for Changing Table, Nursery</p><p> -14% 0FF </p><p>$12.85</p><a href="https://www.amazon.com/dp/B0B5WF7S9F?tag=eloabder-20&linkCode=osi&th=1&psc=1">View Product</a></div><div class="product"><a href="https://www.amazon.com/dp/B0734LPFJR?tag=eloabder-20&linkCode=osi&th=1&psc=1"><img src="https://m.media-amazon.com/images/I/51TCskU5lyL._SL500_.jpg" alt="Product Image"></a><p>Lily Miles Baby Diaper Caddy - Large Organizer Tote Bag for Baby essentials Boy or Girl - Baby Shower Basket - Nursery Must Haves - Registry Favorites - Newborn Caddie Car Travel</p><p> -17% 0FF </p><p>$24.95</p><a href="https://www.amazon.com/dp/B0734LPFJR?tag=eloabder-20&linkCode=osi&th=1&psc=1">View Product</a></div><div class="product"><a href="https://www.amazon.com/dp/B0D4LRZW48?tag=eloabder-20&linkCode=osi&th=1&psc=1"><img src="https://m.media-amazon.com/images/I/41NadHwjJlL._SL500_.jpg" alt="Product Image"></a><p>KEETDY Large Diaper Pocket Over the Door Organizer for Nursery, Closet Door Hanging Storage, Baby Organizers and Storage for Newborn Essentials & Diaper Organizer, Beige</p><p> -19% 0FF </p><p>$16.99</p><a href="https://www.amazon.com/dp/B0D4LRZW48?tag=eloabder-20&linkCode=osi&th=1&psc=1">View Product</a></div>
<div class="product"><a href="https://www.amazon.com/dp/B01BDQDIGM?tag=eloabder-20&linkCode=osi&th=1&psc=1"><img src="https://m.media-amazon.com/images/I/41ym1o+HI0L._SL500_.jpg" alt="Product Image"></a><p>Munchkin® STEP™ Diaper Pail Powered by Arm & Hammer, #1 in Odor Control, Award-Winning, Includes 1 Snap, Seal & Toss™ Bag, 1 Starter Refill Ring, and 1 PUCK™ Baking Soda Cartridge</p><p> -19% 0FF </p><p>$59.99</p><a href="https://www.amazon.com/dp/B01BDQDIGM?tag=eloabder-20&linkCode=osi&th=1&psc=1">View Product</a></div><div class="product"><a href="https://www.amazon.com/dp/B0CNS3NMT5?tag=eloabder-20&linkCode=osi&th=1&psc=1"><img src="https://m.media-amazon.com/images/I/41VFasXJE-L._SL500_.jpg" alt="Product Image"></a><p>Diaper Genie Select Pail (Blue) is Made of Durable Stainless Steel and Includes 1 Starter Square Refill That can Hold up to 165 Newborn-Sized Diapers.</p><p> -34% 0FF </p><p>$32.79</p><a href="https://www.amazon.com/dp/B0CNS3NMT5?tag=eloabder-20&linkCode=osi&th=1&psc=1">View Product</a></div><div class="product"><a href="https://www.amazon.com/dp/B000RLQZD8?tag=eloabder-20&linkCode=osi&th=1&psc=1"><img src="https://m.media-amazon.com/images/I/41vuQVcyESL._SL500_.jpg" alt="Product Image"></a><p>Diaper Dekor Plus Hands-Free Diaper Pail | White | Easiest to Use | Just Step–Drop–Done | Doesn’t Absorb Odors | 20 Second Bag Change | Most Economical Refill System | Great for Cloth Diapers</p><p> -9% 0FF </p><p>$49.95</p><a href="https://www.amazon.com/dp/B000RLQZD8?tag=eloabder-20&linkCode=osi&th=1&psc=1">View Product</a></div>
<div class="product"><a href="https://www.amazon.com/dp/B016N3PHBO?tag=eloabder-20&linkCode=osi&th=1&psc=1"><img src="https://m.media-amazon.com/images/I/31X8EAoIwzL._SL500_.jpg" alt="Product Image"></a><p>A+D Zinc Oxide Diaper Rash Treatment Cream, Dimenthicone 1%, Zinc Oxide 10%, Easy Spreading Baby Skin Care, 4 Ounce Tube (Packaging May Vary)</p><p> -9% 0FF </p><p>$5.47 ($0.98 / Ounce)</p><a href="https://www.amazon.com/dp/B016N3PHBO?tag=eloabder-20&linkCode=osi&th=1&psc=1">View Product</a></div>
<div class="product"><a href="https://www.amazon.com/dp/B073V5XZHZ?tag=eloabder-20&linkCode=osi&th=1&psc=1"><img src="https://m.media-amazon.com/images/I/41FJH3vX0xL._SL500_.jpg" alt="Product Image"></a><p>hiccapop Hanging Diaper Organizer for Changing Table, Cribs and Walls, Diaper Stacker and Nursery Organizer | Hanging Storage Caddy Organizer for Baby Essentials |</p><p> -14% 0FF </p><p>$29.92</p><a href="https://www.amazon.com/dp/B073V5XZHZ?tag=eloabder-20&linkCode=osi&th=1&psc=1">View Product</a></div>

<div class="product"><a href="https://www.amazon.com/dp/B07MB5PZBF?tag=eloabder-20&linkCode=osi&th=1&psc=1"><img src="https://m.media-amazon.com/images/I/51JYyHL1KML._SL500_.jpg" alt="Product Image"></a><p>Huggies Size 1 Diapers, Little Snugglers Newborn Diapers, Size 1 (8-14 lbs), 32 Count</p><p> -19% 0FF </p><p>$9.94 ($0.31 / Count)</p><a href="https://www.amazon.com/dp/B07MB5PZBF?tag=eloabder-20&linkCode=osi&th=1&psc=1">View Product</a></div><div class="product"><a href="https://www.amazon.com/dp/B07T4WQRNJ?tag=eloabder-20&linkCode=osi&th=1&psc=1"><img src="https://m.media-amazon.com/images/I/41yeY7iBMEL._SL500_.jpg" alt="Product Image"></a><p>Amazon Brand - Mama Bear Gentle Touch Diapers, Hypoallergenic, Size 5, 33 Count, White</p><p> -9% 0FF </p><p>$11.61</p><a href="https://www.amazon.com/dp/B07T4WQRNJ?tag=eloabder-20&linkCode=osi&th=1&psc=1">View Product</a></div><div class="product"><a href="https://www.amazon.com/dp/B0CKV3GLS2?tag=eloabder-20&linkCode=osi&th=1&psc=1"><img src="https://m.media-amazon.com/images/I/51zE6kc5RWL._SL500_.jpg" alt="Product Image"></a><p>The Honest Company Clean Conscious Diapers | Plant-Based, Sustainable | Young at Heart + Rose Blossom | Club Box, Size 2 (12-18 lbs), 72 Count</p><p> -15% 0FF </p><p>$25.49 ($0.35 / Count)</p><a href="https://www.amazon.com/dp/B0CKV3GLS2?tag=eloabder-20&linkCode=osi&th=1&psc=1">View Product</a></div><div class="product"><a href="https://www.amazon.com/dp/B0CHGJ4YVM?tag=eloabder-20&linkCode=osi&th=1&psc=1"><img src="https://m.media-amazon.com/images/I/51eBhAfAr+L._SL500_.jpg" alt="Product Image"></a><p>Huggies Size 1 Diapers, Skin Essentials Baby Diapers, Size 1 (8-14 lbs), 32 Count</p><p> -19% 0FF </p><p>$9.94 ($0.31 / Count)</p><a href="https://www.amazon.com/dp/B0CHGJ4YVM?tag=eloabder-20&linkCode=osi&th=1&psc=1">View Product</a></div>
<div class="product"><a href="https://www.amazon.com/dp/B005OSHTXO?tag=eloabder-20&linkCode=osi&th=1&psc=1"><img src="https://m.media-amazon.com/images/I/41MQMmwwDUL._SL500_.jpg" alt="Product Image"></a><p>Badger Basket Modern Baby Changing Table with Laundry Hamper, 3 Storage Drawers and Pad, Diaper Change Station - Espresso/Ecru</p><p> -35% 0FF </p><p>$122.99</p><a href="https://www.amazon.com/dp/B005OSHTXO?tag=eloabder-20&linkCode=osi&th=1&psc=1">View Product</a></div><div class="product"><a href="https://www.amazon.com/dp/B0C84T1L1F?tag=eloabder-20&linkCode=osi&th=1&psc=1"><img src="https://m.media-amazon.com/images/I/31VUJhNc2fL._SL500_.jpg" alt="Product Image"></a><p>Portable Baby Changing Table with 2 Storage Baskets, BabyBond Foldable Changing Table Dresser Waterproof Diaper Changing Table Height Adjustable Changing Station for Infant and Newborn(Beige)</p><p> -10% 0FF </p><p>$143.99</p><a href="https://www.amazon.com/dp/B0C84T1L1F?tag=eloabder-20&linkCode=osi&th=1&psc=1">View Product</a></div><div class="product"><a href="https://www.amazon.com/dp/B002ACCC52?tag=eloabder-20&linkCode=osi&th=1&psc=1"><img src="https://m.media-amazon.com/images/I/415B3nyWlOS._SL500_.jpg" alt="Product Image"></a><p>Delta Children Eclipse Changing Table with Changing Pad, Black Cherry</p><p> -24% 0FF </p><p>$106.98</p><a href="https://www.amazon.com/dp/B002ACCC52?tag=eloabder-20&linkCode=osi&th=1&psc=1">View Product</a></div>
<div class="product"><a href="https://www.amazon.com/dp/B01AZ20SSQ?tag=eloabder-20&linkCode=osi&th=1&psc=1"><img src="https://m.media-amazon.com/images/I/51gIZq6E8lL._SL500_.jpg" alt="Product Image"></a><p>Baby Trend Sit N' Stand Double Stroller, Onyx</p><p> -30% 0FF </p><p>$139.99</p><a href="https://www.amazon.com/dp/B01AZ20SSQ?tag=eloabder-20&linkCode=osi&th=1&psc=1">View Product</a></div><div class="product"><a href="https://www.amazon.com/dp/B07B7QC8DV?tag=eloabder-20&linkCode=osi&th=1&psc=1"><img src="https://m.media-amazon.com/images/I/41bHbNU6jhL._SL500_.jpg" alt="Product Image"></a><p>Jeep Destination Ultralight Side x Side Double Stroller, Midnight</p><p> -15% 0FF </p><p>$254.00</p><a href="https://www.amazon.com/dp/B07B7QC8DV?tag=eloabder-20&linkCode=osi&th=1&psc=1">View Product</a></div><div class="product"><a href="https://www.amazon.com/dp/B00GJIXW2K?tag=eloabder-20&linkCode=osi&th=1&psc=1"><img src="https://m.media-amazon.com/images/I/518kAj+pzjL._SL500_.jpg" alt="Product Image"></a><p>Delta Children LX Side by Side Stroller - with Recline, Storage & Compact Fold, Grey</p><p> -33% 0FF </p><p>$74.00</p><a href="https://www.amazon.com/dp/B00GJIXW2K?tag=eloabder-20&linkCode=osi&th=1&psc=1">View Product</a></div><div class="product"><a href="https://www.amazon.com/dp/B01L7C479Y?tag=eloabder-20&linkCode=osi&th=1&psc=1"><img src="https://m.media-amazon.com/images/I/51QBKRK7LwL._SL500_.jpg" alt="Product Image"></a><p>Jeep Scout Double Stroller, Charcoal Galaxy</p><p> -8% 0FF </p><p>$109.99</p><a href="https://www.amazon.com/dp/B01L7C479Y?tag=eloabder-20&linkCode=osi&th=1&psc=1">View Product</a></div><div class="product"><a href="https://www.amazon.com/dp/B07BVMSHTZ?tag=eloabder-20&linkCode=osi&th=1&psc=1"><img src="https://m.media-amazon.com/images/I/41arpDdiGJL._SL500_.jpg" alt="Product Image"></a><p>Baby Trend Expedition Double Jogger Stroller, Griffin</p><p> -12% 0FF </p><p>$219.99</p><a href="https://www.amazon.com/dp/B07BVMSHTZ?tag=eloabder-20&linkCode=osi&th=1&psc=1">View Product</a></div><div class="product"><a href="https://www.amazon.com/dp/B095JMDHG1?tag=eloabder-20&linkCode=osi&th=1&psc=1"><img src="https://m.media-amazon.com/images/I/41RzxXFC3zL._SL500_.jpg" alt="Product Image"></a><p>Summer Infant 3Dlite Folding Lightweight Side by Side Double Stroller with 5-Point Safety Harness for Infants and Toddlers, Black</p><p> -10% 0FF </p><p>$143.99</p><a href="https://www.amazon.com/dp/B095JMDHG1?tag=eloabder-20&linkCode=osi&th=1&psc=1">View Product</a></div>
<div class="product"><a href="https://www.amazon.com/dp/B08SQ88X9F?tag=eloabder-20&linkCode=osi&th=1&psc=1"><img src="https://m.media-amazon.com/images/I/614bujHCtPL._SL500_.jpg" alt="Product Image"></a><p>One Fire Night Light for Kids, 96 Lighting Modes Star Projector 360° Rotating+6 Films Kids Night Light Projector,Rechargeable Baby Night Light Ceiling Projector for Bedroom,Kids Gifts&Kids Room Decor</p><p> -29% 0FF </p><p>$14.98</p><a href="https://www.amazon.com/dp/B08SQ88X9F?tag=eloabder-20&linkCode=osi&th=1&psc=1">View Product</a></div><div class="product"><a href="https://www.amazon.com/dp/B07NZN2ZYN?tag=eloabder-20&linkCode=osi&th=1&psc=1"><img src="https://m.media-amazon.com/images/I/51PBHAO+ngL._SL500_.jpg" alt="Product Image"></a><p>Night Light for Kids,Unicorn Night Light Star Projector Gifts for Kids Toddlers,Night Lights Projector for Baby,Unicorn Lamp Ceiling Lights for Girls Bedroom,Night Light for Kids Bedroom(Light Pink)</p><p> -25% 0FF </p><p>$14.99</p><a href="https://www.amazon.com/dp/B07NZN2ZYN?tag=eloabder-20&linkCode=osi&th=1&psc=1">View Product</a></div><div class="product"><a href="https://www.amazon.com/dp/B01LQX0BXA?tag=eloabder-20&linkCode=osi&th=1&psc=1"><img src="https://m.media-amazon.com/images/I/41BcHezl7XL._SL500_.jpg" alt="Product Image"></a><p>Emotionlite Plug in Night Light, Warm White LED Nightlights, Dusk to Dawn Sensor, Kids, Nursery, Bedroom, Bathroom,Hallway, Stairs, Kitchen, UL Listed, 4 Pack</p><p> -17% 0FF </p><p>$9.99 ($2.50 / Count)</p><a href="https://www.amazon.com/dp/B01LQX0BXA?tag=eloabder-20&linkCode=osi&th=1&psc=1">View Product</a></div><div class="product"><a href="https://www.amazon.com/dp/B07H71NHYM?tag=eloabder-20&linkCode=osi&th=1&psc=1"><img src="https://m.media-amazon.com/images/I/412t0Nzaz2L._SL500_.jpg" alt="Product Image"></a><p>2 Pack Sensor LED Night Lights, Color Changing Plug-in Led Mushroom Dream Bed Lamp for Kids Children Adults, Dusk to Dawn Sensor Auto On/Off, Funny Wall Decor Gifts for Nursery Baby Bed Flower Lamp</p><p> -20% 0FF </p><p>$7.99 ($4.00 / Count)</p><a href="https://www.amazon.com/dp/B07H71NHYM?tag=eloabder-20&linkCode=osi&th=1&psc=1">View Product</a></div>
<div class="product"><a href="https://www.amazon.com/dp/B07N1JP56L?tag=eloabder-20&linkCode=osi&th=1&psc=1"><img src="https://m.media-amazon.com/images/I/31R-qSPlk8L._SL500_.jpg" alt="Product Image"></a><p>Fisher-Price Baby Toy Soothe 'n Snuggle Otter Portable Plush Sound Machine with Music Lights & Breathing Motion for Newborns 0+ Months</p><p> -14% 0FF </p><p>$36.99</p><a href="https://www.amazon.com/dp/B07N1JP56L?tag=eloabder-20&linkCode=osi&th=1&psc=1">View Product</a></div><div class="product"><a href="https://www.amazon.com/dp/B006YBHE6M?tag=eloabder-20&linkCode=osi&th=1&psc=1"><img src="https://m.media-amazon.com/images/I/51xjlvsIJlL._SL500_.jpg" alt="Product Image"></a><p>Baby Einstein Sea Dreams Soother, Crib Mount</p><p> -15% 0FF </p><p>$53.99</p><a href="https://www.amazon.com/dp/B006YBHE6M?tag=eloabder-20&linkCode=osi&th=1&psc=1">View Product</a></div><div class="product"><a href="https://www.amazon.com/dp/B075LRC7Z4?tag=eloabder-20&linkCode=osi&th=1&psc=1"><img src="https://m.media-amazon.com/images/I/51n2YwyhfIL._SL500_.jpg" alt="Product Image"></a><p>Soft Dreams Elephant Music and Glow Soother, Grey/Mint</p><p> -17% 0FF </p><p>$19.99</p><a href="https://www.amazon.com/dp/B075LRC7Z4?tag=eloabder-20&linkCode=osi&th=1&psc=1">View Product</a></div><div class="product"><a href="https://www.amazon.com/dp/B0C98SMC3J?tag=eloabder-20&linkCode=osi&th=1&psc=1"><img src="https://m.media-amazon.com/images/I/41FqmVxcrYL._SL500_.jpg" alt="Product Image"></a><p>Baby Sleep Soother Pillow Pets Dream Lites Dinosaur Projector Plush Toys for Boys Girls Baby Sound Machine Stuffed Animal Machine Pillow Ceiling Toys for Toddler</p><p> -17% 0FF </p><p>$19.99</p><a href="https://www.amazon.com/dp/B0C98SMC3J?tag=eloabder-20&linkCode=osi&th=1&psc=1">View Product</a></div>
<div class="product"><a href="https://www.amazon.com/dp/B01HP0JU2G?tag=eloabder-20&linkCode=osi&th=1&psc=1"><img src="https://m.media-amazon.com/images/I/51VRUtudnyL._SL500_.jpg" alt="Product Image"></a><p>Braun ThermoScan 5 Ear Thermometer</p><p> -11% 0FF </p><p>$31.00</p><a href="https://www.amazon.com/dp/B01HP0JU2G?tag=eloabder-20&linkCode=osi&th=1&psc=1">View Product</a></div><div class="product"><a href="https://www.amazon.com/dp/B07YYMBVVC?tag=eloabder-20&linkCode=osi&th=1&psc=1"><img src="https://m.media-amazon.com/images/I/41eqvQ9sQ-L._SL500_.jpg" alt="Product Image"></a><p>Alcedo Forehead and Ear Thermometer for Adults, Kids, and Baby | Digital Infrared Thermometer for Fever | Touchless, Instant Read, Medical Grade | Pouch and Batteries Included</p><p> -17% 0FF </p><p>$24.95</p><a href="https://www.amazon.com/dp/B07YYMBVVC?tag=eloabder-20&linkCode=osi&th=1&psc=1">View Product</a></div>
<div class="product"><a href="https://www.amazon.com/dp/B077QBJNVM?tag=eloabder-20&linkCode=osi&th=1&psc=1"><img src="https://m.media-amazon.com/images/I/41Rrkn2-CKL._SL500_.jpg" alt="Product Image"></a><p>Baby Nail Trimmer 21 in 1, with Labeled case, Includes 13 Extra Replacement Tools, Royal Angels Baby Electric Nail Kit, Baby Nail Care, Nail File Newborn Toddler Toes & Fingernails Clipper (Blue)</p><p> -49% 0FF </p><p>$15.19</p><a href="https://www.amazon.com/dp/B077QBJNVM?tag=eloabder-20&linkCode=osi&th=1&psc=1">View Product</a></div><div class="product"><a href="https://www.amazon.com/dp/B0CL4G33BX?tag=eloabder-20&linkCode=osi&th=1&psc=1"><img src="https://m.media-amazon.com/images/I/41ciCj+3ozL._SL500_.jpg" alt="Product Image"></a><p>Momcozy Baby Nail File Electric, Gentle Baby Nail Trimmer Electric Rechargeable, Baby Nail Clipper Electric, 7 Grinding Head Replacement Pads</p><p> -17% 0FF </p><p>$24.99</p><a href="https://www.amazon.com/dp/B0CL4G33BX?tag=eloabder-20&linkCode=osi&th=1&psc=1">View Product</a></div><div class="product"><a href="https://www.amazon.com/dp/B07B2C8DJD?tag=eloabder-20&linkCode=osi&th=1&psc=1"><img src="https://m.media-amazon.com/images/I/41fgXtsyDWL._SL500_.jpg" alt="Product Image"></a><p>Baby Nail Trimmer Electric Nail File Baby Nail Clippers, Safe Nail Filer Grinder Kit for Newborn Infant Toddler Kids or Adults Toes Fingernails Care Trim Polish, with Led Light and 10 Grinding Heads</p><p> -8% 0FF </p><p>$14.99</p><a href="https://www.amazon.com/dp/B07B2C8DJD?tag=eloabder-20&linkCode=osi&th=1&psc=1">View Product</a></div><div class="product"><a href="https://www.amazon.com/dp/B0D6R6ZPPF?tag=eloabder-20&linkCode=osi&th=1&psc=1"><img src="https://m.media-amazon.com/images/I/41f5Kh-OjGL._SL500_.jpg" alt="Product Image"></a><p>Electric Baby Nail Clippers - 3 in 1 Fingernail Trimmer, Polisher & Clip Storage with Led, USB Rechargeable & 2 Speeds for Baby, Kids, Adult, Seniors, Caregivers</p><p> -15% 0FF </p><p>$23.58</p><a href="https://www.amazon.com/dp/B0D6R6ZPPF?tag=eloabder-20&linkCode=osi&th=1&psc=1">View Product</a></div>
<div class="product"><a href="https://www.amazon.com/dp/B07WY1PGQC?tag=eloabder-20&linkCode=osi&th=1&psc=1"><img src="https://m.media-amazon.com/images/I/414iv2EhSgL._SL500_.jpg" alt="Product Image"></a><p>Dr. Brown's Natural Flow Anti-Colic Options+ Narrow Glass Baby Bottle 8 oz/250 mL, with Level 1 Slow Flow Nipple, 2 Pack, 0m+</p><p> -6% 0FF </p><p>$15.98</p><a href="https://www.amazon.com/dp/B07WY1PGQC?tag=eloabder-20&linkCode=osi&th=1&psc=1">View Product</a></div><div class="product"><a href="https://www.amazon.com/dp/B000WPVCQE?tag=eloabder-20&linkCode=osi&th=1&psc=1"><img src="https://m.media-amazon.com/images/I/41sXQF4JFtL._SL500_.jpg" alt="Product Image"></a><p>Medela Slow Flow Feeding & Storage Bottles, 3 Pack of 5 Ounce Bottle with Nipple, Lids, Wide Base Collars, and Travel Caps, Made Without BPA</p><p> -37% 0FF </p><p>$14.98</p><a href="https://www.amazon.com/dp/B000WPVCQE?tag=eloabder-20&linkCode=osi&th=1&psc=1">View Product</a></div><div class="product"><a href="https://www.amazon.com/dp/B08XNYS46K?tag=eloabder-20&linkCode=osi&th=1&psc=1"><img src="https://m.media-amazon.com/images/I/31bCTm8z+KL._SL500_.jpg" alt="Product Image"></a><p>Sassy 2pk Baby Food Nursers- 3 Nipples, Multi</p><p> -15% 0FF </p><p>$11.04</p><a href="https://www.amazon.com/dp/B08XNYS46K?tag=eloabder-20&linkCode=osi&th=1&psc=1">View Product</a></div>
<div class="product"><a href="https://www.amazon.com/dp/B004RIBVTK?tag=eloabder-20&linkCode=osi&th=1&psc=1"><img src="https://m.media-amazon.com/images/I/41qLfV5gyYL._SL500_.jpg" alt="Product Image"></a><p>First Aid Only 12-110 Alcohol Wipes, Individually Wrapped, 100 Per Box</p><p> -9% 0FF </p><p>$5.29 ($0.05 / Count)</p><a href="https://www.amazon.com/dp/B004RIBVTK?tag=eloabder-20&linkCode=osi&th=1&psc=1">View Product</a></div><div class="product"><a href="https://www.amazon.com/dp/B09YN8K3TH?tag=eloabder-20&linkCode=osi&th=1&psc=1"><img src="https://m.media-amazon.com/images/I/51uaWltWJiL._SL500_.jpg" alt="Product Image"></a><p>Baby Healthcare and Grooming Kit, Portable Baby Safety Care Set, Baby Essentials kit for Newborn (Blue 26 in 1)</p><p> -6% 0FF </p><p>$16.99</p><a href="https://www.amazon.com/dp/B09YN8K3TH?tag=eloabder-20&linkCode=osi&th=1&psc=1">View Product</a></div><div class="product"><a href="https://www.amazon.com/dp/B09FFT9BL2?tag=eloabder-20&linkCode=osi&th=1&psc=1"><img src="https://m.media-amazon.com/images/I/51mTQI4FDBL._SL500_.jpg" alt="Product Image"></a><p>Smart Care Fisher-Price 6-Piece Baby Healthcare Kit, Newborn Essentials, Baby Gift Set, Includes Medicine Dispensers, Aspirator, Baby Nail Clippers, Baby Thermometer</p><p> -23% 0FF </p><p>$10.73</p><a href="https://www.amazon.com/dp/B09FFT9BL2?tag=eloabder-20&linkCode=osi&th=1&psc=1">View Product</a></div>

<div class="product"><a href="https://www.amazon.com/dp/B07GTMWP8R?tag=eloabder-20&linkCode=osi&th=1&psc=1"><img src="https://m.media-amazon.com/images/I/412oB-MFGOL._SL500_.jpg" alt="Product Image"></a><p>Matyz Versatile Baby Food Maker Set - Toddler Food Mills with Mash Bowl, Hand Masher, Citrus Juicer, Grater - Making Homemade Baby Food - Fruits and Vegetables Masher - No BPA (Yellow)</p><p> -36% 0FF </p><p>$15.99</p><a href="https://www.amazon.com/dp/B07GTMWP8R?tag=eloabder-20&linkCode=osi&th=1&psc=1">View Product</a></div><div class="product"><a href="https://www.amazon.com/dp/B00FWSQ55E?tag=eloabder-20&linkCode=osi&th=1&psc=1"><img src="https://m.media-amazon.com/images/I/316TAIMF4qL._SL500_.jpg" alt="Product Image"></a><p>NUK Fresh Foods Masher & Bowl, colour pistachio</p><p> -10% 0FF </p><p>$17.99</p><a href="https://www.amazon.com/dp/B00FWSQ55E?tag=eloabder-20&linkCode=osi&th=1&psc=1">View Product</a></div>
<div class="product"><a href="https://www.amazon.com/dp/B07MYW28QR?tag=eloabder-20&linkCode=osi&th=1&psc=1"><img src="https://m.media-amazon.com/images/I/315j5b08H9L._SL500_.jpg" alt="Product Image"></a><p>Baby Brezza New and Improved Formula Pro Advanced Formula Dispenser Machine - Automatically Mix a Warm Formula Bottle Instantly - Easily Make Bottle with Automatic Powder Blending, White</p><p> -20% 0FF </p><p>$184.99</p><a href="https://www.amazon.com/dp/B07MYW28QR?tag=eloabder-20&linkCode=osi&th=1&psc=1">View Product</a></div>
<div class="product"><a href="https://www.amazon.com/dp/B0B2KVK1QS?tag=eloabder-20&linkCode=osi&th=1&psc=1"><img src="https://m.media-amazon.com/images/I/31JCp0AmlBL._SL500_.jpg" alt="Product Image"></a><p>Dr. Brown's Baby Formula Mixing Pitcher with Adjustable Stopper, Locking Lid, & No Drip Spout, 32oz, BPA Free, Teal</p><p> -9% 0FF </p><p>$9.97</p><a href="https://www.amazon.com/dp/B0B2KVK1QS?tag=eloabder-20&linkCode=osi&th=1&psc=1">View Product</a></div><div class="product"><a href="https://www.amazon.com/dp/B0CM5J4JWT?tag=eloabder-20&linkCode=osi&th=1&psc=1"><img src="https://m.media-amazon.com/images/I/31VSt6TaXAL._SL500_.jpg" alt="Product Image"></a><p>Electric Baby Formula Mixing Pitcher, NehNeh Baby Bi-directional Alternating Stirring Mixer | No Air Bubble | No Clumps | No Drip Spout | Locking Lid | Fridge Storage 36oz, BPA Free -Green</p><p> -27% 0FF </p><p>$21.99</p><a href="https://www.amazon.com/dp/B0CM5J4JWT?tag=eloabder-20&linkCode=osi&th=1&psc=1">View Product</a></div><div class="product"><a href="https://www.amazon.com/dp/B0D1C9D91Q?tag=eloabder-20&linkCode=osi&th=1&psc=1"><img src="https://m.media-amazon.com/images/I/41MGIga8RYL._SL500_.jpg" alt="Product Image"></a><p>Electric Bottle Brush Cleaner Baby, Silicone Electric Baby Bottle Brush Set with Nipple Brush/Baby Formula Mixer USB Rechargeable & 2 Mode 360° Spinning Cleaner. Essential Feeding Supplies for Moms</p><p> -24% 0FF </p><p>$21.99</p><a href="https://www.amazon.com/dp/B0D1C9D91Q?tag=eloabder-20&linkCode=osi&th=1&psc=1">View Product</a></div>
<div class="product"><a href="https://www.amazon.com/dp/B0823FX2SL?tag=eloabder-20&linkCode=osi&th=1&psc=1"><img src="https://m.media-amazon.com/images/I/41i+ptDBdcL._SL500_.jpg" alt="Product Image"></a><p>Frida Baby Grooming Kit | Baby Essentials Gift Set Includes Finger Brush with Storage Stand, Hair Brush with Case, Styling Hair Comb, Easy Grip Nail Scissors with Nail File and Case</p><p> -39% 0FF </p><p>$15.26</p><a href="https://www.amazon.com/dp/B0823FX2SL?tag=eloabder-20&linkCode=osi&th=1&psc=1">View Product</a></div><div class="product"><a href="https://www.amazon.com/dp/B08PFCJWLF?tag=eloabder-20&linkCode=osi&th=1&psc=1"><img src="https://m.media-amazon.com/images/I/41ugdN8QcEL._SL500_.jpg" alt="Product Image"></a><p>OTTOLIVES Baby Healthcare and Grooming Kit, 24 in 1 Baby Electric Nail Trimmer Set Newborn Nursery Health Care Set for Newborn Infant Toddlers Baby Boys Girls Kids Haircut Tools (0-3 Years+) (Pink)</p><p> -17% 0FF </p><p>$24.99</p><a href="https://www.amazon.com/dp/B08PFCJWLF?tag=eloabder-20&linkCode=osi&th=1&psc=1">View Product</a></div>
<div class="product"><a href="https://www.amazon.com/dp/B074W7SKZ2?tag=eloabder-20&linkCode=osi&th=1&psc=1"><img src="https://m.media-amazon.com/images/I/31KOO0YFRdL._SL500_.jpg" alt="Product Image"></a><p>Mibote Baby Growth Height Chart Handing Ruler Wall Decor for Kids, Canvas Removable Height Growth Chart 79" x 7.9" (Black & White)</p><p> -18% 0FF </p><p>$7.99</p><a href="https://www.amazon.com/dp/B074W7SKZ2?tag=eloabder-20&linkCode=osi&th=1&psc=1">View Product</a></div><div class="product"><a href="https://www.amazon.com/dp/B073V6JFZ1?tag=eloabder-20&linkCode=osi&th=1&psc=1"><img src="https://m.media-amazon.com/images/I/31Fr48bMYdL._SL500_.jpg" alt="Product Image"></a><p>Kate and Laurel Growth Chart 6.5' Wood Wall Ruler, Rustic Brown</p><p> -12% 0FF </p><p>$52.99</p><a href="https://www.amazon.com/dp/B073V6JFZ1?tag=eloabder-20&linkCode=osi&th=1&psc=1">View Product</a></div><div class="product"><a href="https://www.amazon.com/dp/B08PTVQ1W5?tag=eloabder-20&linkCode=osi&th=1&psc=1"><img src="https://m.media-amazon.com/images/I/31m1GJZxGtS._SL500_.jpg" alt="Product Image"></a><p>PandaEar Baby Height Growth Chart Ruler| Kids Boys Girls | Removable Wall Decor Measurement 79" x 7.9" (White)</p><p> -16% 0FF </p><p>$7.59</p><a href="https://www.amazon.com/dp/B08PTVQ1W5?tag=eloabder-20&linkCode=osi&th=1&psc=1">View Product</a></div><div class="product"><a href="https://www.amazon.com/dp/B08TVT93RY?tag=eloabder-20&linkCode=osi&th=1&psc=1"><img src="https://m.media-amazon.com/images/I/41kME5mTgKL._SL500_.jpg" alt="Product Image"></a><p>SUJAYU Growth Chart for Kids, Canvas Height Chart Ruler Removable Wood Hanging Wall Ruler Measurement Chart for Home Decoration (White)</p><p> -13% 0FF </p><p>$6.99</p><a href="https://www.amazon.com/dp/B08TVT93RY?tag=eloabder-20&linkCode=osi&th=1&psc=1">View Product</a></div><div class="product"><a href="https://www.amazon.com/dp/B0D2N5HN9K?tag=eloabder-20&linkCode=osi&th=1&psc=1"><img src="https://m.media-amazon.com/images/I/41rYpem0a5L._SL500_.jpg" alt="Product Image"></a><p>Growth Chart for Wall Wooden Height Chart for Kids Unicorn Castle Height Measurement for Wall Kids Height Wall Chart Kids Room Nursery Wall Decor</p><p> -19% 0FF </p><p>$21.99</p><a href="https://www.amazon.com/dp/B0D2N5HN9K?tag=eloabder-20&linkCode=osi&th=1&psc=1">View Product</a></div>
<div class="product"><a href="https://www.amazon.com/dp/B01N1PTHED?tag=eloabder-20&linkCode=osi&th=1&psc=1"><img src="https://m.media-amazon.com/images/I/31l11tL5deL._SL500_.jpg" alt="Product Image"></a><p>Natemia Baby Hair Brush - Soft Bristle Hair Brush Baby, Baby Registry Gift, Soft Baby Brush, Toddler Hair Brush for Boys & Girls, Newborn Baby Essentials, Newborn Hair Brush, Baby Wooden Brush</p><p> -28% 0FF </p><p>$12.94</p><a href="https://www.amazon.com/dp/B01N1PTHED?tag=eloabder-20&linkCode=osi&th=1&psc=1">View Product</a></div><div class="product"><a href="https://www.amazon.com/dp/B07V6VN1V8?tag=eloabder-20&linkCode=osi&th=1&psc=1"><img src="https://m.media-amazon.com/images/I/415TTdnE6ZL._SL500_.jpg" alt="Product Image"></a><p>Baby Hair Brush - Baby Brush with Soft Goat Bristles, Cradle Cap Brush, Perfect Scalp Grooming Product for Infant, Toddler, Kids, Newborns, Baby Girls, Boys (Walnut, Oval)</p><p> -32% 0FF </p><p>$12.96</p><a href="https://www.amazon.com/dp/B07V6VN1V8?tag=eloabder-20&linkCode=osi&th=1&psc=1">View Product</a></div><div class="product"><a href="https://www.amazon.com/dp/B07XPS253G?tag=eloabder-20&linkCode=osi&th=1&psc=1"><img src="https://m.media-amazon.com/images/I/41Yb4VpbnkS._SL500_.jpg" alt="Product Image"></a><p>Molylove Baby Hair Brush, Wooden Goat Bristles Hair Brush for Newborns & Toddlers, Ideal for Cradle Cap, Perfect Baby Registry Gift, Hypoallergenic, 1 Count</p><p> -33% 0FF </p><p>$5.99</p><a href="https://www.amazon.com/dp/B07XPS253G?tag=eloabder-20&linkCode=osi&th=1&psc=1">View Product</a></div><div class="product"><a href="https://www.amazon.com/dp/B0D68KKVN2?tag=eloabder-20&linkCode=osi&th=1&psc=1"><img src="https://m.media-amazon.com/images/I/41M35gnwy-L._SL500_.jpg" alt="Product Image"></a><p>ROMY RO Soft Wooden Baby Hair Brush for Newborns & Toddlers in Chic Gift Box - Ultra Soft Natural Goat Hair - Perfect Registry Gift (Goat hair brush - Oval)</p><p> -48% 0FF </p><p>$12.94</p><a href="https://www.amazon.com/dp/B0D68KKVN2?tag=eloabder-20&linkCode=osi&th=1&psc=1">View Product</a></div>
<div class="product"><a href="https://www.amazon.com/dp/B08BPD2RHF?tag=eloabder-20&linkCode=osi&th=1&psc=1"><img src="https://m.media-amazon.com/images/I/41lSftNLw1L._SL500_.jpg" alt="Product Image"></a><p>Yoocaa Car Headrest Pillow, Road Pal Headrest, Adjustable Car Seat Head Neck Support, U Shaped Car Sleeping Pillow for Kids & Adults, Only Suitable for Car Seat Headrest with Poles, Black</p><p> -9% 0FF </p><p>$29.99</p><a href="https://www.amazon.com/dp/B08BPD2RHF?tag=eloabder-20&linkCode=osi&th=1&psc=1">View Product</a></div><div class="product"><a href="https://www.amazon.com/dp/B07LF8G768?tag=eloabder-20&linkCode=osi&th=1&psc=1"><img src="https://m.media-amazon.com/images/I/21e1Tt6BFrL._SL500_.jpg" alt="Product Image"></a><p>Car Head Support Toddle Car Neck Relief Baby Child Car Seat Adjustable Head and Neck Support Band - A Comfortable Sleep Solution (Gray)</p><p> -13% 0FF </p><p>$12.99</p><a href="https://www.amazon.com/dp/B07LF8G768?tag=eloabder-20&linkCode=osi&th=1&psc=1">View Product</a></div><div class="product"><a href="https://www.amazon.com/dp/B09ZL3P26Z?tag=eloabder-20&linkCode=osi&th=1&psc=1"><img src="https://m.media-amazon.com/images/I/31zv-UP+MDL._SL500_.jpg" alt="Product Image"></a><p>Pro Goleem Car Seat Head Support Infant, Soft Infant Car Seat Insert, 2 in 1 Carseat Head Support for Newborn, Perfect for Car Seat, Stroller, Swing, Bouncer, Gray and Black</p><p> -21% 0FF </p><p>$18.99</p><a href="https://www.amazon.com/dp/B09ZL3P26Z?tag=eloabder-20&linkCode=osi&th=1&psc=1">View Product</a></div>
<div class="product"><a href="https://www.amazon.com/dp/B0CLM3ZNJ6?tag=eloabder-20&linkCode=osi&th=1&psc=1"><img src="https://m.media-amazon.com/images/I/4131cOAl1wL._SL500_.jpg" alt="Product Image"></a><p>Toddler Bath Towel Baby Bath Towels Hooded Kids Towels for Boy Girl 0-5 Year, 2-Pack Thick Absorbent Toddler Towels Hooded Baby Towels with Hood, Large 50''x32'' Baby Hooded Towel for Kids Bath Towel</p><p> -20% 0FF </p><p>$23.99</p><a href="https://www.amazon.com/dp/B0CLM3ZNJ6?tag=eloabder-20&linkCode=osi&th=1&psc=1">View Product</a></div>
<div class="product"><a href="https://www.amazon.com/dp/B094YGQNSV?tag=eloabder-20&linkCode=osi&th=1&psc=1"><img src="https://m.media-amazon.com/images/I/31BKhmVToOL._SL500_.jpg" alt="Product Image"></a><p>Westinghouse Ultrasonic Cool Mist Humidifier, 4.5L Top Filling Quiet Air Humidifier with Low Water Alarm, Adjustable Mist Humidifier for Bedrooms</p><p> -60% 0FF </p><p>$25.00</p><a href="https://www.amazon.com/dp/B094YGQNSV?tag=eloabder-20&linkCode=osi&th=1&psc=1">View Product</a></div><div class="product"><a href="https://www.amazon.com/dp/B000056HL5?tag=eloabder-20&linkCode=osi&th=1&psc=1"><img src="https://m.media-amazon.com/images/I/41ad8kyAgJL._SL500_.jpg" alt="Product Image"></a><p>Vicks Ultrasonic Humidifier Cool Mist Humidifier to Help Relieve Cold and Flu Symptoms</p><p> -27% 0FF </p><p>$44.00</p><a href="https://www.amazon.com/dp/B000056HL5?tag=eloabder-20&linkCode=osi&th=1&psc=1">View Product</a></div><div class="product"><a href="https://www.amazon.com/dp/B000GWJD0A?tag=eloabder-20&linkCode=osi&th=1&psc=1"><img src="https://m.media-amazon.com/images/I/3124anf96JL._SL500_.jpg" alt="Product Image"></a><p>Crane Adorables Ultrasonic Humidifiers for Bedroom and Baby Nursery, 1 Gallon Cool Mist Air Humidifier for Large Room or Kid's Room, Humidifier Filters Optional, Penguin</p><p> -28% 0FF </p><p>$43.20</p><a href="https://www.amazon.com/dp/B000GWJD0A?tag=eloabder-20&linkCode=osi&th=1&psc=1">View Product</a></div><div class="product"><a href="https://www.amazon.com/dp/B06XP1GMDY?tag=eloabder-20&linkCode=osi&th=1&psc=1"><img src="https://m.media-amazon.com/images/I/31g-+ypTSrL._SL500_.jpg" alt="Product Image"></a><p>Babymoov Hygro Plus Cool Mist Humidifier 3-in-1 Humidity Control, Multicolored Night Light & Essential Oil Diffuser Easy Use and Care-Blue(NO Filter Needed)</p><p> -22% 0FF </p><p>$69.99</p><a href="https://www.amazon.com/dp/B06XP1GMDY?tag=eloabder-20&linkCode=osi&th=1&psc=1">View Product</a></div><div class="product"><a href="https://www.amazon.com/dp/B009COIFAC?tag=eloabder-20&linkCode=osi&th=1&psc=1"><img src="https://m.media-amazon.com/images/I/415IUpVHxDL._SL500_.jpg" alt="Product Image"></a><p>Guardian Technologies Pure Guardian H920BL Ultrasonic Cool Mist Humidifier, 10 Hrs. Run Time, 210 Sq. Ft. Coverage, Small Rooms, Quiet, Filter Free, Treated Tank Resists</p><p> -50% 0FF </p><p>$19.99</p><a href="https://www.amazon.com/dp/B009COIFAC?tag=eloabder-20&linkCode=osi&th=1&psc=1">View Product</a></div>
<div class="product"><a href="https://www.amazon.com/dp/B08847QPWV?tag=eloabder-20&linkCode=osi&th=1&psc=1"><img src="https://m.media-amazon.com/images/I/41I9zGsqR2L._SL500_.jpg" alt="Product Image"></a><p>Graco SnugFit 35 Infant Car Seat with Simply Safe Adjust Harness System | Baby Car Seat with Anti Rebound Bar, Gotham</p><p> -30% 0FF </p><p>$118.99</p><a href="https://www.amazon.com/dp/B08847QPWV?tag=eloabder-20&linkCode=osi&th=1&psc=1">View Product</a></div>
<div class="product"><a href="https://www.amazon.com/dp/B09DLGM21Q?tag=eloabder-20&linkCode=osi&th=1&psc=1"><img src="https://m.media-amazon.com/images/I/4161UIlOUcL._SL500_.jpg" alt="Product Image"></a><p>Fisher-Price Portable Baby Chair Sit-Me-Up Floor Seat with Developmental Toys & Machine Washable Seat Pad, Rainbow Sprinkles</p><p> -6% 0FF </p><p>$40.49</p><a href="https://www.amazon.com/dp/B09DLGM21Q?tag=eloabder-20&linkCode=osi&th=1&psc=1">View Product</a></div><div class="product"><a href="https://www.amazon.com/dp/B0C2V717QN?tag=eloabder-20&linkCode=osi&th=1&psc=1"><img src="https://m.media-amazon.com/images/I/413QFmg9NwL._SL500_.jpg" alt="Product Image"></a><p>EKEPE Inflatable Baby Seat for Babies 3 Months & Up, Baby Floor Seats for Sitting Up, Baby Seats for Infants, Blow Up Baby Chair with Built in Air Pump - Bear</p><p> -20% 0FF </p><p>$21.59</p><a href="https://www.amazon.com/dp/B0C2V717QN?tag=eloabder-20&linkCode=osi&th=1&psc=1">View Product</a></div>

<div class="product"><a href="https://www.amazon.com/dp/B01M6YVW7B?tag=eloabder-20&linkCode=osi&th=1&psc=1"><img src="https://m.media-amazon.com/images/I/41HXEU0eLLL._SL500_.jpg" alt="Product Image"></a><p>Angelcare Baby Bath Support (Gray) | Ideal for Babies Less Than 6 Months Old</p><p> -33% 0FF </p><p>$19.99</p><a href="https://www.amazon.com/dp/B01M6YVW7B?tag=eloabder-20&linkCode=osi&th=1&psc=1">View Product</a></div><div class="product"><a href="https://www.amazon.com/dp/B0D9JLFDWL?tag=eloabder-20&linkCode=osi&th=1&psc=1"><img src="https://m.media-amazon.com/images/I/41t4fYIsNiL._SL500_.jpg" alt="Product Image"></a><p>GloTika Foldable Baby Bathtub Support, Ergonomic Mesh Infant Bathtub, Portable Baby Bath Tub for Newborn Babies 0-6 Months, Grey</p><p> -31% 0FF </p><p>$19.99</p><a href="https://www.amazon.com/dp/B0D9JLFDWL?tag=eloabder-20&linkCode=osi&th=1&psc=1">View Product</a></div><div class="product"><a href="https://www.amazon.com/dp/B000XW65SG?tag=eloabder-20&linkCode=osi&th=1&psc=1"><img src="https://m.media-amazon.com/images/I/41Nyw2TWaWL._SL500_.jpg" alt="Product Image"></a><p>The First Years Newborn to Toddler Baby Bath Tub - Convertible 3-in-1 Baby Tub with Removable Sling - Ages 0 to 24 Months - Sure Comfort - Pink</p><p> -37% 0FF </p><p>$22.00</p><a href="https://www.amazon.com/dp/B000XW65SG?tag=eloabder-20&linkCode=osi&th=1&psc=1">View Product</a></div><div class="product"><a href="https://www.amazon.com/dp/B0CGD46P4F?tag=eloabder-20&linkCode=osi&th=1&psc=1"><img src="https://m.media-amazon.com/images/I/41lNJLni9PL._SL500_.jpg" alt="Product Image"></a><p>AVIDOR Baby Bathtub,Collapsible Bathtub for Newborn to Toddler,Durable Essential Infant Bath Tub,Portable Travel Baby Bathtub with Soft Cushion,No-Slip Hanging and Detachable Bathtub,Green</p><p> -18% 0FF </p><p>$32.99</p><a href="https://www.amazon.com/dp/B0CGD46P4F?tag=eloabder-20&linkCode=osi&th=1&psc=1">View Product</a></div>
<div class="product"><a href="https://www.amazon.com/dp/B0CKWN7R3N?tag=eloabder-20&linkCode=osi&th=1&psc=1"><img src="https://m.media-amazon.com/images/I/31Z12rMqZ6L._SL500_.jpg" alt="Product Image"></a><p>Itzy Ritzy Insulated Bottle Bag – Keeps Bottles Warm or Cool - Holds 3 Bottles & Features Interior Pocket for Ice Pack (Not Included), Milk & Honey</p><p> -29% 0FF </p><p>$24.99</p><a href="https://www.amazon.com/dp/B0CKWN7R3N?tag=eloabder-20&linkCode=osi&th=1&psc=1">View Product</a></div>
<div class="product"><a href="https://www.amazon.com/dp/B002GKC4AG?tag=eloabder-20&linkCode=osi&th=1&psc=1"><img src="https://m.media-amazon.com/images/I/4195Qc9-38L._SL500_.jpg" alt="Product Image"></a><p>My Brest Friend Professional Nursing Pillow | Ergonomic Breastfeeding Pillows | Ideal for Lactation Consultants, NICUs & More | Breastfeeding Essentials | Handy Side Pocket & Easily Wipes Clean, Blue</p><p> -6% 0FF </p><p>$51.50</p><a href="https://www.amazon.com/dp/B002GKC4AG?tag=eloabder-20&linkCode=osi&th=1&psc=1">View Product</a></div><div class="product"><a href="https://www.amazon.com/dp/B0BT6TTHK6?tag=eloabder-20&linkCode=osi&th=1&psc=1"><img src="https://m.media-amazon.com/images/I/51GP+4wNoZL._SL500_.jpg" alt="Product Image"></a><p>Boppy Nursing Pillow Best Latch, Mocha Half Domes, Created with Lactation Consultant, Firm Contoured and Plush Sides for Two Breastfeeding Options, Padded Belt, Plus Sized to Petite, Machine Washable</p><p> -20% 0FF </p><p>$40.00</p><a href="https://www.amazon.com/dp/B0BT6TTHK6?tag=eloabder-20&linkCode=osi&th=1&psc=1">View Product</a></div>
<div class="product"><a href="https://www.amazon.com/dp/B01GGLV4V0?tag=eloabder-20&linkCode=osi&th=1&psc=1"><img src="https://m.media-amazon.com/images/I/41KKABFTw+L._SL500_.jpg" alt="Product Image"></a><p>Zote Pink Soap Pack of 3 Total 7 oz</p><p> -10% 0FF </p><p>$6.30</p><a href="https://www.amazon.com/dp/B01GGLV4V0?tag=eloabder-20&linkCode=osi&th=1&psc=1">View Product</a></div><div class="product"><a href="https://www.amazon.com/dp/B08MPWSBRR?tag=eloabder-20&linkCode=osi&th=1&psc=1"><img src="https://m.media-amazon.com/images/I/31gvg0Il4bL._SL500_.jpg" alt="Product Image"></a><p>Grangers Down Wash/Detergent for Down Insulated Clothing, Sleeping Bags and Bedding (12 Washes), 10 oz</p><p> -6% 0FF </p><p>$13.45 ($1.34 / Fl Oz)</p><a href="https://www.amazon.com/dp/B08MPWSBRR?tag=eloabder-20&linkCode=osi&th=1&psc=1">View Product</a></div><div class="product"><a href="https://www.amazon.com/dp/B08Y9691J6?tag=eloabder-20&linkCode=osi&th=1&psc=1"><img src="https://m.media-amazon.com/images/I/31wqAyGiS-L._SL500_.jpg" alt="Product Image"></a><p>WHOLENATURALS Pure Castile Soap Liquid, EWG Verified & Certified Palm Oil Free Unscented, Natural, Mild & Gentle Non-gmo & Vegan - Organic Body Wash, Laundry, and Baby Soap - 64 Fl Oz</p><p> -17% 0FF </p><p>$28.89 ($0.45 / Fl Oz)</p><a href="https://www.amazon.com/dp/B08Y9691J6?tag=eloabder-20&linkCode=osi&th=1&psc=1">View Product</a></div>
<div class="product"><a href="https://www.amazon.com/dp/B01JK164JU?tag=eloabder-20&linkCode=osi&th=1&psc=1"><img src="https://m.media-amazon.com/images/I/31tGM0o-n7L._SL500_.jpg" alt="Product Image"></a><p>The Honest Company Hydrating Face + Body Lotion | Fast Absorbing, Naturally Derived, Hypoallergenic | Lavender Calm, 8.5 fl oz</p><p> -8% 0FF </p><p>$10.99 ($1.29 / Fl Oz)</p><a href="https://www.amazon.com/dp/B01JK164JU?tag=eloabder-20&linkCode=osi&th=1&psc=1">View Product</a></div><div class="product"><a href="https://www.amazon.com/dp/B0018CK3VK?tag=eloabder-20&linkCode=osi&th=1&psc=1"><img src="https://m.media-amazon.com/images/I/41+wBu0geAL._SL500_.jpg" alt="Product Image"></a><p>Avalon Organics Hand & Body Lotion, Aloe Unscented, 32 Oz</p><p> -12% 0FF </p><p>$17.19 ($0.54 / Ounce)</p><a href="https://www.amazon.com/dp/B0018CK3VK?tag=eloabder-20&linkCode=osi&th=1&psc=1">View Product</a></div><div class="product"><a href="https://www.amazon.com/dp/B0013DIZL4?tag=eloabder-20&linkCode=osi&th=1&psc=1"><img src="https://m.media-amazon.com/images/I/31bPmcqX7+L._SL500_.jpg" alt="Product Image"></a><p>Lubriderm Intense Dry Skin Repair Lotion + Pro-Ceramide with Vitamin E & Minerals Helps to Repair Rough, Dry Skin, Fast Absorbing Lotion is Fragrance-Free and Non-Greasy, 16 fl. oz</p><p> -24% 0FF </p><p>$9.34 ($0.58 / Fl Oz)</p><a href="https://www.amazon.com/dp/B0013DIZL4?tag=eloabder-20&linkCode=osi&th=1&psc=1">View Product</a></div>
<div class="product"><a href="https://www.amazon.com/dp/B0BPHJN972?tag=eloabder-20&linkCode=osi&th=1&psc=1"><img src="https://m.media-amazon.com/images/I/41np1V18sQL._SL500_.jpg" alt="Product Image"></a><p>Pro Goleem Loveys for Babies - Soft Security Blanket Baby Snuggle Toy Newborn Stuffed Animals Baby Gifts for Boys and Girls, Lion 16 Inch</p><p> -37% 0FF </p><p>$9.48</p><a href="https://www.amazon.com/dp/B0BPHJN972?tag=eloabder-20&linkCode=osi&th=1&psc=1">View Product</a></div><div class="product"><a href="https://www.amazon.com/dp/B01MRVHKP1?tag=eloabder-20&linkCode=osi&th=1&psc=1"><img src="https://m.media-amazon.com/images/I/5183CyG7XSL._SL500_.jpg" alt="Product Image"></a><p>Mary Meyer Putty Nursery Character Blanket, Hound Dog, 1 Pack</p><p> -9% 0FF </p><p>$19.96</p><a href="https://www.amazon.com/dp/B01MRVHKP1?tag=eloabder-20&linkCode=osi&th=1&psc=1">View Product</a></div><div class="product"><a href="https://www.amazon.com/dp/B00PKP4JUM?tag=eloabder-20&linkCode=osi&th=1&psc=1"><img src="https://m.media-amazon.com/images/I/41OzmBpx8bL._SL500_.jpg" alt="Product Image"></a><p>Mary Meyer Lovey Soft Toy, 13-Inches, Oatmeal Bunny</p><p> -14% 0FF </p><p>$17.96</p><a href="https://www.amazon.com/dp/B00PKP4JUM?tag=eloabder-20&linkCode=osi&th=1&psc=1">View Product</a></div><div class="product"><a href="https://www.amazon.com/dp/B08PP8S8KZ?tag=eloabder-20&linkCode=osi&th=1&psc=1"><img src="https://m.media-amazon.com/images/I/41kmsE51naL._SL500_.jpg" alt="Product Image"></a><p>Pro Goleem Dog Security Blanket Brown Soft Puppy Lovey for Boys and Girls Unisex Lovie Baby Gifts for Toddler and Infant Snuggle Toy Stuffed Animal 16 Inch</p><p> -25% 0FF </p><p>$14.99</p><a href="https://www.amazon.com/dp/B08PP8S8KZ?tag=eloabder-20&linkCode=osi&th=1&psc=1">View Product</a></div><div class="product"><a href="https://www.amazon.com/dp/B08SZD1XXG?tag=eloabder-20&linkCode=osi&th=1&psc=1"><img src="https://m.media-amazon.com/images/I/41M7mPD9ieL._SL500_.jpg" alt="Product Image"></a><p>Itzy Ritzy - Itzy Lovey Including Teether - Baby Lovey with Teether, Textured Ribbons & Dangle Arms - Features Crinkle Sound, Sherpa Fabric and Minky Plush (Sloth)</p><p> -31% 0FF </p><p>$8.90</p><a href="https://www.amazon.com/dp/B08SZD1XXG?tag=eloabder-20&linkCode=osi&th=1&psc=1">View Product</a></div>
<div class="product"><a href="https://www.amazon.com/dp/B0B5Z89FZW?tag=eloabder-20&linkCode=osi&th=1&psc=1"><img src="https://m.media-amazon.com/images/I/31HOhMzLqbL._SL500_.jpg" alt="Product Image"></a><p>Yoofoss Waterproof Crib Mattress Protector 2 Pack, Quilted Crib Mattress Pad Cover Ultra Soft and Breathable, Machine Washable Toddler Mattress Protector for Standard Baby Crib Size 52''x28''</p><p> -17% 0FF </p><p>$19.99</p><a href="https://www.amazon.com/dp/B0B5Z89FZW?tag=eloabder-20&linkCode=osi&th=1&psc=1">View Product</a></div><div class="product"><a href="https://www.amazon.com/dp/B0CFG4G839?tag=eloabder-20&linkCode=osi&th=1&psc=1"><img src="https://m.media-amazon.com/images/I/41tYoYajqyL._SL500_.jpg" alt="Product Image"></a><p>SafeRest Sleepure 100% Waterproof Crib Size Mattress Protector - Viscose Derived from Bamboo - Fitted with Stretchable Pockets - Machine Washable Cotton Mattress Cover for Bed</p><p> -40% 0FF </p><p>$20.99</p><a href="https://www.amazon.com/dp/B0CFG4G839?tag=eloabder-20&linkCode=osi&th=1&psc=1">View Product</a></div><div class="product"><a href="https://www.amazon.com/dp/B09B1NNPP9?tag=eloabder-20&linkCode=osi&th=1&psc=1"><img src="https://m.media-amazon.com/images/I/31P+e7ESa8L._SL500_.jpg" alt="Product Image"></a><p>Bassinet Mattress Pad Cover 2 Pack Quilted Bassinet Mattress Protector Waterproof Bassinet Sheets (32"x17") for Boys & Girls, Fit for Hourglass/Oval Bassinet Mattress, White</p><p> -15% 0FF </p><p>$14.23</p><a href="https://www.amazon.com/dp/B09B1NNPP9?tag=eloabder-20&linkCode=osi&th=1&psc=1">View Product</a></div>
<div class="product"><a href="https://www.amazon.com/dp/B07WW1CT4W?tag=eloabder-20&linkCode=osi&th=1&psc=1"><img src="https://m.media-amazon.com/images/I/51jnxJGkipL._SL500_.jpg" alt="Product Image"></a><p>Luka&Lily Month Milestone Blanket- 60"x40" for Baby Boys - First Year Calendar Monthly Growth Chart, Moon - Shower Gifts</p><p> -14% 0FF </p><p>$29.99</p><a href="https://www.amazon.com/dp/B07WW1CT4W?tag=eloabder-20&linkCode=osi&th=1&psc=1">View Product</a></div><div class="product"><a href="https://www.amazon.com/dp/B07BNBTGHD?tag=eloabder-20&linkCode=osi&th=1&psc=1"><img src="https://m.media-amazon.com/images/I/4143Q79bsYL._SL500_.jpg" alt="Product Image"></a><p>Organic Baby Monthly Milestone Blanket Boy or Girl - Months Blanket with Wood Frame and Newborn Announcement Disc - Growth Chart Milestone Blanket Neutral, 1-12 Month Milestones, 47”x47”</p><p> -21% 0FF </p><p>$25.99</p><a href="https://www.amazon.com/dp/B07BNBTGHD?tag=eloabder-20&linkCode=osi&th=1&psc=1">View Product</a></div><div class="product"><a href="https://www.amazon.com/dp/B07SW75W4Q?tag=eloabder-20&linkCode=osi&th=1&psc=1"><img src="https://m.media-amazon.com/images/I/41JMlZBEbQL._SL500_.jpg" alt="Product Image"></a><p>Kate & Milo Baby Monthly Milestone Blanket, Infant Milestone Markers, Newborn Photoshoot Photo Props, Baby Girl or Baby Boy Gift, Large Blanket</p><p> -19% 0FF </p><p>$12.21</p><a href="https://www.amazon.com/dp/B07SW75W4Q?tag=eloabder-20&linkCode=osi&th=1&psc=1">View Product</a></div><div class="product"><a href="https://www.amazon.com/dp/B0986S52N1?tag=eloabder-20&linkCode=osi&th=1&psc=1"><img src="https://m.media-amazon.com/images/I/51v8Yn1ycsL._SL500_.jpg" alt="Product Image"></a><p>Popfavors, Yuzioey Safari Baby Monthly Milestone Blanket, Jungle Animals Baby Month Blanket , Baby Boy Blanket Growth Chart Nursery Decor, Includes Marker, White, 50Inx40In</p><p> -5% 0FF </p><p>$18.99</p><a href="https://www.amazon.com/dp/B0986S52N1?tag=eloabder-20&linkCode=osi&th=1&psc=1">View Product</a></div><div class="product"><a href="https://www.amazon.com/dp/B0CX9W8SND?tag=eloabder-20&linkCode=osi&th=1&psc=1"><img src="https://m.media-amazon.com/images/I/41r8vCzGa2L._SL500_.jpg" alt="Product Image"></a><p>Pearhead Hello World Milestone Blanket and Prop, Baby Monthly Milestone Updates, Growth Blanket with Photo Posing Props, Ideal Mother's Day Gift, Perfect Newborn Gift and Nursery Decor</p><p> -6% 0FF </p><p>$18.79</p><a href="https://www.amazon.com/dp/B0CX9W8SND?tag=eloabder-20&linkCode=osi&th=1&psc=1">View Product</a></div><div class="product"><a href="https://www.amazon.com/dp/B07JKN43H6?tag=eloabder-20&linkCode=osi&th=1&psc=1"><img src="https://m.media-amazon.com/images/I/511MIyg00lL._SL500_.jpg" alt="Product Image"></a><p>Bliss n' Baby Monthly Milestone Blanket for Baby Girl - 60"x40" - Wrinkle Free Baby Age Month Blanket with Growth Chart - Washable & Dryable - w/Wreath & Headband - Floral Theme</p><p> -14% 0FF </p><p>$23.99</p><a href="https://www.amazon.com/dp/B07JKN43H6?tag=eloabder-20&linkCode=osi&th=1&psc=1">View Product</a></div>
<div class="product"><a href="https://www.amazon.com/dp/B001E1JKFU?tag=eloabder-20&linkCode=osi&th=1&psc=1"><img src="https://m.media-amazon.com/images/I/41JBWVeh+QL._SL500_.jpg" alt="Product Image"></a><p>Stansport Mosquito Netting Small (705)</p><p> -39% 0FF </p><p>$16.33</p><a href="https://www.amazon.com/dp/B001E1JKFU?tag=eloabder-20&linkCode=osi&th=1&psc=1">View Product</a></div><div class="product"><a href="https://www.amazon.com/dp/B0BV2RNTR7?tag=eloabder-20&linkCode=osi&th=1&psc=1"><img src="https://m.media-amazon.com/images/I/51-iyQhcHsL._SL500_.jpg" alt="Product Image"></a><p>Mosquito Net for Bed,Large Mosquito Netting Tent Canopy for Beds,Folding Portable Design Travel POP UP Mosquito Netting for Bed,L80*W72*H60inch Queen King Size Mosquito Net</p><p> -14% 0FF </p><p>$31.99</p><a href="https://www.amazon.com/dp/B0BV2RNTR7?tag=eloabder-20&linkCode=osi&th=1&psc=1">View Product</a></div><div class="product"><a href="https://www.amazon.com/dp/B0D8HLQJ5G?tag=eloabder-20&linkCode=osi&th=1&psc=1"><img src="https://m.media-amazon.com/images/I/31hFeMp1LQL._SL500_.jpg" alt="Product Image"></a><p>77 * 30 * 23 Inch Large Pop Up Mosquito Tent, Portable Foldable Mosquito Net for Bed Camping Travel Patio</p><p> -6% 0FF </p><p>$29.99</p><a href="https://www.amazon.com/dp/B0D8HLQJ5G?tag=eloabder-20&linkCode=osi&th=1&psc=1">View Product</a></div><div class="product"><a href="https://www.amazon.com/dp/B0C2YQKF71?tag=eloabder-20&linkCode=osi&th=1&psc=1"><img src="https://m.media-amazon.com/images/I/41yDl7W2ZNL._SL500_.jpg" alt="Product Image"></a><p>Portable Mosquito Net Tent, Folding Mosquito Head Net, Pop Up Mosquito Tent Netting for Bedding Camping Traveling Patio (1 Pack, Large)</p><p> -20% 0FF </p><p>$15.99</p><a href="https://www.amazon.com/dp/B0C2YQKF71?tag=eloabder-20&linkCode=osi&th=1&psc=1">View Product</a></div>
<div class="product"><a href="https://www.amazon.com/dp/B0CL9SJ88Z?tag=eloabder-20&linkCode=osi&th=1&psc=1"><img src="https://m.media-amazon.com/images/I/41iQwRq8cBL._SL500_.jpg" alt="Product Image"></a><p>Muslin Swaddle Blankets for Newborn, 3 Pack Breathable Soft Receiving Blanket, Large 38 x 40 inches Swaddle Wrap Burping Clothes, Essentials Infant Shower Items, Toddler Gift (Bright Colors)</p><p> -5% 0FF </p><p>$18.99</p><a href="https://www.amazon.com/dp/B0CL9SJ88Z?tag=eloabder-20&linkCode=osi&th=1&psc=1">View Product</a></div><div class="product"><a href="https://www.amazon.com/dp/B0C6GP7NXF?tag=eloabder-20&linkCode=osi&th=1&psc=1"><img src="https://m.media-amazon.com/images/I/51vjlWRLQjL._SL500_.jpg" alt="Product Image"></a><p>Konssy 2 Pack Muslin Swaddle Blankets for Baby Boys Girls, Receiving Blanket Large 47 x 47 inches, Soft Breathable Muslin Baby Blanket for Unisex Newborn(Pink, Floral)</p><p> -19% 0FF </p><p>$21.99 ($11.00 / Count)</p><a href="https://www.amazon.com/dp/B0C6GP7NXF?tag=eloabder-20&linkCode=osi&th=1&psc=1">View Product</a></div>
<div class="product"><a href="https://www.amazon.com/dp/B0B8TCTXBV?tag=eloabder-20&linkCode=osi&th=1&psc=1"><img src="https://m.media-amazon.com/images/I/41j61T25VcL._SL500_.jpg" alt="Product Image"></a><p>aden + anais Essentials Swaddle Blanket, Boutique Muslin Blankets for Girls & Boys, Baby Receiving Swaddles, Ideal Newborn & Infant Swaddling Set, Perfect Shower Gifts, 4 Pack, Alphabet Animals</p><p> -29% 0FF </p><p>$28.49</p><a href="https://www.amazon.com/dp/B0B8TCTXBV?tag=eloabder-20&linkCode=osi&th=1&psc=1">View Product</a></div>
<div class="product"><a href="https://www.amazon.com/dp/B0D475YDF5?tag=eloabder-20&linkCode=osi&th=1&psc=1"><img src="https://m.media-amazon.com/images/I/31TAYPOHywL._SL500_.jpg" alt="Product Image"></a><p>Electric Nail Clipper with Nail File, 2 in 1 Rechargeable & Gentle Nail Trimmer with LED Light for Baby and Seniors</p><p> -37% 0FF </p><p>$12.00 ($1.13 / Ounce)</p><a href="https://www.amazon.com/dp/B0D475YDF5?tag=eloabder-20&linkCode=osi&th=1&psc=1">View Product</a></div><div class="product"><a href="https://www.amazon.com/dp/B0D6BCSLNQ?tag=eloabder-20&linkCode=osi&th=1&psc=1"><img src="https://m.media-amazon.com/images/I/413w5b8GCzL._SL500_.jpg" alt="Product Image"></a><p>Automatic Nail Clipper, 2 in-1 Electric Nail Clipper and Nail Polisher, Electric Baby Nail Clippers with Light,USB Rechargeable Suitable for Babies,Women Manicure,Kids, Adults and Seniors（Orange）</p><p> -23% 0FF </p><p>$16.99</p><a href="https://www.amazon.com/dp/B0D6BCSLNQ?tag=eloabder-20&linkCode=osi&th=1&psc=1">View Product</a></div>

<div class="product"><a href="https://www.amazon.com/dp/B0037SEU7Q?tag=eloabder-20&linkCode=osi&th=1&psc=1"><img src="https://m.media-amazon.com/images/I/41yN94m-XlL._SL500_.jpg" alt="Product Image"></a><p>Bepanthen Nappy Care Ointment 5 Percent, 30 g</p><p> -13% 0FF </p><p>$6.79 ($6.47 / Ounce)</p><a href="https://www.amazon.com/dp/B0037SEU7Q?tag=eloabder-20&linkCode=osi&th=1&psc=1">View Product</a></div><div class="product"><a href="https://www.amazon.com/dp/B0BTTT6VW2?tag=eloabder-20&linkCode=osi&th=1&psc=1"><img src="https://m.media-amazon.com/images/I/41cBqj0Z9tL._SL500_.jpg" alt="Product Image"></a><p>Weleda Baby Calendula Diaper Cream, 2.8 Fluid Ounce (Pack of 3), Plant Rich Protection with Calendula, Chamomile, Sweet Almond Oil, Lanolin and Zinc Oxide</p><p> -13% 0FF </p><p>$32.29 ($3.84 / Fl Oz)</p><a href="https://www.amazon.com/dp/B0BTTT6VW2?tag=eloabder-20&linkCode=osi&th=1&psc=1">View Product</a></div><div class="product"><a href="https://www.amazon.com/dp/B074YXP676?tag=eloabder-20&linkCode=osi&th=1&psc=1"><img src="https://m.media-amazon.com/images/I/41y8VvUNCLL._SL500_.jpg" alt="Product Image"></a><p>Nappy Styles Napping Creme Paste</p><p> -12% 0FF </p><p>$14.36 ($1.80 / Ounce)</p><a href="https://www.amazon.com/dp/B074YXP676?tag=eloabder-20&linkCode=osi&th=1&psc=1">View Product</a></div>
<div class="product"><a href="https://www.amazon.com/dp/B00821FLSU?tag=eloabder-20&linkCode=osi&th=1&psc=1"><img src="https://m.media-amazon.com/images/I/31MQYDa7dYL._SL500_.jpg" alt="Product Image"></a><p>Ubbi Steel Diaper Pail, Odor Locking, No Special Bag Required, Award-Winning, Registry Must-Have, Gray</p><p> -12% 0FF </p><p>$69.99</p><a href="https://www.amazon.com/dp/B00821FLSU?tag=eloabder-20&linkCode=osi&th=1&psc=1">View Product</a></div><div class="product"><a href="https://www.amazon.com/dp/B0CNS2FRMZ?tag=eloabder-20&linkCode=osi&th=1&psc=1"><img src="https://m.media-amazon.com/images/I/31O+tXnLaXL._SL500_.jpg" alt="Product Image"></a><p>Diaper Genie Select Pail is Made of Durable Stainless Steel and Includes 1 Starter Square Refill That can Hold up to 165 Newborn-Sized Diapers.</p><p> -20% 0FF </p><p>$35.99</p><a href="https://www.amazon.com/dp/B0CNS2FRMZ?tag=eloabder-20&linkCode=osi&th=1&psc=1">View Product</a></div><div class="product"><a href="https://www.amazon.com/dp/B08XNVW9TW?tag=eloabder-20&linkCode=osi&th=1&psc=1"><img src="https://m.media-amazon.com/images/I/41U7mL6nXRL._SL500_.jpg" alt="Product Image"></a><p>Sassy 250 Count Disposable Diaper Sacks, Lavender Scented, Easy-To-Tie, Diaper Disposal or Pet Waste Bags</p><p> -11% 0FF </p><p>$9.80</p><a href="https://www.amazon.com/dp/B08XNVW9TW?tag=eloabder-20&linkCode=osi&th=1&psc=1">View Product</a></div>


<div class="product"><a href="https://www.amazon.com/dp/B0CTKK5YY5?tag=eloabder-20&linkCode=osi&th=1&psc=1"><img src="https://m.media-amazon.com/images/I/31OhvT5rWmL._SL500_.jpg" alt="Product Image"></a><p>Koalababy Large Flow Electric Nasal Aspirator, Newest Baby Nose Sucker, Nose Cleaner for Toddlers with 3 Suction Levels, Soothing Music and Light, Space Gray</p><p> -33% 0FF </p><p>$29.99</p><a href="https://www.amazon.com/dp/B0CTKK5YY5?tag=eloabder-20&linkCode=osi&th=1&psc=1">View Product</a></div>
<div class="product"><a href="https://www.amazon.com/dp/B07GG1R9WC?tag=eloabder-20&linkCode=osi&th=1&psc=1"><img src="https://m.media-amazon.com/images/I/31T-p4V5gsL._SL500_.jpg" alt="Product Image"></a><p>Gerber Unisex Baby Multi-Pack Long-Sleeve Onesies Bodysuit Mitten Cuff Sizes 6-Pack Mitten Cuff Newborn</p><p> -12% 0FF </p><p>$15.81</p><a href="https://www.amazon.com/dp/B07GG1R9WC?tag=eloabder-20&linkCode=osi&th=1&psc=1">View Product</a></div><div class="product"><a href="https://www.amazon.com/dp/B0BVMXF1DJ?tag=eloabder-20&linkCode=osi&th=1&psc=1"><img src="https://m.media-amazon.com/images/I/31aJYRwZ+-L._SL500_.jpg" alt="Product Image"></a><p>HonestBaby Baby Boys 3-pack Organic Cotton Long Sleeve Side-snap Kimono Bodysuits And Toddler T-Shirt Set, Honestly Pure White, Newborn US</p><p> -63% 0FF </p><p>$11.19</p><a href="https://www.amazon.com/dp/B0BVMXF1DJ?tag=eloabder-20&linkCode=osi&th=1&psc=1">View Product</a></div>
<div class="product"><a href="https://www.amazon.com/dp/B01N47M3V0?tag=eloabder-20&linkCode=osi&th=1&psc=1"><img src="https://m.media-amazon.com/images/I/31WVThyEEcL._SL500_.jpg" alt="Product Image"></a><p>Uigos LED Night Light Lamp with Smart Sensor Dusk to Dawn Sensor, Daylight White, 0.5W Plug-in, 6-Pack</p><p> -23% 0FF </p><p>$9.99</p><a href="https://www.amazon.com/dp/B01N47M3V0?tag=eloabder-20&linkCode=osi&th=1&psc=1">View Product</a></div><div class="product"><a href="https://www.amazon.com/dp/B09B1B6J9S?tag=eloabder-20&linkCode=osi&th=1&psc=1"><img src="https://m.media-amazon.com/images/I/11rEGPdWq7L._SL500_.jpg" alt="Product Image"></a><p>Anico EASZZZ Baby Night Light, Nursery Night Lamp for Breastfeeding, Soft BPA Free Silicone Touch Night Lamp, Eye Caring, Easy Flip Design, Stepless Dimming, 1-Pack</p><p> -25% 0FF </p><p>$29.99</p><a href="https://www.amazon.com/dp/B09B1B6J9S?tag=eloabder-20&linkCode=osi&th=1&psc=1">View Product</a></div><div class="product"><a href="https://www.amazon.com/dp/B097YP171M?tag=eloabder-20&linkCode=osi&th=1&psc=1"><img src="https://m.media-amazon.com/images/I/21jYMKqhB3L._SL500_.jpg" alt="Product Image"></a><p>JolyWell Night Light for Kids, Egg Light for Nursery with 7 RGB Colors Changeable & Stepless Dimming, Rechargeable Tap Light with 1h Timer & Touch Control, Portable Night Light for Babies BPA Free</p><p> -14% 0FF </p><p>$25.99</p><a href="https://www.amazon.com/dp/B097YP171M?tag=eloabder-20&linkCode=osi&th=1&psc=1">View Product</a></div><div class="product"><a href="https://www.amazon.com/dp/B077X48B8Q?tag=eloabder-20&linkCode=osi&th=1&psc=1"><img src="https://m.media-amazon.com/images/I/31TiV9umK-L._SL500_.jpg" alt="Product Image"></a><p>REMINDA 4 Pack Night Light Lamp with Dusk to Dawn Sensor, Plug in, Blue Led Night Light</p><p> -19% 0FF </p><p>$12.99</p><a href="https://www.amazon.com/dp/B077X48B8Q?tag=eloabder-20&linkCode=osi&th=1&psc=1">View Product</a></div>
<div class="product"><a href="https://www.amazon.com/dp/B005MI648C?tag=eloabder-20&linkCode=osi&th=1&psc=1"><img src="https://m.media-amazon.com/images/I/41IsNMYojbL._SL500_.jpg" alt="Product Image"></a><p>Lansinoh Lanolin Nipple Cream Safe for Breastfeeding Baby, 100% Natural Nipple Butter for Mom, Breastfeeding Essentials, 1.41 Ounces</p><p> -17% 0FF </p><p>$8.99 ($6.38 / Ounce)</p><a href="https://www.amazon.com/dp/B005MI648C?tag=eloabder-20&linkCode=osi&th=1&psc=1">View Product</a></div><div class="product"><a href="https://www.amazon.com/dp/B000JVCBBG?tag=eloabder-20&linkCode=osi&th=1&psc=1"><img src="https://m.media-amazon.com/images/I/41TljzHSgHL._SL500_.jpg" alt="Product Image"></a><p>Earth Mama Organic Nipple Butter™ | Nipple Cream Safe for Breastfeeding | Postpartum Essentials for Nursing | Non Lanolin Nipple Cream, 2-Fluid Ounce</p><p> -7% 0FF </p><p>$13.99 ($7.00 / Fl Oz)</p><a href="https://www.amazon.com/dp/B000JVCBBG?tag=eloabder-20&linkCode=osi&th=1&psc=1">View Product</a></div><div class="product"><a href="https://www.amazon.com/dp/B08L68WR4B?tag=eloabder-20&linkCode=osi&th=1&psc=1"><img src="https://m.media-amazon.com/images/I/41qRTIl9vqL._SL500_.jpg" alt="Product Image"></a><p>Medela Purelan Lanolin Nipple Cream for Breastfeeding, 100% All Natural Single Ingredient, Hypoallergenic, Soothing Protection, Safe for Nursing Mom and Baby, 1.3 Ounce Tube</p><p> -29% 0FF </p><p>$7.37</p><a href="https://www.amazon.com/dp/B08L68WR4B?tag=eloabder-20&linkCode=osi&th=1&psc=1">View Product</a></div><div class="product"><a href="https://www.amazon.com/dp/B07X53WM1H?tag=eloabder-20&linkCode=osi&th=1&psc=1"><img src="https://m.media-amazon.com/images/I/41sh4NHSA1L._SL500_.jpg" alt="Product Image"></a><p>Lansinoh Organic Nipple Butter, Nipple Cream Safe for Breastfeeding Baby, Postpartum Essentials for Mom, 2 Ounces</p><p> -37% 0FF </p><p>$9.37</p><a href="https://www.amazon.com/dp/B07X53WM1H?tag=eloabder-20&linkCode=osi&th=1&psc=1">View Product</a></div><div class="product"><a href="https://www.amazon.com/dp/B08PXP59L6?tag=eloabder-20&linkCode=osi&th=1&psc=1"><img src="https://m.media-amazon.com/images/I/31ABi-XhpOL._SL500_.jpg" alt="Product Image"></a><p>The Honest Company Honest Mama Calm Your Nip Balm | USDA Certified Organic Nipple Cream | 1.75 fl oz</p><p> -10% 0FF </p><p>$13.49 ($7.71 / Fl Oz)</p><a href="https://www.amazon.com/dp/B08PXP59L6?tag=eloabder-20&linkCode=osi&th=1&psc=1">View Product</a></div><div class="product"><a href="https://www.amazon.com/dp/B001EPQ1US?tag=eloabder-20&linkCode=osi&th=1&psc=1"><img src="https://m.media-amazon.com/images/I/412ol1D5gFL._SL500_.jpg" alt="Product Image"></a><p>Lansinoh Breast Cream, 1.41 Ounce Tube (Pack of 3)</p><p> -20% 0FF </p><p>$23.99 ($5.67 / Ounce)</p><a href="https://www.amazon.com/dp/B001EPQ1US?tag=eloabder-20&linkCode=osi&th=1&psc=1">View Product</a></div>
<div class="product"><a href="https://www.amazon.com/dp/B0116SFIXS?tag=eloabder-20&linkCode=osi&th=1&psc=1"><img src="https://m.media-amazon.com/images/I/41IXnMjSMRL._SL500_.jpg" alt="Product Image"></a><p>Lansinoh Contact Nipple Shields for Breastfeeding, 2 Nipple Shields (24mm) and Case</p><p> -9% 0FF </p><p>$8.22</p><a href="https://www.amazon.com/dp/B0116SFIXS?tag=eloabder-20&linkCode=osi&th=1&psc=1">View Product</a></div><div class="product"><a href="https://www.amazon.com/dp/B000067PQ0?tag=eloabder-20&linkCode=osi&th=1&psc=1"><img src="https://m.media-amazon.com/images/I/31Bc7JjDLBL._SL500_.jpg" alt="Product Image"></a><p>Medela Contact Nipple Shield, 24mm Medium, Nippleshield for Breastfeeding with Latch Difficulties or Flat or Inverted Nipples, Made Without BPA</p><p> -32% 0FF </p><p>$7.35</p><a href="https://www.amazon.com/dp/B000067PQ0?tag=eloabder-20&linkCode=osi&th=1&psc=1">View Product</a></div><div class="product"><a href="https://www.amazon.com/dp/B08VKRMXGZ?tag=eloabder-20&linkCode=osi&th=1&psc=1"><img src="https://m.media-amazon.com/images/I/41jploOEeaL._SL500_.jpg" alt="Product Image"></a><p>Moogco The Original Silver Nursing Cups - Nipple Shields for Nursing Newborn - Breastfeeding Essentials - Newborn Essentials Must Haves - Nipple Covers Breastfeeding - 925 Silver</p><p> -28% 0FF </p><p>$35.90</p><a href="https://www.amazon.com/dp/B08VKRMXGZ?tag=eloabder-20&linkCode=osi&th=1&psc=1">View Product</a></div><div class="product"><a href="https://www.amazon.com/dp/B07ND58735?tag=eloabder-20&linkCode=osi&th=1&psc=1"><img src="https://m.media-amazon.com/images/I/41EpWEiqvyL._SL500_.jpg" alt="Product Image"></a><p>Koala Babycare The Original Silver Nursing Cups - Nipple Shields for Nursing Newborn -Breastfeeding Essentials - Protect and Soothe - Tri-Laminate Silver - Standard Size</p><p> -13% 0FF </p><p>$34.75</p><a href="https://www.amazon.com/dp/B07ND58735?tag=eloabder-20&linkCode=osi&th=1&psc=1">View Product</a></div>
<div class="product"><a href="https://www.amazon.com/dp/B091FL1QFK?tag=eloabder-20&linkCode=osi&th=1&psc=1"><img src="https://m.media-amazon.com/images/I/41TUb4BsK-L._SL500_.jpg" alt="Product Image"></a><p>Syringe Nasal Irrigator, Professional Baby Nasal Irrigator Portable Infant Nose Cleaner Rinsing Device Fast All Natural Relief-Nasal Irrigation/Nasal Spray/Nasal Hygiene (2 pièces)</p><p> -67% 0FF </p><p>$3.25</p><a href="https://www.amazon.com/dp/B091FL1QFK?tag=eloabder-20&linkCode=osi&th=1&psc=1">View Product</a></div><div class="product"><a href="https://www.amazon.com/dp/B09137WF8K?tag=eloabder-20&linkCode=osi&th=1&psc=1"><img src="https://m.media-amazon.com/images/I/41v2GMmUbZL._SL500_.jpg" alt="Product Image"></a><p>Two Pack 3 in 1 Baby Nose and Ear Gadget, Safe Baby Booger Remover, Nose Cleaning Tweezers, Nose Cleaner for Baby Infants and Toddlers, Dual Earwax and Snot Removal Baby Must Have Items</p><p> -50% 0FF </p><p>$9.95</p><a href="https://www.amazon.com/dp/B09137WF8K?tag=eloabder-20&linkCode=osi&th=1&psc=1">View Product</a></div><div class="product"><a href="https://www.amazon.com/dp/B09Q61B4MM?tag=eloabder-20&linkCode=osi&th=1&psc=1"><img src="https://m.media-amazon.com/images/I/310TWo+qPRL._SL500_.jpg" alt="Product Image"></a><p>Haakaa Silicone Baby Nasal Aspirator | Nose Bulb Syringe | Easy-Squeezy Baby Nose Cleaner, Newborn Infant &Toddler - BPA Free Silicone</p><p> -5% 0FF </p><p>$9.39</p><a href="https://www.amazon.com/dp/B09Q61B4MM?tag=eloabder-20&linkCode=osi&th=1&psc=1">View Product</a></div>
<div class="product"><a href="https://www.amazon.com/dp/B002K6F7AK?tag=eloabder-20&linkCode=osi&th=1&psc=1"><img src="https://m.media-amazon.com/images/I/411elwPHIqL._SL500_.jpg" alt="Product Image"></a><p>Lamaze womens Cotton Spandex Sleep for Nursing and Maternity Full Coverage Bra, Heather Grey, Large US</p><p> -32% 0FF </p><p>$12.28</p><a href="https://www.amazon.com/dp/B002K6F7AK?tag=eloabder-20&linkCode=osi&th=1&psc=1">View Product</a></div>

<div class="product"><a href="https://www.amazon.com/dp/B06XPHR7DF?tag=eloabder-20&linkCode=osi&th=1&psc=1"><img src="https://m.media-amazon.com/images/I/31sNH-POFUL._SL500_.jpg" alt="Product Image"></a><p>Lansinoh Stay Dry Disposable Nursing Pads, Soft and Super Absorbent Breast Pads, Breastfeeding Essentials for Moms, 200 Count</p><p> -21% 0FF </p><p>$18.51</p><a href="https://www.amazon.com/dp/B06XPHR7DF?tag=eloabder-20&linkCode=osi&th=1&psc=1">View Product</a></div><div class="product"><a href="https://www.amazon.com/dp/B0DB3G8G37?tag=eloabder-20&linkCode=osi&th=1&psc=1"><img src="https://m.media-amazon.com/images/I/31Z7+iKhAKL._SL500_.jpg" alt="Product Image"></a><p>Lansinoh Washable Nursing Pads, Made with Organic Bamboo Viscose, Reusable Breast Pads for Breastfeeding with Wash Bag, Breastfeeding Essentials, 10 Count</p><p> -11% 0FF </p><p>$14.28</p><a href="https://www.amazon.com/dp/B0DB3G8G37?tag=eloabder-20&linkCode=osi&th=1&psc=1">View Product</a></div>
<div class="product"><a href="https://www.amazon.com/dp/B09T6V8YH2?tag=eloabder-20&linkCode=osi&th=1&psc=1"><img src="https://m.media-amazon.com/images/I/21knizL1Y1L._SL500_.jpg" alt="Product Image"></a><p>Nursing Pillow and Positioner with Cover for Breastfeeding and Bottle Feeding, Propping Baby, Tummy Time, Baby Sitting Support, Awake-Time Support (Pillow Only, 22" x 17.7" x 5.9")</p><p> -32% 0FF </p><p>$20.49</p><a href="https://www.amazon.com/dp/B09T6V8YH2?tag=eloabder-20&linkCode=osi&th=1&psc=1">View Product</a></div>
<div class="product"><a href="https://www.amazon.com/dp/B00B7TCX0I?tag=eloabder-20&linkCode=osi&th=1&psc=1"><img src="https://m.media-amazon.com/images/I/51n0rXJe9iL._SL500_.jpg" alt="Product Image"></a><p>Leading Lady Women's Nursing Tank Stylish Cami with Inner Shelf Bra, Black Stripe, Large</p><p> -59% 0FF </p><p>$13.98</p><a href="https://www.amazon.com/dp/B00B7TCX0I?tag=eloabder-20&linkCode=osi&th=1&psc=1">View Product</a></div><div class="product"><a href="https://www.amazon.com/dp/B07K72T7Q3?tag=eloabder-20&linkCode=osi&th=1&psc=1"><img src="https://m.media-amazon.com/images/I/31J5oWrxf6L._SL500_.jpg" alt="Product Image"></a><p>Lansinoh Reusable Nursing Pads, Nursing Essentials for Breastfeeding Mothers, 4 Absorbent Nursing Pads With Mesh Wash Bag, White Pads</p><p> -25% 0FF </p><p>$11.99</p><a href="https://www.amazon.com/dp/B07K72T7Q3?tag=eloabder-20&linkCode=osi&th=1&psc=1">View Product</a></div>

<div class="product"><a href="https://www.amazon.com/dp/B086134T3T?tag=eloabder-20&linkCode=osi&th=1&psc=1"><img src="https://m.media-amazon.com/images/I/41KhXKDGe-L._SL500_.jpg" alt="Product Image"></a><p>4our Kiddies Baby-Proof Outlet Covers (60 Pack) - Child Safety Electric Plug Protectors to Prevent Power Shock</p><p> -23% 0FF </p><p>$9.99</p><a href="https://www.amazon.com/dp/B086134T3T?tag=eloabder-20&linkCode=osi&th=1&psc=1">View Product</a></div><div class="product"><a href="https://www.amazon.com/dp/B08FBNKDKB?tag=eloabder-20&linkCode=osi&th=1&psc=1"><img src="https://m.media-amazon.com/images/I/318PTNFomwL._SL500_.jpg" alt="Product Image"></a><p>Outlet Cover Box for Child Safety (2 Pack) Duplex & Decorator Electrical Outlet Plates, Concealed Access Buttons, and Spacious Compartment - Jool Baby</p><p> -35% 0FF </p><p>$14.99</p><a href="https://www.amazon.com/dp/B08FBNKDKB?tag=eloabder-20&linkCode=osi&th=1&psc=1">View Product</a></div>
<div class="product"><a href="https://www.amazon.com/dp/B07TDN9MKC?tag=eloabder-20&linkCode=osi&th=1&psc=1"><img src="https://m.media-amazon.com/images/I/41K55mCBTsL._SL500_.jpg" alt="Product Image"></a><p>Philips Avent Soothie Orthodontic Baby Pacifiers, 100% Silicone Pacifiers, One Piece, BPA-Free, for Babies 0-3 Months, Green, 4 Pack, Model SCF190/41</p><p> -25% 0FF </p><p>$8.94</p><a href="https://www.amazon.com/dp/B07TDN9MKC?tag=eloabder-20&linkCode=osi&th=1&psc=1">View Product</a></div><div class="product"><a href="https://www.amazon.com/dp/B08177ZPKM?tag=eloabder-20&linkCode=osi&th=1&psc=1"><img src="https://m.media-amazon.com/images/I/41+0ETqpizL._SL500_.jpg" alt="Product Image"></a><p>Tommee Tippee Ultra-Light Silicone Pacifier, 0-6 Months, Symmetrical One-Piece Design, BPA-Free Silicone Binkies, Clear/Blue/Green, Pack of 4</p><p> -38% 0FF </p><p>$10.39</p><a href="https://www.amazon.com/dp/B08177ZPKM?tag=eloabder-20&linkCode=osi&th=1&psc=1">View Product</a></div><div class="product"><a href="https://www.amazon.com/dp/B09XJJB478?tag=eloabder-20&linkCode=osi&th=1&psc=1"><img src="https://m.media-amazon.com/images/I/31vbtPyMOGL._SL500_.jpg" alt="Product Image"></a><p>Dr. Brown's HappyPaci 100% Silicone Baby Pacifier, Contoured One-Piece Design, White, Blue, Light Blue, 0-6m, BPA-Free, 3 Pack</p><p> -17% 0FF </p><p>$4.97</p><a href="https://www.amazon.com/dp/B09XJJB478?tag=eloabder-20&linkCode=osi&th=1&psc=1">View Product</a></div><div class="product"><a href="https://www.amazon.com/dp/B09F6YC4MS?tag=eloabder-20&linkCode=osi&th=1&psc=1"><img src="https://m.media-amazon.com/images/I/31j7FmFh-9L._SL500_.jpg" alt="Product Image"></a><p>Itzy Ritzy Natural Rubber Pacifiers, Set of 2 – Natural Rubber Newborn Pacifiers with Cherry-Shaped Nipple & Large Air Holes for Added Safety; Set of 2 in Coconut & Toast, Ages 0 – 6 Months</p><p> -10% 0FF </p><p>$8.97</p><a href="https://www.amazon.com/dp/B09F6YC4MS?tag=eloabder-20&linkCode=osi&th=1&psc=1">View Product</a></div><div class="product"><a href="https://www.amazon.com/dp/B0835TX9TH?tag=eloabder-20&linkCode=osi&th=1&psc=1"><img src="https://m.media-amazon.com/images/I/413oViQleDL._SL500_.jpg" alt="Product Image"></a><p>NUK Orthodontic Pacifier Value Pack</p><p> -48% 0FF </p><p>$6.29</p><a href="https://www.amazon.com/dp/B0835TX9TH?tag=eloabder-20&linkCode=osi&th=1&psc=1">View Product</a></div><div class="product"><a href="https://www.amazon.com/dp/B0BJ4Q64L9?tag=eloabder-20&linkCode=osi&th=1&psc=1"><img src="https://m.media-amazon.com/images/I/31T4DaO7KeL._SL500_.jpg" alt="Product Image"></a><p>Tommee Tippee Ultra-light Silicone Pacifier, Symmetrical One-Piece Design, BPA-Free Silicone Binkies, 6-18 months, Pack of 4 Pacifiers</p><p> -32% 0FF </p><p>$11.51</p><a href="https://www.amazon.com/dp/B0BJ4Q64L9?tag=eloabder-20&linkCode=osi&th=1&psc=1">View Product</a></div><div class="product"><a href="https://www.amazon.com/dp/B0C5B1SLFL?tag=eloabder-20&linkCode=osi&th=1&psc=1"><img src="https://m.media-amazon.com/images/I/41XLQFTsedL._SL500_.jpg" alt="Product Image"></a><p>Philips Avent Ultra Soft Pacifier - 4 x Soft and Flexible Baby Pacifiers for Babies Aged 0-6 Months, BPA Free with Sterilizer Carry Case, SCF091/23</p><p> -7% 0FF </p><p>$12.94</p><a href="https://www.amazon.com/dp/B0C5B1SLFL?tag=eloabder-20&linkCode=osi&th=1&psc=1">View Product</a></div><div class="product"><a href="https://www.amazon.com/dp/B09H7LR2K2?tag=eloabder-20&linkCode=osi&th=1&psc=1"><img src="https://m.media-amazon.com/images/I/31J6KoAN3IL._SL500_.jpg" alt="Product Image"></a><p>MAM Original Start Matte Newborn Baby Pacifier, Best Pacifier for Breastfed Babies, Sterilizer Case, Girl, 0-3 Months (Pack of 2)</p><p> -38% 0FF </p><p>$4.99</p><a href="https://www.amazon.com/dp/B09H7LR2K2?tag=eloabder-20&linkCode=osi&th=1&psc=1">View Product</a></div>
<div class="product"><a href="https://www.amazon.com/dp/B0C98MM24R?tag=eloabder-20&linkCode=osi&th=1&psc=1"><img src="https://m.media-amazon.com/images/I/411zeOj8dIL._SL500_.jpg" alt="Product Image"></a><p>Silicone Pacifier Clip, Seposeve Pack of 3 Baby Pacifier Teether Clip with 4 Texture, Soft Flexible Silicone Pacifier Leashes & Cases for Boy and Girl, Keeps Pacifier Clean, Purple Pink White</p><p> -29% 0FF </p><p>$4.99</p><a href="https://www.amazon.com/dp/B0C98MM24R?tag=eloabder-20&linkCode=osi&th=1&psc=1">View Product</a></div><div class="product"><a href="https://www.amazon.com/dp/B0828BFK15?tag=eloabder-20&linkCode=osi&th=1&psc=1"><img src="https://m.media-amazon.com/images/I/41OXr2mKwYL._SL500_.jpg" alt="Product Image"></a><p>PandaEar Baby Pacifier Clips Solid Color, 4 Pack Universal Holder Leash for Boys and Girls, Teething Toys Teethers (Neutral)</p><p> -17% 0FF </p><p>$4.98</p><a href="https://www.amazon.com/dp/B0828BFK15?tag=eloabder-20&linkCode=osi&th=1&psc=1">View Product</a></div>
<div class="product"><a href="https://www.amazon.com/dp/B09JCJKMF2?tag=eloabder-20&linkCode=osi&th=1&psc=1"><img src="https://m.media-amazon.com/images/I/21hMAxonL8L._SL500_.jpg" alt="Product Image"></a><p>Ubbi On-The-Go Dual Pacifier Holder, Keep's Baby's Binkies Clean and Accessible, Portable for Travel, Diaper Bag Accessory Must Have for Newborns, Sage Green</p><p> -17% 0FF </p><p>$4.99</p><a href="https://www.amazon.com/dp/B09JCJKMF2?tag=eloabder-20&linkCode=osi&th=1&psc=1">View Product</a></div><div class="product"><a href="https://www.amazon.com/dp/B0BG8J1JJR?tag=eloabder-20&linkCode=osi&th=1&psc=1"><img src="https://m.media-amazon.com/images/I/31fDalcDyyL._SL500_.jpg" alt="Product Image"></a><p>PandaEar Pacifier Nipple Holder Case Container Boxes (4 Pack)| Universal Accessories Holders| Travel Cases| BPA Free</p><p> -17% 0FF </p><p>$4.95</p><a href="https://www.amazon.com/dp/B0BG8J1JJR?tag=eloabder-20&linkCode=osi&th=1&psc=1">View Product</a></div>
<div class="product"><a href="https://www.amazon.com/dp/B08625PRQL?tag=eloabder-20&linkCode=osi&th=1&psc=1"><img src="https://m.media-amazon.com/images/I/31PUIalU9CL._SL500_.jpg" alt="Product Image"></a><p>GROWNSY Pacifier Sanitizer Portable, UV Light Sanitizer on The Go, USB Charging Sanitizer Case, Mini Pacifier Sanitizer 99.99% Cleaned in 59 Seconds (White)</p><p> -10% 0FF </p><p>$26.95</p><a href="https://www.amazon.com/dp/B08625PRQL?tag=eloabder-20&linkCode=osi&th=1&psc=1">View Product</a></div><div class="product"><a href="https://www.amazon.com/dp/B0035LQNNE?tag=eloabder-20&linkCode=osi&th=1&psc=1"><img src="https://m.media-amazon.com/images/I/41DJ3x+h47L._SL500_.jpg" alt="Product Image"></a><p>Dr. Brown's Microwave Steam Sterilizer Bags for Baby Bottles, Pacifiers, Pump Parts and Accessories, Travel Baby Bottle Sterilizer, 30 Uses per Bag, 5 Count (Pack of 1)</p><p> -40% 0FF </p><p>$5.99</p><a href="https://www.amazon.com/dp/B0035LQNNE?tag=eloabder-20&linkCode=osi&th=1&psc=1">View Product</a></div>
<div class="product"><a href="https://www.amazon.com/dp/B0CRF9L25B?tag=eloabder-20&linkCode=osi&th=1&psc=1"><img src="https://m.media-amazon.com/images/I/41WW0AQ61YL._SL500_.jpg" alt="Product Image"></a><p>Comfy Cubs Baby Play Gym Set, Wooden Baby Playgym, Interactive Activity Center Hanging Bar with Gym Toys, Foldable for Infants, Newborn Gift for Baby Girl and Boy</p><p> -33% 0FF </p><p>$39.99</p><a href="https://www.amazon.com/dp/B0CRF9L25B?tag=eloabder-20&linkCode=osi&th=1&psc=1">View Product</a></div>
<div class="product"><a href="https://www.amazon.com/dp/B0BCVRHFX8?tag=eloabder-20&linkCode=osi&th=1&psc=1"><img src="https://m.media-amazon.com/images/I/41EoxD6Jb4L._SL500_.jpg" alt="Product Image"></a><p>Baby Playpen,Playpen, Playpen for Babies and Toddlers, Play Pen for Kids, Play Pens for Babies and Toddlers for Apartment (47 * 47 inch Grey with mat)</p><p> -23% 0FF </p><p>$46.21</p><a href="https://www.amazon.com/dp/B0BCVRHFX8?tag=eloabder-20&linkCode=osi&th=1&psc=1">View Product</a></div><div class="product"><a href="https://www.amazon.com/dp/B0BR7NFYTV?tag=eloabder-20&linkCode=osi&th=1&psc=1"><img src="https://m.media-amazon.com/images/I/41fdC8D+84L._SL500_.jpg" alt="Product Image"></a><p>COMOMY Playpens for Babies and Toddlers, Small Baby Play Pens, Activity Center for Baby Safe and Non-Slip Baby Fence, Full Mesh Design, Indoor & Outdoor Kids Activity Center (Dark Grey, 36"x36")</p><p> -20% 0FF </p><p>$39.99</p><a href="https://www.amazon.com/dp/B0BR7NFYTV?tag=eloabder-20&linkCode=osi&th=1&psc=1">View Product</a></div><div class="product"><a href="https://www.amazon.com/dp/B09ZDQ3C2Y?tag=eloabder-20&linkCode=osi&th=1&psc=1"><img src="https://m.media-amazon.com/images/I/41cGSa5tbrL._SL500_.jpg" alt="Product Image"></a><p>Pamo Babe Portable Crib Baby Playpen with Mattress and Carry Bag (Grey)</p><p> -29% 0FF </p><p>$48.99</p><a href="https://www.amazon.com/dp/B09ZDQ3C2Y?tag=eloabder-20&linkCode=osi&th=1&psc=1">View Product</a></div><div class="product"><a href="https://www.amazon.com/dp/B08BT16TH5?tag=eloabder-20&linkCode=osi&th=1&psc=1"><img src="https://m.media-amazon.com/images/I/41T3gWQReTL._SL500_.jpg" alt="Product Image"></a><p>Dream On Me Nest Portable Playard in Black with Carrybag an Shoulder Strap, Lightweight, Packable and Easy Setup Baby Playard, Breathable Mesh Sides and Soft Fabric - Comes with a Removable Padded Mat</p><p> -29% 0FF </p><p>$49.99</p><a href="https://www.amazon.com/dp/B08BT16TH5?tag=eloabder-20&linkCode=osi&th=1&psc=1">View Product</a></div>
<div class="product"><a href="https://www.amazon.com/dp/B07964SFW4?tag=eloabder-20&linkCode=osi&th=1&psc=1"><img src="https://m.media-amazon.com/images/I/415S7evTplL._SL500_.jpg" alt="Product Image"></a><p>Baby Trend Lil' Snooze Deluxe II Nursery Center, Twinkle Twinkle Little Moon</p><p> -10% 0FF </p><p>$89.99</p><a href="https://www.amazon.com/dp/B07964SFW4?tag=eloabder-20&linkCode=osi&th=1&psc=1">View Product</a></div><div class="product"><a href="https://www.amazon.com/dp/B0BMFQFZSH?tag=eloabder-20&linkCode=osi&th=1&psc=1"><img src="https://m.media-amazon.com/images/I/41tYFE0RalL._SL500_.jpg" alt="Product Image"></a><p>Pamo Babe Deluxe Nursery Center, Foldable Playard for Baby & Toddler, Bassinet, Mattress, Changing Table for Newborn(Black)</p><p> -22% 0FF </p><p>$155.99</p><a href="https://www.amazon.com/dp/B0BMFQFZSH?tag=eloabder-20&linkCode=osi&th=1&psc=1">View Product</a></div><div class="product"><a href="https://www.amazon.com/dp/B07HYV86RH?tag=eloabder-20&linkCode=osi&th=1&psc=1"><img src="https://m.media-amazon.com/images/I/41GWwVT9TQL._SL500_.jpg" alt="Product Image"></a><p>Baby Trend Trend-E Nursery Center® Playard, April</p><p> -20% 0FF </p><p>$79.99</p><a href="https://www.amazon.com/dp/B07HYV86RH?tag=eloabder-20&linkCode=osi&th=1&psc=1">View Product</a></div>
<div class="product"><a href="https://www.amazon.com/dp/B0BZQGQVD1?tag=eloabder-20&linkCode=osi&th=1&psc=1"><img src="https://m.media-amazon.com/images/I/41DuYrM0FML._SL500_.jpg" alt="Product Image"></a><p>Kopi Baby Portable Diaper Changing Pad - Baby Changing Pad & Diaper Changer Travel Bag, Smart Design Baby Changing Mat, Portable Changing Pad for Baby - Baby Changing Station, Infant Gift - Grey</p><p> -31% 0FF </p><p>$26.99</p><a href="https://www.amazon.com/dp/B0BZQGQVD1?tag=eloabder-20&linkCode=osi&th=1&psc=1">View Product</a></div><div class="product"><a href="https://www.amazon.com/dp/B085PXT49C?tag=eloabder-20&linkCode=osi&th=1&psc=1"><img src="https://m.media-amazon.com/images/I/51vXCxx-lHL._SL500_.jpg" alt="Product Image"></a><p>Portable Changing Pad for Baby|Travel Baby Changing Pads for Moms, Dads|Waterproof Portable Changing Mat with Built-in Pillow|Excellent Baby Shower/Registry Gifts</p><p> -19% 0FF </p><p>$12.99</p><a href="https://www.amazon.com/dp/B085PXT49C?tag=eloabder-20&linkCode=osi&th=1&psc=1">View Product</a></div><div class="product"><a href="https://www.amazon.com/dp/B082FZ4232?tag=eloabder-20&linkCode=osi&th=1&psc=1"><img src="https://m.media-amazon.com/images/I/51beBs2MbBL._SL500_.jpg" alt="Product Image"></a><p>First Landings Portable Diaper Changing Pad - Convenient Travel Changing Pad and Wipe Holder - Portable Changing Pad - Navy</p><p> -58% 0FF </p><p>$9.99</p><a href="https://www.amazon.com/dp/B082FZ4232?tag=eloabder-20&linkCode=osi&th=1&psc=1">View Product</a></div><div class="product"><a href="https://www.amazon.com/dp/B08N4W4CFC?tag=eloabder-20&linkCode=osi&th=1&psc=1"><img src="https://m.media-amazon.com/images/I/51vHXXugc9L._SL500_.jpg" alt="Product Image"></a><p>Portable Diaper Changing Pad for Baby, Detachable Travel Changing Pad with Baby Wipes Pocket, Gifts for Baby Shower, Newborn Girls and Boys (Grey)</p><p> -29% 0FF </p><p>$19.79</p><a href="https://www.amazon.com/dp/B08N4W4CFC?tag=eloabder-20&linkCode=osi&th=1&psc=1">View Product</a></div><div class="product"><a href="https://www.amazon.com/dp/B0CM9ZDFT7?tag=eloabder-20&linkCode=osi&th=1&psc=1"><img src="https://m.media-amazon.com/images/I/511OkyACRAL._SL500_.jpg" alt="Product Image"></a><p>Portable Changing Pad for Baby, Travel Diaper Changing Pad for Newborn, Large Waterproof Baby Changing Mat, Foldable & Detachable Diaper Changing Station with Baby Wipes Pockets, Baby Stuff by Pillani</p><p> -37% 0FF </p><p>$18.99</p><a href="https://www.amazon.com/dp/B0CM9ZDFT7?tag=eloabder-20&linkCode=osi&th=1&psc=1">View Product</a></div>
<div class="product"><a href="https://www.amazon.com/dp/B00AKKDSNG?tag=eloabder-20&linkCode=osi&th=1&psc=1"><img src="https://m.media-amazon.com/images/I/51nqUmC7OaL._SL500_.jpg" alt="Product Image"></a><p>Guava Lotus Travel Crib with Lightweight Backpack Design | Certified Baby Safe Portable Crib | Folding Play Yard with Comfy Mattress for Babies & Toddlers | Compact Baby Travel Bed</p><p> -18% 0FF </p><p>$229.95</p><a href="https://www.amazon.com/dp/B00AKKDSNG?tag=eloabder-20&linkCode=osi&th=1&psc=1">View Product</a></div><div class="product"><a href="https://www.amazon.com/dp/B07RZQC1T1?tag=eloabder-20&linkCode=osi&th=1&psc=1"><img src="https://m.media-amazon.com/images/I/41EMWNVnnYL._SL500_.jpg" alt="Product Image"></a><p>Pamo Babe Portable Crib for Baby, Portable Baby Playpen with Bassinet and Changing Table</p><p> -15% 0FF </p><p>$109.99</p><a href="https://www.amazon.com/dp/B07RZQC1T1?tag=eloabder-20&linkCode=osi&th=1&psc=1">View Product</a></div><div class="product"><a href="https://www.amazon.com/dp/B01F9FLEL4?tag=eloabder-20&linkCode=osi&th=1&psc=1"><img src="https://m.media-amazon.com/images/I/51HNrjQ09pL._SL500_.jpg" alt="Product Image"></a><p>Baby Trend Nursery Center® Playard, Tanzania</p><p> -20% 0FF </p><p>$79.99</p><a href="https://www.amazon.com/dp/B01F9FLEL4?tag=eloabder-20&linkCode=osi&th=1&psc=1">View Product</a></div>
<div class="product"><a href="https://www.amazon.com/dp/B0CXY9DDW9?tag=eloabder-20&linkCode=osi&th=1&psc=1"><img src="https://m.media-amazon.com/images/I/31MFNOwDz8L._SL500_.jpg" alt="Product Image"></a><p>Bluey Playtime Floor Potty Trainer w/Sound</p><p> -20% 0FF </p><p>$31.99</p><a href="https://www.amazon.com/dp/B0CXY9DDW9?tag=eloabder-20&linkCode=osi&th=1&psc=1">View Product</a></div>


<div class="product"><a href="https://www.amazon.com/dp/B0825YNHG9?tag=eloabder-20&linkCode=osi&th=1&psc=1"><img src="https://m.media-amazon.com/images/I/515zQEdiriL._SL500_.jpg" alt="Product Image"></a><p>wegreeco Cloth Diapers 6 Pack with 6 Inserts & 1 Wet Bag, Washable Cloth Diapers for Babies, One Size Adjustable Reusable Diapers Baby (Flower)</p><p> -17% 0FF </p><p>$31.85</p><a href="https://www.amazon.com/dp/B0825YNHG9?tag=eloabder-20&linkCode=osi&th=1&psc=1">View Product</a></div><div class="product"><a href="https://www.amazon.com/dp/B0D5HMWY6V?tag=eloabder-20&linkCode=osi&th=1&psc=1"><img src="https://m.media-amazon.com/images/I/41U1XPfqxlL._SL500_.jpg" alt="Product Image"></a><p>Smarbore Baby Cloth Diapers Set-4 Pack Diapers with 4 Inserts & 1 Wet Dry Separation Bag, Reusable Infant Toddler Nappy, Adjustable Pocket Diapers for Baby Boys and Girls(6-33 pounds,0-3 Years)</p><p> -7% 0FF </p><p>$25.99 ($2.89 / Count)</p><a href="https://www.amazon.com/dp/B0D5HMWY6V?tag=eloabder-20&linkCode=osi&th=1&psc=1">View Product</a></div>
<div class="product"><a href="https://www.amazon.com/dp/B0CG1T96CP?tag=eloabder-20&linkCode=osi&th=1&psc=1"><img src="https://m.media-amazon.com/images/I/41Zc2WoVYUL._SL500_.jpg" alt="Product Image"></a><p>Yaheetech Upholstered Rocking Chair, Boucle Glider Chair Nursery Chair with High Back and Side Pocket, Rocking Accent Armchair with Rubber Wood Legs for Living Room/Bedroom/Nursery, Ivory</p><p> -41% 0FF </p><p>$99.99</p><a href="https://www.amazon.com/dp/B0CG1T96CP?tag=eloabder-20&linkCode=osi&th=1&psc=1">View Product</a></div><div class="product"><a href="https://www.amazon.com/dp/B0815ZR4LN?tag=eloabder-20&linkCode=osi&th=1&psc=1"><img src="https://m.media-amazon.com/images/I/31z4fzPBkHL._SL500_.jpg" alt="Product Image"></a><p>Evolur Raleigh Upholstered Nursery Glider, Swivel, Rock, Recliner, Tool Free Assembly, Greenguard Gold Certified Misty Grey</p><p> -43% 0FF </p><p>$199.99</p><a href="https://www.amazon.com/dp/B0815ZR4LN?tag=eloabder-20&linkCode=osi&th=1&psc=1">View Product</a></div><div class="product"><a href="https://www.amazon.com/dp/B01N4KL7QS?tag=eloabder-20&linkCode=osi&th=1&psc=1"><img src="https://m.media-amazon.com/images/I/51EIu4gTPDL._SL500_.jpg" alt="Product Image"></a><p>Angel Line Windsor Glider and Ottoman, Natural and Gray</p><p> -21% 0FF </p><p>$139.00</p><a href="https://www.amazon.com/dp/B01N4KL7QS?tag=eloabder-20&linkCode=osi&th=1&psc=1">View Product</a></div><div class="product"><a href="https://www.amazon.com/dp/B0DF2PJ5KH?tag=eloabder-20&linkCode=osi&th=1&psc=1"><img src="https://m.media-amazon.com/images/I/51wf3SLefBL._SL500_.jpg" alt="Product Image"></a><p>VECELO High Back Nursery Rocking Chair with Foot Rest, Teddy Upholstered Reclining Glider Rocker, Comfy Armchair Padded Seat Removable Side Pockets for Living Room, Bedroom, Balcony, White</p><p> -7% 0FF </p><p>$129.99</p><a href="https://www.amazon.com/dp/B0DF2PJ5KH?tag=eloabder-20&linkCode=osi&th=1&psc=1">View Product</a></div>
<div class="product"><a href="https://www.amazon.com/dp/B0D4YY8V2Z?tag=eloabder-20&linkCode=osi&th=1&psc=1"><img src="https://m.media-amazon.com/images/I/41ckUZsbOhL._SL500_.jpg" alt="Product Image"></a><p>JXM Safety Harness for Active Childs with Quick Grab Handle, Teens Youth Secure Walking Harness with Autism Awareness and Pouch, Adjustable Tether Leash for Autism ADHD Special Needs Child Kids</p><p> -11% 0FF </p><p>$24.99</p><a href="https://www.amazon.com/dp/B0D4YY8V2Z?tag=eloabder-20&linkCode=osi&th=1&psc=1">View Product</a></div><div class="product"><a href="https://www.amazon.com/dp/B0CMTXJ956?tag=eloabder-20&linkCode=osi&th=1&psc=1"><img src="https://m.media-amazon.com/images/I/41isiqOFw+L._SL500_.jpg" alt="Product Image"></a><p>Kanayu 2 Pcs Walking Harness for Older Children with Handle and Pouch Safety Harness for Autism ADHD Special Needs Child Kids(8-12 Years)</p><p> -12% 0FF </p><p>$22.99</p><a href="https://www.amazon.com/dp/B0CMTXJ956?tag=eloabder-20&linkCode=osi&th=1&psc=1">View Product</a></div><div class="product"><a href="https://www.amazon.com/dp/B0CFY3B37N?tag=eloabder-20&linkCode=osi&th=1&psc=1"><img src="https://m.media-amazon.com/images/I/41i7J-tFLEL._SL500_.jpg" alt="Product Image"></a><p>ROSROSE Child Airplane Safety Travel Harness, Airplane Travel Accessories for Kid Toddler, Child Aviation Flight Seat Device/Seat Belt, Safety Restraint System Helps Keep Your Child Safe</p><p> -10% 0FF </p><p>$22.55</p><a href="https://www.amazon.com/dp/B0CFY3B37N?tag=eloabder-20&linkCode=osi&th=1&psc=1">View Product</a></div>
<div class="product"><a href="https://www.amazon.com/dp/B08WDLZ9YF?tag=eloabder-20&linkCode=osi&th=1&psc=1"><img src="https://m.media-amazon.com/images/I/41yh9vV9UTL._SL500_.jpg" alt="Product Image"></a><p>Safety 1st Healthcare On-The-go Kit, Pyramids Aqua</p><p> -27% 0FF </p><p>$9.53</p><a href="https://www.amazon.com/dp/B08WDLZ9YF?tag=eloabder-20&linkCode=osi&th=1&psc=1">View Product</a></div>
<div class="product"><a href="https://www.amazon.com/dp/B0009EXOIM?tag=eloabder-20&linkCode=osi&th=1&psc=1"><img src="https://m.media-amazon.com/images/I/41tq74vnvfL._SL500_.jpg" alt="Product Image"></a><p>Safety 1st 12 Pack Ultra Clear Outlet Plugs</p><p> -55% 0FF </p><p>$2.99</p><a href="https://www.amazon.com/dp/B0009EXOIM?tag=eloabder-20&linkCode=osi&th=1&psc=1">View Product</a></div>
<div class="product"><a href="https://www.amazon.com/dp/B0CNVZN4JY?tag=eloabder-20&linkCode=osi&th=1&psc=1"><img src="https://m.media-amazon.com/images/I/41w4Hn9rrKL._SL500_.jpg" alt="Product Image"></a><p>UBBCARE Bed Rail for Toddlers, 32 Inch Bed Guard Rail, Extra Tall Child Safety Side Crib Rail for Baby, Kids, Fit for Twin, Full, Queen, King Size Beds</p><p> -19% 0FF </p><p>$25.99</p><a href="https://www.amazon.com/dp/B0CNVZN4JY?tag=eloabder-20&linkCode=osi&th=1&psc=1">View Product</a></div><div class="product"><a href="https://www.amazon.com/dp/B0D63187J9?tag=eloabder-20&linkCode=osi&th=1&psc=1"><img src="https://m.media-amazon.com/images/I/41Y5kEXGVpL._SL500_.jpg" alt="Product Image"></a><p>Bed Guard Rail for Toddlers - 32inch Folding up & Adjustable Heights Baby Bed Safety Rails - Portable Toddler Bed Barrier Railing Guard for Kids Twin, Bunk, Queen, Full Size Bed</p><p> -13% 0FF </p><p>$34.99</p><a href="https://www.amazon.com/dp/B0D63187J9?tag=eloabder-20&linkCode=osi&th=1&psc=1">View Product</a></div>


<div class="product"><a href="https://www.amazon.com/dp/B0CD42KQ3K?tag=eloabder-20&linkCode=osi&th=1&psc=1"><img src="https://m.media-amazon.com/images/I/41c9zvmFrLL._SL500_.jpg" alt="Product Image"></a><p>TOHIBEE Baby Montessori Sensory Toys for 0-6 6-12 Months, Food Grade Teething Toys for Babies 0 3 6 9 12 18 Months, Newborn Infant Learning Developmental Toys Gifts for 1 2 Year Old Boys Girls</p><p> -50% 0FF </p><p>$9.99</p><a href="https://www.amazon.com/dp/B0CD42KQ3K?tag=eloabder-20&linkCode=osi&th=1&psc=1">View Product</a></div><div class="product"><a href="https://www.amazon.com/dp/B0CNNZKL6Z?tag=eloabder-20&linkCode=osi&th=1&psc=1"><img src="https://m.media-amazon.com/images/I/419qSwSFEIL._SL500_.jpg" alt="Product Image"></a><p>MIUXUESO 3 Pcs Baby Flower Headbands Baby Girls Nylon Headbands Soft Hairbands Hair Accessories for Newborn Infant Toddler Kids (Beige Pink Khaki)</p><p> -11% 0FF </p><p>$8.89 ($2.96 / Count)</p><a href="https://www.amazon.com/dp/B0CNNZKL6Z?tag=eloabder-20&linkCode=osi&th=1&psc=1">View Product</a></div><div class="product"><a href="https://www.amazon.com/dp/B0CRLDXBYN?tag=eloabder-20&linkCode=osi&th=1&psc=1"><img src="https://m.media-amazon.com/images/I/51U5mzLT4CL._SL500_.jpg" alt="Product Image"></a><p>Cute Castle Baby Sleep Sack 0-6 Months - Lightweight 100% Cotton 2-Way Zipper TOG 0.5 Infant Wearable Blanket, Newborn Essentials Toddler Sleep Clothes (3 Pack Green)</p><p> -41% 0FF </p><p>$26.98</p><a href="https://www.amazon.com/dp/B0CRLDXBYN?tag=eloabder-20&linkCode=osi&th=1&psc=1">View Product</a></div><div class="product"><a href="https://www.amazon.com/dp/B0CNSPHBBG?tag=eloabder-20&linkCode=osi&th=1&psc=1"><img src="https://m.media-amazon.com/images/I/41KtLZ6dp3L._SL500_.jpg" alt="Product Image"></a><p>Arnzion Baby Hooded Towels for Babies and Toddlers, Muslin Baby Bath Towel Soft and Absorbent for Boys and Girls (Dark Grey 1 Pack)</p><p> -10% 0FF </p><p>$8.99</p><a href="https://www.amazon.com/dp/B0CNSPHBBG?tag=eloabder-20&linkCode=osi&th=1&psc=1">View Product</a></div><div class="product"><a href="https://www.amazon.com/dp/B0C6Y89H47?tag=eloabder-20&linkCode=osi&th=1&psc=1"><img src="https://m.media-amazon.com/images/I/41SIANIdhkL._SL500_.jpg" alt="Product Image"></a><p>HelloBaby Upgrade 5’’ Baby Monitor with 26-Hour Battery, 2 Cameras Pan-Tilt-Zoom, 1000ft Range Video Audio Baby Monitor No WiFi, VOX, Night Vision, 2-Way Talk, 8 Lullabies and Temperature</p><p> -22% 0FF </p><p>$139.99</p><a href="https://www.amazon.com/dp/B0C6Y89H47?tag=eloabder-20&linkCode=osi&th=1&psc=1">View Product</a></div><div class="product"><a href="https://www.amazon.com/dp/B0CLGCN5ZS?tag=eloabder-20&linkCode=osi&th=1&psc=1"><img src="https://m.media-amazon.com/images/I/41PuaWmW8rL._SL500_.jpg" alt="Product Image"></a><p>Momcozy Baby Carrier Newborn to Toddler - Ergonomic, Cozy and Lightweight Infant Carrier for 7-44lbs, Effortless to Put On, Ideal for Hands-Free Parenting, Enhanced Lumbar Support, Khaki</p><p> -7% 0FF </p><p>$64.99</p><a href="https://www.amazon.com/dp/B0CLGCN5ZS?tag=eloabder-20&linkCode=osi&th=1&psc=1">View Product</a></div>
<div class="product"><a href="https://www.amazon.com/dp/B09B94C44F?tag=eloabder-20&linkCode=osi&th=1&psc=1"><img src="https://m.media-amazon.com/images/I/41mrmM0elVL._SL500_.jpg" alt="Product Image"></a><p>Fisher-Price Baby to Toddler Learning Toy 2-in-1 Like a Boss Activity Center and Play Table with Lights Music and Sounds</p><p> -33% 0FF </p><p>$73.99</p><a href="https://www.amazon.com/dp/B09B94C44F?tag=eloabder-20&linkCode=osi&th=1&psc=1">View Product</a></div><div class="product"><a href="https://www.amazon.com/dp/B08D8RSLXW?tag=eloabder-20&linkCode=osi&th=1&psc=1"><img src="https://m.media-amazon.com/images/I/41CTM7vmqIL._SL500_.jpg" alt="Product Image"></a><p>Smart Steps® Bounce N’ Play 3-in-1 Activity Center, Woodland Walk</p><p> -14% 0FF </p><p>$59.99</p><a href="https://www.amazon.com/dp/B08D8RSLXW?tag=eloabder-20&linkCode=osi&th=1&psc=1">View Product</a></div><div class="product"><a href="https://www.amazon.com/dp/B08WQB3JQW?tag=eloabder-20&linkCode=osi&th=1&psc=1"><img src="https://m.media-amazon.com/images/I/413UkTCXRJL._SL500_.jpg" alt="Product Image"></a><p>Smart Steps® 3-in-1 Bounce N' Play Activity Center Plus with STEM Learning Toys, Tike Hike</p><p> -33% 0FF </p><p>$59.99</p><a href="https://www.amazon.com/dp/B08WQB3JQW?tag=eloabder-20&linkCode=osi&th=1&psc=1">View Product</a></div><div class="product"><a href="https://www.amazon.com/dp/B0B5JJGGTC?tag=eloabder-20&linkCode=osi&th=1&psc=1"><img src="https://m.media-amazon.com/images/I/41hewN3eW6L._SL500_.jpg" alt="Product Image"></a><p>Fisher-Price Baby to Toddler Toy 3-in-1 SnugaPuppy Activity Center and Play Table with Lights Sounds and Developmental Activities</p><p> -23% 0FF </p><p>$99.99</p><a href="https://www.amazon.com/dp/B0B5JJGGTC?tag=eloabder-20&linkCode=osi&th=1&psc=1">View Product</a></div><div class="product"><a href="https://www.amazon.com/dp/B07BF1V8K8?tag=eloabder-20&linkCode=osi&th=1&psc=1"><img src="https://m.media-amazon.com/images/I/51kWbX5t3FL._SL500_.jpg" alt="Product Image"></a><p>Battat - Activity Cube With Farm Theme - Educational Wooden Toys For Toddlers And Kids - 1 Year +</p><p> -42% 0FF </p><p>$59.95</p><a href="https://www.amazon.com/dp/B07BF1V8K8?tag=eloabder-20&linkCode=osi&th=1&psc=1">View Product</a></div>
<div class="product"><a href="https://www.amazon.com/dp/B07MPCCDM7?tag=eloabder-20&linkCode=osi&th=1&psc=1"><img src="https://m.media-amazon.com/images/I/414WzjZL6XL._SL500_.jpg" alt="Product Image"></a><p>Baby Einstein 4-in-1 Kickin' Tunes Music and Language Play Gym and Piano Tummy Time Activity Mat</p><p> -20% 0FF </p><p>$39.98</p><a href="https://www.amazon.com/dp/B07MPCCDM7?tag=eloabder-20&linkCode=osi&th=1&psc=1">View Product</a></div><div class="product"><a href="https://www.amazon.com/dp/B0793D9WBY?tag=eloabder-20&linkCode=osi&th=1&psc=1"><img src="https://m.media-amazon.com/images/I/51SJobuKTzL._SL500_.jpg" alt="Product Image"></a><p>Fisher-Price Baby Playmat Deluxe Kick & Play Piano Gym, Green Musical Learning Toy with 2 Rattle Maracas for Developmental Play Newborns 0+ Months</p><p> -18% 0FF </p><p>$49.49</p><a href="https://www.amazon.com/dp/B0793D9WBY?tag=eloabder-20&linkCode=osi&th=1&psc=1">View Product</a></div><div class="product"><a href="https://www.amazon.com/dp/B0B5JXBMZJ?tag=eloabder-20&linkCode=osi&th=1&psc=1"><img src="https://m.media-amazon.com/images/I/51zfjAIFbcL._SL500_.jpg" alt="Product Image"></a><p>Fisher-Price Baby Playmat Kick & Play Piano Gym with Musical and Sensory Toys for Newborn to Toddler, Navy Fawn</p><p> -27% 0FF </p><p>$39.88</p><a href="https://www.amazon.com/dp/B0B5JXBMZJ?tag=eloabder-20&linkCode=osi&th=1&psc=1">View Product</a></div><div class="product"><a href="https://www.amazon.com/dp/B0036RKGHQ?tag=eloabder-20&linkCode=osi&th=1&psc=1"><img src="https://m.media-amazon.com/images/I/51ciJPgVi-L._SL500_.jpg" alt="Product Image"></a><p>Bright Starts Disney Baby Finding Nemo Mr. Ray Ocean Lights & Music Gym, Ages Newborn +</p><p> -18% 0FF </p><p>$69.98</p><a href="https://www.amazon.com/dp/B0036RKGHQ?tag=eloabder-20&linkCode=osi&th=1&psc=1">View Product</a></div>
<div class="product"><a href="https://www.amazon.com/dp/B0C8HGTL8Y?tag=eloabder-20&linkCode=osi&th=1&psc=1"><img src="https://m.media-amazon.com/images/I/41JRClg8WzL._SL500_.jpg" alt="Product Image"></a><p>Baby Trend Everlast 7-in-1 High Chair, Charcoal Stone</p><p> -50% 0FF </p><p>$49.99</p><a href="https://www.amazon.com/dp/B0C8HGTL8Y?tag=eloabder-20&linkCode=osi&th=1&psc=1">View Product</a></div><div class="product"><a href="https://www.amazon.com/dp/B08DY55SQZ?tag=eloabder-20&linkCode=osi&th=1&psc=1"><img src="https://m.media-amazon.com/images/I/31Gi5M2n0TL._SL500_.jpg" alt="Product Image"></a><p>Evenflo 4-in-1 Eat & Grow Convertible High Chair,Polyester</p><p> -9% 0FF </p><p>$62.99</p><a href="https://www.amazon.com/dp/B08DY55SQZ?tag=eloabder-20&linkCode=osi&th=1&psc=1">View Product</a></div><div class="product"><a href="https://www.amazon.com/dp/B0BDSWVGJN?tag=eloabder-20&linkCode=osi&th=1&psc=1"><img src="https://m.media-amazon.com/images/I/31RKzujFVpL._SL500_.jpg" alt="Product Image"></a><p>Graco EveryStep 6 in 1 High Chair, Babies and Toddlers Portable Slim High Chair with 6 Growing Stages from Infant to Toddler Seating, Convenient for Dining Time, Featured Design in Misty</p><p> -12% 0FF </p><p>$176.99</p><a href="https://www.amazon.com/dp/B0BDSWVGJN?tag=eloabder-20&linkCode=osi&th=1&psc=1">View Product</a></div><div class="product"><a href="https://www.amazon.com/dp/B0DFGSY7D2?tag=eloabder-20&linkCode=osi&th=1&psc=1"><img src="https://m.media-amazon.com/images/I/41LuMCYsLxL._SL500_.jpg" alt="Product Image"></a><p>High Chair,IJHIJH Baby High Chair,Foldable High Chair,High Chair for Babies and Toddlers,Double-Layer Large Tray,Backrest and Height Adjustable,5-Point Safety Belt,Non-Slip Mat,Space Saving</p><p> -23% 0FF </p><p>$99.99</p><a href="https://www.amazon.com/dp/B0DFGSY7D2?tag=eloabder-20&linkCode=osi&th=1&psc=1">View Product</a></div><div class="product"><a href="https://www.amazon.com/dp/B01MRVWGJH?tag=eloabder-20&linkCode=osi&th=1&psc=1"><img src="https://m.media-amazon.com/images/I/41HxUVOWn-L._SL500_.jpg" alt="Product Image"></a><p>Cosco Simple Fold Full Size High Chair With Adjustable Tray, 28.5x23.5x38.7 Inch (Pack of 1)</p><p> -23% 0FF </p><p>$49.99</p><a href="https://www.amazon.com/dp/B01MRVWGJH?tag=eloabder-20&linkCode=osi&th=1&psc=1">View Product</a></div><div class="product"><a href="https://www.amazon.com/dp/B0B1QRSXW9?tag=eloabder-20&linkCode=osi&th=1&psc=1"><img src="https://m.media-amazon.com/images/I/41k+dOKhnqL._SL500_.jpg" alt="Product Image"></a><p>Baby Trend Sit Right 2.0 3-in-1 High Chair - Cozy Grey</p><p> -25% 0FF </p><p>$59.99</p><a href="https://www.amazon.com/dp/B0B1QRSXW9?tag=eloabder-20&linkCode=osi&th=1&psc=1">View Product</a></div><div class="product"><a href="https://www.amazon.com/dp/B08HKPPJPV?tag=eloabder-20&linkCode=osi&th=1&psc=1"><img src="https://m.media-amazon.com/images/I/31cMtIzV9lL._SL500_.jpg" alt="Product Image"></a><p>Graco® Table2Table LX 6-in-1 Highchair, Arrows with Infant Head Support & One-Hand Removable Tray</p><p> -16% 0FF </p><p>$100.99</p><a href="https://www.amazon.com/dp/B08HKPPJPV?tag=eloabder-20&linkCode=osi&th=1&psc=1">View Product</a></div><div class="product"><a href="https://www.amazon.com/dp/B07Y5RY7QT?tag=eloabder-20&linkCode=osi&th=1&psc=1"><img src="https://m.media-amazon.com/images/I/31IiUCIU1JL._SL500_.jpg" alt="Product Image"></a><p>Graco DuoDiner DLX 6-in-1 Highchair, Mathis</p><p> -7% 0FF </p><p>$139.99</p><a href="https://www.amazon.com/dp/B07Y5RY7QT?tag=eloabder-20&linkCode=osi&th=1&psc=1">View Product</a></div><div class="product"><a href="https://www.amazon.com/dp/B091M5MT2L?tag=eloabder-20&linkCode=osi&th=1&psc=1"><img src="https://m.media-amazon.com/images/I/31ukjyiALGL._SL500_.jpg" alt="Product Image"></a><p>Century Dine On 4-in-1 High Chair, Grows with Child with 4 Modes, Metro</p><p> -11% 0FF </p><p>$79.99</p><a href="https://www.amazon.com/dp/B091M5MT2L?tag=eloabder-20&linkCode=osi&th=1&psc=1">View Product</a></div>
<div class="product"><a href="https://www.amazon.com/dp/B000MR4IX6?tag=eloabder-20&linkCode=osi&th=1&psc=1"><img src="https://m.media-amazon.com/images/I/31QxBnnFyKL._SL500_.jpg" alt="Product Image"></a><p>Crane Adorables Ultrasonic Humidifiers for Bedroom and Baby Nursery, 1 Gallon Cool Mist Air Humidifier for Large Room or Kid's Room, Humidifier Filters Optional, Hello Kitty</p><p> -10% 0FF </p><p>$53.99</p><a href="https://www.amazon.com/dp/B000MR4IX6?tag=eloabder-20&linkCode=osi&th=1&psc=1">View Product</a></div><div class="product"><a href="https://www.amazon.com/dp/B001ADL1SG?tag=eloabder-20&linkCode=osi&th=1&psc=1"><img src="https://m.media-amazon.com/images/I/31jxnLUt3iL._SL500_.jpg" alt="Product Image"></a><p>Crane Ultrasonic Cool Mist Humidifier for Bedroom, Baby Nursery, Kids Room, Plants, or Office, Large 1 Gallon Tank, Filter Optional, Blue and White</p><p> -25% 0FF </p><p>$44.99</p><a href="https://www.amazon.com/dp/B001ADL1SG?tag=eloabder-20&linkCode=osi&th=1&psc=1">View Product</a></div><div class="product"><a href="https://www.amazon.com/dp/B089QWNQXC?tag=eloabder-20&linkCode=osi&th=1&psc=1"><img src="https://m.media-amazon.com/images/I/31SHRor76xL._SL500_.jpg" alt="Product Image"></a><p>Dr. Brown's All-in-One Sterilizer and Dryer for Baby Bottles, Parts & Other Newborn Essentials</p><p> -28% 0FF </p><p>$57.99</p><a href="https://www.amazon.com/dp/B089QWNQXC?tag=eloabder-20&linkCode=osi&th=1&psc=1">View Product</a></div><div class="product"><a href="https://www.amazon.com/dp/B008KJEYLO?tag=eloabder-20&linkCode=osi&th=1&psc=1"><img src="https://m.media-amazon.com/images/I/516vqHBFtxL._SL500_.jpg" alt="Product Image"></a><p>WaterWipes Plastic-Free Original Baby Wipes, 99.9% Water Based Wipes, Unscented & Hypoallergenic for Sensitive Skin, 60 Count (Pack of 12), Packaging May Vary</p><p> -13% 0FF </p><p>$39.97 ($5.55 / 100 Count)</p><a href="https://www.amazon.com/dp/B008KJEYLO?tag=eloabder-20&linkCode=osi&th=1&psc=1">View Product</a></div><div class="product"><a href="https://www.amazon.com/dp/B094YK9MB1?tag=eloabder-20&linkCode=osi&th=1&psc=1"><img src="https://m.media-amazon.com/images/I/31h+m99qpwL._SL500_.jpg" alt="Product Image"></a><p>Westinghouse 28-inch Cool Mist Ultrasonic Tower Humidifier, 6L Top Fill Air Humidifier with Essential Oil Diffuser, Adjustable Mist Volume for Large Bedrooms</p><p> -50% 0FF </p><p>$59.99</p><a href="https://www.amazon.com/dp/B094YK9MB1?tag=eloabder-20&linkCode=osi&th=1&psc=1">View Product</a></div>
<div class="product"><a href="https://www.amazon.com/dp/B0961KZ9X2?tag=eloabder-20&linkCode=osi&th=1&psc=1"><img src="https://m.media-amazon.com/images/I/41AUjJ8u93S._SL500_.jpg" alt="Product Image"></a><p>Philips Avent Anti-Colic Baby Bottle with AirFree Vent, 9oz, 4pk, Clear, SCY703/04</p><p> -20% 0FF </p><p>$23.99</p><a href="https://www.amazon.com/dp/B0961KZ9X2?tag=eloabder-20&linkCode=osi&th=1&psc=1">View Product</a></div><div class="product"><a href="https://www.amazon.com/dp/B00K5KVC52?tag=eloabder-20&linkCode=osi&th=1&psc=1"><img src="https://m.media-amazon.com/images/I/411dDDTfnQL._SL500_.jpg" alt="Product Image"></a><p>Tommee Tippee Natural Start Anti-Colic BPA Free Baby Bottles, 9oz, Slow-Flow Breast-Like Nipple for a Natural Latch, Designed for Seamless Transitions Between Bottle and Breast, Fiesta, Pack of 6</p><p> -44% 0FF </p><p>$23.97</p><a href="https://www.amazon.com/dp/B00K5KVC52?tag=eloabder-20&linkCode=osi&th=1&psc=1">View Product</a></div><div class="product"><a href="https://www.amazon.com/dp/B00H0DH2NS?tag=eloabder-20&linkCode=osi&th=1&psc=1"><img src="https://m.media-amazon.com/images/I/41-a1Bfp4SL._SL500_.jpg" alt="Product Image"></a><p>Lansinoh Anti-Colic Baby Bottles for Breastfeeding Babies, 5 Ounces, 3 Count, Includes 3 Slow Flow Nipples, Size S</p><p> -25% 0FF </p><p>$14.99</p><a href="https://www.amazon.com/dp/B00H0DH2NS?tag=eloabder-20&linkCode=osi&th=1&psc=1">View Product</a></div><div class="product"><a href="https://www.amazon.com/dp/B07M6QQP9Z?tag=eloabder-20&linkCode=osi&th=1&psc=1"><img src="https://m.media-amazon.com/images/I/41DGyuAuyJL._SL500_.jpg" alt="Product Image"></a><p>Dr. Brown's Natural Flow Anti-Colic Options+ Wide-Neck Glass Baby Bottles 5 oz/150 mL, with Level 1 Slow Flow Nipple, 3 Pack, 0m+</p><p> -17% 0FF </p><p>$23.99</p><a href="https://www.amazon.com/dp/B07M6QQP9Z?tag=eloabder-20&linkCode=osi&th=1&psc=1">View Product</a></div>
<div class="product"><a href="https://www.amazon.com/dp/B00MN6IGPK?tag=eloabder-20&linkCode=osi&th=1&psc=1"><img src="https://m.media-amazon.com/images/I/41QKUlWUujL._SL500_.jpg" alt="Product Image"></a><p>Pioneer Photo Albums DA-200COLB/B 200-Pocket Embossed Baby Leatherette Frame Cover Album for 4 by 6-Inch Prints, Blue</p><p> -20% 0FF </p><p>$13.58</p><a href="https://www.amazon.com/dp/B00MN6IGPK?tag=eloabder-20&linkCode=osi&th=1&psc=1">View Product</a></div><div class="product"><a href="https://www.amazon.com/dp/B09G9LD7MR?tag=eloabder-20&linkCode=osi&th=1&psc=1"><img src="https://m.media-amazon.com/images/I/41G9dvP0dRL._SL500_.jpg" alt="Product Image"></a><p>Holoary Baby Photo Album 4” x 6” 160 Photos, Newborn Baby Keepsake Gifts for Baby Boy/Girl and New Parents, Woodland Animals Design</p><p> -15% 0FF </p><p>$16.99</p><a href="https://www.amazon.com/dp/B09G9LD7MR?tag=eloabder-20&linkCode=osi&th=1&psc=1">View Product</a></div>
<div class="product"><a href="https://www.amazon.com/dp/B099FM4W4H?tag=eloabder-20&linkCode=osi&th=1&psc=1"><img src="https://m.media-amazon.com/images/I/41oW5RAdkOL._SL500_.jpg" alt="Product Image"></a><p>Frida Baby 4-in-1 Grow-with-Me Baby Bathtub, Baby Tub for Newborns to Toddler with Removable Bath Seat & Backrest for Bath Support in Tub</p><p> -9% 0FF </p><p>$49.97</p><a href="https://www.amazon.com/dp/B099FM4W4H?tag=eloabder-20&linkCode=osi&th=1&psc=1">View Product</a></div><div class="product"><a href="https://www.amazon.com/dp/B008VWVS14?tag=eloabder-20&linkCode=osi&th=1&psc=1"><img src="https://m.media-amazon.com/images/I/41SmMRWIinL._SL500_.jpg" alt="Product Image"></a><p>Angelcare Baby Bath Support (Aqua) | Ideal for Babies Less than 6 Months Old</p><p> -33% 0FF </p><p>$19.99</p><a href="https://www.amazon.com/dp/B008VWVS14?tag=eloabder-20&linkCode=osi&th=1&psc=1">View Product</a></div><div class="product"><a href="https://www.amazon.com/dp/B0856SSQ1X?tag=eloabder-20&linkCode=osi&th=1&psc=1"><img src="https://m.media-amazon.com/images/I/31uBL4LsJbL._SL500_.jpg" alt="Product Image"></a><p>Fisher-Price Baby to Toddler Bath 4-in-1 Sling ‘n Seat Tub with Removable Infant Support and 2 Toys, Pacific Pebble</p><p> -11% 0FF </p><p>$39.99</p><a href="https://www.amazon.com/dp/B0856SSQ1X?tag=eloabder-20&linkCode=osi&th=1&psc=1">View Product</a></div><div class="product"><a href="https://www.amazon.com/dp/B0BFVBMM2Y?tag=eloabder-20&linkCode=osi&th=1&psc=1"><img src="https://m.media-amazon.com/images/I/31HpHQ7IjxL._SL500_.jpg" alt="Product Image"></a><p>The First Years Renewed Baby Bath Tub - Newborn to Toddler 3-in-1 Baby Tub with Removable Sling - Made with 50% Recycled Material - 0 to 25 LBs</p><p> -10% 0FF </p><p>$26.99</p><a href="https://www.amazon.com/dp/B0BFVBMM2Y?tag=eloabder-20&linkCode=osi&th=1&psc=1">View Product</a></div><div class="product"><a href="https://www.amazon.com/dp/B08XYFMK8K?tag=eloabder-20&linkCode=osi&th=1&psc=1"><img src="https://m.media-amazon.com/images/I/41pzMRjTbyS._SL500_.jpg" alt="Product Image"></a><p>The First Years Rain Shower Baby Bathtub — Baby Spa for Newborn to Toddler — includes Convertible Bathtub and Sling with Soothing Spray — Baby Bath Essentials</p><p> -20% 0FF </p><p>$69.99</p><a href="https://www.amazon.com/dp/B08XYFMK8K?tag=eloabder-20&linkCode=osi&th=1&psc=1">View Product</a></div>
<div class="product"><a href="https://www.amazon.com/dp/B08GFCX964?tag=eloabder-20&linkCode=osi&th=1&psc=1"><img src="https://m.media-amazon.com/images/I/41WRO-OeUjL._SL500_.jpg" alt="Product Image"></a><p>PandaEar Set of 3 Silicone Baby Bibs Waterproof, Soft, Unisex, 10-72 Months (Brown/Blue/Green)</p><p> -27% 0FF </p><p>$8.45</p><a href="https://www.amazon.com/dp/B08GFCX964?tag=eloabder-20&linkCode=osi&th=1&psc=1">View Product</a></div><div class="product"><a href="https://www.amazon.com/dp/B0B152XRC4?tag=eloabder-20&linkCode=osi&th=1&psc=1"><img src="https://m.media-amazon.com/images/I/51OYlHgekxL._SL500_.jpg" alt="Product Image"></a><p>8-Pack Organic Baby Bibs for Boys, Girls - Soft Cotton Drooling and Teething Baby Bibs, Baby Girl Bibs, Baby Boy Bibs, Baby Drool Bibs for Baby Girl, Boy, Newborn Infant Bibs (Sweet Charm)</p><p> -39% 0FF </p><p>$16.96</p><a href="https://www.amazon.com/dp/B0B152XRC4?tag=eloabder-20&linkCode=osi&th=1&psc=1">View Product</a></div>
<div class="product"><a href="https://www.amazon.com/dp/B01CJABFKM?tag=eloabder-20&linkCode=osi&th=1&psc=1"><img src="https://m.media-amazon.com/images/I/41Cy6DIfuuL._SL500_.jpg" alt="Product Image"></a><p>Custom Catch Personalized Baby Blanket for Boys - Blue</p><p> -27% 0FF </p><p>$21.94</p><a href="https://www.amazon.com/dp/B01CJABFKM?tag=eloabder-20&linkCode=osi&th=1&psc=1">View Product</a></div><div class="product"><a href="https://www.amazon.com/dp/B098NY9KW8?tag=eloabder-20&linkCode=osi&th=1&psc=1"><img src="https://m.media-amazon.com/images/I/41k5gWkxQgL._SL500_.jpg" alt="Product Image"></a><p>Momcozy Muslin Swaddle Blankets, Swaddle Blanket for Baby Boys and Girls, 4-Pack Breathable and Skin-Friendly Baby Receiving Blankets Swaddle Wrap, Baby Essentials, Registry & Gift, 47 x 47 inches</p><p> -40% 0FF </p><p>$29.99</p><a href="https://www.amazon.com/dp/B098NY9KW8?tag=eloabder-20&linkCode=osi&th=1&psc=1">View Product</a></div><div class="product"><a href="https://www.amazon.com/dp/B0CNPDMD1R?tag=eloabder-20&linkCode=osi&th=1&psc=1"><img src="https://m.media-amazon.com/images/I/41P19H8j35L._SL500_.jpg" alt="Product Image"></a><p>Yurhap Fleece Baby Blanket Heart Checkered Blanket, Ultra Soft Cozy Baby Blankets for Girls Boys, Fluffy Infant Toddler Newborn Receiving Blankets for Crib Stroller 30”×40” (Light Pink)</p><p> -33% 0FF </p><p>$9.99</p><a href="https://www.amazon.com/dp/B0CNPDMD1R?tag=eloabder-20&linkCode=osi&th=1&psc=1">View Product</a></div><div class="product"><a href="https://www.amazon.com/dp/B0B3J7RYTF?tag=eloabder-20&linkCode=osi&th=1&psc=1"><img src="https://m.media-amazon.com/images/I/41xEsOQY4yL._SL500_.jpg" alt="Product Image"></a><p>Konssy Waffle Baby Blankets, Nursery Blankets for Boys Girls, Swaddle Blankets Neutral Soft Lightweight Toddler and Kids Throw Blankets(Oat)</p><p> -23% 0FF </p><p>$22.99</p><a href="https://www.amazon.com/dp/B0B3J7RYTF?tag=eloabder-20&linkCode=osi&th=1&psc=1">View Product</a></div><div class="product"><a href="https://www.amazon.com/dp/B0BD6TPYXR?tag=eloabder-20&linkCode=osi&th=1&psc=1"><img src="https://m.media-amazon.com/images/I/51SPJrzTpKL._SL500_.jpg" alt="Product Image"></a><p>Konssy Baby Blankets for Unisex Boys Girls, Super Soft Nursery Minky Blankets with Muslin Cotton Front and Dotted Fleece Backing, Printed Bed Throws Newborn</p><p> -10% 0FF </p><p>$18.99</p><a href="https://www.amazon.com/dp/B0BD6TPYXR?tag=eloabder-20&linkCode=osi&th=1&psc=1">View Product</a></div>
<div class="product"><a href="https://www.amazon.com/dp/B081FTXL88?tag=eloabder-20&linkCode=osi&th=1&psc=1"><img src="https://m.media-amazon.com/images/I/31S6fvevhIL._SL500_.jpg" alt="Product Image"></a><p>Munchkin® Bristle™ Bottle Brush, Grey</p><p> -23% 0FF </p><p>$4.47</p><a href="https://www.amazon.com/dp/B081FTXL88?tag=eloabder-20&linkCode=osi&th=1&psc=1">View Product</a></div><div class="product"><a href="https://www.amazon.com/dp/B082PZ44M9?tag=eloabder-20&linkCode=osi&th=1&psc=1"><img src="https://m.media-amazon.com/images/I/21NI5khXnaL._SL500_.jpg" alt="Product Image"></a><p>Boon Cacti Bottle Cleaning Brush Set - Includes Bottle Brush, Nipple Brush, Detail Brush, and Straw Brush - Baby Bottle Brush Set for Bottle Drying Rack - Baby Essentials - 4 Count</p><p> -12% 0FF </p><p>$13.49</p><a href="https://www.amazon.com/dp/B082PZ44M9?tag=eloabder-20&linkCode=osi&th=1&psc=1">View Product</a></div><div class="product"><a href="https://www.amazon.com/dp/B0CQKF5CWS?tag=eloabder-20&linkCode=osi&th=1&psc=1"><img src="https://m.media-amazon.com/images/I/31RoBDDbg3L._SL500_.jpg" alt="Product Image"></a><p>Munchkin® Bristle™ Bottle Brush, Modern Design, Grey</p><p> -23% 0FF </p><p>$4.47</p><a href="https://www.amazon.com/dp/B0CQKF5CWS?tag=eloabder-20&linkCode=osi&th=1&psc=1">View Product</a></div><div class="product"><a href="https://www.amazon.com/dp/B01968GERY?tag=eloabder-20&linkCode=osi&th=1&psc=1"><img src="https://m.media-amazon.com/images/I/21rubIV8FNL._SL500_.jpg" alt="Product Image"></a><p>NUK Triple Action Baby Bottle & Nipple Brush, 3 Powerful Cleaning Materials - Bristles, Sponge, & Scruber, Non-Slip Handle, Odor Resistant, Top Rack Dishwasher Safe</p><p> -54% 0FF </p><p>$4.49</p><a href="https://www.amazon.com/dp/B01968GERY?tag=eloabder-20&linkCode=osi&th=1&psc=1">View Product</a></div>
<div class="product"><a href="https://www.amazon.com/dp/B09CGTPJSL?tag=eloabder-20&linkCode=osi&th=1&psc=1"><img src="https://m.media-amazon.com/images/I/31O1L+MYMxL._SL500_.jpg" alt="Product Image"></a><p>Baby Bottle Sterilizer | Esterilizador de Biberones, 6-in-1 HAUTURE Bottle Sterilizer and Dryer, Electric Steam Bottle Sanitizer for Baby Stuffs, Baby Bottles & Breast Pump Accessories</p><p> -10% 0FF </p><p>$69.98</p><a href="https://www.amazon.com/dp/B09CGTPJSL?tag=eloabder-20&linkCode=osi&th=1&psc=1">View Product</a></div><div class="product"><a href="https://www.amazon.com/dp/B007VBXKG2?tag=eloabder-20&linkCode=osi&th=1&psc=1"><img src="https://m.media-amazon.com/images/I/315F64OEQHL._SL500_.jpg" alt="Product Image"></a><p>Philips AVENT Microwave Steam Sterilizer for Baby Bottles, Pacifiers, Cups and More, SCF281/05</p><p> -29% 0FF </p><p>$22.79</p><a href="https://www.amazon.com/dp/B007VBXKG2?tag=eloabder-20&linkCode=osi&th=1&psc=1">View Product</a></div><div class="product"><a href="https://www.amazon.com/dp/B09HJDX5S6?tag=eloabder-20&linkCode=osi&th=1&psc=1"><img src="https://m.media-amazon.com/images/I/41rjM6KCAmL._SL500_.jpg" alt="Product Image"></a><p>Baby Brezza Bottle Sterilizer and Dryer Advanced – Electric Steam Sterilization Machine Universal Sterilizing for All Bottles: Plastic + Glass Pacifiers Breast Pump Parts - HEPA Filtration</p><p> -15% 0FF </p><p>$118.99</p><a href="https://www.amazon.com/dp/B09HJDX5S6?tag=eloabder-20&linkCode=osi&th=1&psc=1">View Product</a></div><div class="product"><a href="https://www.amazon.com/dp/B0D474DSB6?tag=eloabder-20&linkCode=osi&th=1&psc=1"><img src="https://m.media-amazon.com/images/I/41p78Of58KL._SL500_.jpg" alt="Product Image"></a><p>Bottle Sterilizer and Dryer, HIYAKOI Electric Steam Baby Bottle Sterilizer and Dryer, All-in-One Sterilizer 2 Layers Large for Baby Bottles, Parts & Other Newborn Essentials - HEPA Filtration</p><p> -38% 0FF </p><p>$49.99</p><a href="https://www.amazon.com/dp/B0D474DSB6?tag=eloabder-20&linkCode=osi&th=1&psc=1">View Product</a></div><div class="product"><a href="https://www.amazon.com/dp/B0CQQFFQKJ?tag=eloabder-20&linkCode=osi&th=1&psc=1"><img src="https://m.media-amazon.com/images/I/41tQNekOelL._SL500_.jpg" alt="Product Image"></a><p>Momcozy Bottle Sterilizer and Dryer, 8-in-1 Electric Steam Baby Bottle Sterilizer for Baby Bottles, Baby stuffs & Breast Pump Accessories</p><p> -36% 0FF </p><p>$63.99</p><a href="https://www.amazon.com/dp/B0CQQFFQKJ?tag=eloabder-20&linkCode=osi&th=1&psc=1">View Product</a></div><div class="product"><a href="https://www.amazon.com/dp/B09HH7HSGV?tag=eloabder-20&linkCode=osi&th=1&psc=1"><img src="https://m.media-amazon.com/images/I/31tOSRxwFYL._SL500_.jpg" alt="Product Image"></a><p>GROWNSY Bottle Sterilizer and Dryer, 2024 Compact Electric Steam Baby Bottle Sterilizer (Esterilizador de Biberones), Bottle Sanitizer for Baby Bottles, Pacifiers, Pump Parts</p><p> -33% 0FF </p><p>$59.99</p><a href="https://www.amazon.com/dp/B09HH7HSGV?tag=eloabder-20&linkCode=osi&th=1&psc=1">View Product</a></div>
<div class="product"><a href="https://www.amazon.com/dp/B07G4KBQJ7?tag=eloabder-20&linkCode=osi&th=1&psc=1"><img src="https://m.media-amazon.com/images/I/41WM4mOjQiL._SL500_.jpg" alt="Product Image"></a><p>Evenflo Feeding Classic Tinted Plastic Standard Neck Bottles for Baby, Infant and Newborn, Pink/Lavender/Teal, 8 Ounce (Pack of 12)</p><p> -27% 0FF </p><p>$10.19</p><a href="https://www.amazon.com/dp/B07G4KBQJ7?tag=eloabder-20&linkCode=osi&th=1&psc=1">View Product</a></div><div class="product"><a href="https://www.amazon.com/dp/B00N9X4YZW?tag=eloabder-20&linkCode=osi&th=1&psc=1"><img src="https://m.media-amazon.com/images/I/51kDCJ8oQmL._SL500_.jpg" alt="Product Image"></a><p>Evenflo Feeding Classic Tinted Plastic Standard Neck Bottles for Baby, Infant and Newborn - Teal/Green/Blue, 8 Ounce (Pack of 12)</p><p> -31% 0FF </p><p>$9.68</p><a href="https://www.amazon.com/dp/B00N9X4YZW?tag=eloabder-20&linkCode=osi&th=1&psc=1">View Product</a></div><div class="product"><a href="https://www.amazon.com/dp/B07DCQKC33?tag=eloabder-20&linkCode=osi&th=1&psc=1"><img src="https://m.media-amazon.com/images/I/41jfe6zVMgL._SL500_.jpg" alt="Product Image"></a><p>Dr. Brown's Anti-Colic Baby Feeding Set with Slow Flow Nipples, Travel Caps, Silicone Pacifier - Pink</p><p> -20% 0FF </p><p>$18.41</p><a href="https://www.amazon.com/dp/B07DCQKC33?tag=eloabder-20&linkCode=osi&th=1&psc=1">View Product</a></div>
<div class="product"><a href="https://www.amazon.com/dp/B095F28Q6J?tag=eloabder-20&linkCode=osi&th=1&psc=1"><img src="https://m.media-amazon.com/images/I/311FVQReZOL._SL500_.jpg" alt="Product Image"></a><p>Baby Delight Alpine Deluxe Portable Bouncer, Infant, 0-6 Months, 100% GOTS Certified Cotton Fabrics, Organic Oat</p><p> -22% 0FF </p><p>$69.99</p><a href="https://www.amazon.com/dp/B095F28Q6J?tag=eloabder-20&linkCode=osi&th=1&psc=1">View Product</a></div><div class="product"><a href="https://www.amazon.com/dp/B0BLP5G5FJ?tag=eloabder-20&linkCode=osi&th=1&psc=1"><img src="https://m.media-amazon.com/images/I/41F7YHDOEGL._SL500_.jpg" alt="Product Image"></a><p>Bright Starts Playful Paradise Comfy Baby Bouncer Seat with Soothing Vibration and Toys, Unisex, 0-6 Months</p><p> -26% 0FF </p><p>$22.11</p><a href="https://www.amazon.com/dp/B0BLP5G5FJ?tag=eloabder-20&linkCode=osi&th=1&psc=1">View Product</a></div><div class="product"><a href="https://www.amazon.com/dp/B016DAWD3W?tag=eloabder-20&linkCode=osi&th=1&psc=1"><img src="https://m.media-amazon.com/images/I/31SssXA+BHL._SL500_.jpg" alt="Product Image"></a><p>BabyBjörn Bouncer Balance Soft, Cotton/Jersey, Dark Gray/Gray (005084US)</p><p> -14% 0FF </p><p>$179.99</p><a href="https://www.amazon.com/dp/B016DAWD3W?tag=eloabder-20&linkCode=osi&th=1&psc=1">View Product</a></div><div class="product"><a href="https://www.amazon.com/dp/B07C9ZR2VC?tag=eloabder-20&linkCode=osi&th=1&psc=1"><img src="https://m.media-amazon.com/images/I/41wSBC1+j4L._SL500_.jpg" alt="Product Image"></a><p>Smart Steps Trend EZ Bouncer, Bluebell</p><p> -45% 0FF </p><p>$29.99</p><a href="https://www.amazon.com/dp/B07C9ZR2VC?tag=eloabder-20&linkCode=osi&th=1&psc=1">View Product</a></div>
<div class="product"><a href="https://www.amazon.com/dp/B07XMN3SK6?tag=eloabder-20&linkCode=osi&th=1&psc=1"><img src="https://m.media-amazon.com/images/I/41bHS4nTJ2L._SL500_.jpg" alt="Product Image"></a><p>Infantino Flip 4-in-1 Carrier - Ergonomic for Newborns and Older Babies 8-32 lbs</p><p> -21% 0FF </p><p>$29.99</p><a href="https://www.amazon.com/dp/B07XMN3SK6?tag=eloabder-20&linkCode=osi&th=1&psc=1">View Product</a></div><div class="product"><a href="https://www.amazon.com/dp/B0743L6R1T?tag=eloabder-20&linkCode=osi&th=1&psc=1"><img src="https://m.media-amazon.com/images/I/31ZGsR+w+1L._SL500_.jpg" alt="Product Image"></a><p>Ergobaby Omni 360 All-Position Baby Carrier for Newborn to Toddler with Lumbar Support (7-45 Pounds), Pearl Grey, One Size (Pack of 1)</p><p> -39% 0FF </p><p>$110.00</p><a href="https://www.amazon.com/dp/B0743L6R1T?tag=eloabder-20&linkCode=osi&th=1&psc=1">View Product</a></div><div class="product"><a href="https://www.amazon.com/dp/B0CDQ1XH6W?tag=eloabder-20&linkCode=osi&th=1&psc=1"><img src="https://m.media-amazon.com/images/I/41kAV5NXZBL._SL500_.jpg" alt="Product Image"></a><p>Momcozy Baby Carrier Newborn to Toddler - Ergonomic, Cozy and Lightweight Infant Carrier for 7-44lbs, Effortless to Put On, Ideal for Hands-Free Parenting, Enhanced Lumbar Support, Leopard</p><p> -8% 0FF </p><p>$59.99</p><a href="https://www.amazon.com/dp/B0CDQ1XH6W?tag=eloabder-20&linkCode=osi&th=1&psc=1">View Product</a></div><div class="product"><a href="https://www.amazon.com/dp/B005SP2LWW?tag=eloabder-20&linkCode=osi&th=1&psc=1"><img src="https://m.media-amazon.com/images/I/31fYPOjdFrL._SL500_.jpg" alt="Product Image"></a><p>Boba Baby Wrap Carrier - Original Baby Carrier Wrap Sling for Newborns - Baby Wearing Essentials - Newborn Wrap Swaddle Holder, Newborn to Toddler Infant Sling (Grey)</p><p> -19% 0FF </p><p>$32.49</p><a href="https://www.amazon.com/dp/B005SP2LWW?tag=eloabder-20&linkCode=osi&th=1&psc=1">View Product</a></div><div class="product"><a href="https://www.amazon.com/dp/B098X8WS7Y?tag=eloabder-20&linkCode=osi&th=1&psc=1"><img src="https://m.media-amazon.com/images/I/41az3xS82UL._SL500_.jpg" alt="Product Image"></a><p>Momcozy Baby Wrap Carrier, Easy to Wear Infant Carrier Slings, Lightweight Hands Free Baby Sling, Adjustable Baby Carriers for Newborn to Toddler 8-35 lbs, Black</p><p> -28% 0FF </p><p>$32.99</p><a href="https://www.amazon.com/dp/B098X8WS7Y?tag=eloabder-20&linkCode=osi&th=1&psc=1">View Product</a></div>
<div class="product"><a href="https://www.amazon.com/dp/B01N3MYVZM?tag=eloabder-20&linkCode=osi&th=1&psc=1"><img src="https://m.media-amazon.com/images/I/41CLrlYJDnL._SL500_.jpg" alt="Product Image"></a><p>Graco SlimFit 3-in-1 Convertible Car Seat, Ultra-Space-Saving Design, Darcie, Suitable for Rear and Forward-Facing, Highback Booster Seat with 10-Position Headrest</p><p> -21% 0FF </p><p>$157.99</p><a href="https://www.amazon.com/dp/B01N3MYVZM?tag=eloabder-20&linkCode=osi&th=1&psc=1">View Product</a></div><div class="product"><a href="https://www.amazon.com/dp/B07J37RTPG?tag=eloabder-20&linkCode=osi&th=1&psc=1"><img src="https://m.media-amazon.com/images/I/41fGAx7LcGL._SL500_.jpg" alt="Product Image"></a><p>Graco 4Ever DLX 4-in-1 Car Seat, Grey, Infant to Toddler Car Seat, with 10 Years of Use, Rear-facing, Forward-facing and Booster Modes, Safe, Comfortable and Convenient</p><p> -7% 0FF </p><p>$279.00</p><a href="https://www.amazon.com/dp/B07J37RTPG?tag=eloabder-20&linkCode=osi&th=1&psc=1">View Product</a></div><div class="product"><a href="https://www.amazon.com/dp/B07R9H1JC9?tag=eloabder-20&linkCode=osi&th=1&psc=1"><img src="https://m.media-amazon.com/images/I/41NwO9xrBGL._SL500_.jpg" alt="Product Image"></a><p>Graco Grows4Me 4-in-1 Car Seat, Convertible Infant to Toddler Car Seat and Booster, West Point Design, for 10 Years of Safe, Comfortable Journeys</p><p> -29% 0FF </p><p>$199.99</p><a href="https://www.amazon.com/dp/B07R9H1JC9?tag=eloabder-20&linkCode=osi&th=1&psc=1">View Product</a></div>
<div class="product"><a href="https://www.amazon.com/dp/B08RN8G58P?tag=eloabder-20&linkCode=osi&th=1&psc=1"><img src="https://m.media-amazon.com/images/I/41Qid-FWhYL._SL500_.jpg" alt="Product Image"></a><p>Baby Portable Changing Pad Travel - Waterproof Compact Diaper Changing Mat with Built-in Pillow - Lightweight & Foldable Changing Station, Newborn Shower Gifts</p><p> -29% 0FF </p><p>$9.99</p><a href="https://www.amazon.com/dp/B08RN8G58P?tag=eloabder-20&linkCode=osi&th=1&psc=1">View Product</a></div><div class="product"><a href="https://www.amazon.com/dp/B089XVKJSL?tag=eloabder-20&linkCode=osi&th=1&psc=1"><img src="https://m.media-amazon.com/images/I/51qlzLJHUWL._SL500_.jpg" alt="Product Image"></a><p>Portable Diaper Changing Pad - Waterproof Foldable Baby Changing Mat - Travel Diaper Change Mat - Lightweight Changing Pads for Baby - Baby Changer - Machine Washable (Black Geo)</p><p> -7% 0FF </p><p>$12.96</p><a href="https://www.amazon.com/dp/B089XVKJSL?tag=eloabder-20&linkCode=osi&th=1&psc=1">View Product</a></div><div class="product"><a href="https://www.amazon.com/dp/B08PH9Y6QS?tag=eloabder-20&linkCode=osi&th=1&psc=1"><img src="https://m.media-amazon.com/images/I/21cBsus1AHL._SL500_.jpg" alt="Product Image"></a><p>Regalo Baby Basics Infant Changing Pad, White , 31x16x4 Inch (Pack of 1)</p><p> -33% 0FF </p><p>$19.99</p><a href="https://www.amazon.com/dp/B08PH9Y6QS?tag=eloabder-20&linkCode=osi&th=1&psc=1">View Product</a></div>
<div class="product"><a href="https://www.amazon.com/dp/B07GFNVLS2?tag=eloabder-20&linkCode=osi&th=1&psc=1"><img src="https://m.media-amazon.com/images/I/31T-p4V5gsL._SL500_.jpg" alt="Product Image"></a><p>Gerber Unisex Baby Multi-Pack Long-Sleeve Onesies Bodysuit Mitten Cuff Sizes 6-Pack Mitten Cuff 0-3 Months</p><p> -12% 0FF </p><p>$15.81</p><a href="https://www.amazon.com/dp/B07GFNVLS2?tag=eloabder-20&linkCode=osi&th=1&psc=1">View Product</a></div><div class="product"><a href="https://www.amazon.com/dp/B0CP3NQCN3?tag=eloabder-20&linkCode=osi&th=1&psc=1"><img src="https://m.media-amazon.com/images/I/41MpsB3rYcL._SL500_.jpg" alt="Product Image"></a><p>Kaipiclos Newborn Infant Girl Clothes Rib Knit Romper Daisy Print Pants Headband Baby Clothes for Girls 0 3 6 12 18 24 Months</p><p> -10% 0FF </p><p>$14.99</p><a href="https://www.amazon.com/dp/B0CP3NQCN3?tag=eloabder-20&linkCode=osi&th=1&psc=1">View Product</a></div><div class="product"><a href="https://www.amazon.com/dp/B0D88Z7VLZ?tag=eloabder-20&linkCode=osi&th=1&psc=1"><img src="https://m.media-amazon.com/images/I/41Au0yzblbL._SL500_.jpg" alt="Product Image"></a><p>Burt's Bees Baby Baby Boys Pajamas, Sleep and Play Loose Fit, 100% Organic Cotton, Soft One-piece PJs, Diagonal Zip Up Jumpsuit Newborn Essentials with Interior Zipper Guard in sizes NB to 6-9 Months</p><p> -49% 0FF </p><p>$7.60</p><a href="https://www.amazon.com/dp/B0D88Z7VLZ?tag=eloabder-20&linkCode=osi&th=1&psc=1">View Product</a></div>
<div class="product"><a href="https://www.amazon.com/dp/B002FQK8IQ?tag=eloabder-20&linkCode=osi&th=1&psc=1"><img src="https://m.media-amazon.com/images/I/41WTSrhkJ4L._SL500_.jpg" alt="Product Image"></a><p>Safety 1st Easy Grip Brush and Comb, Colors May Vary</p><p> -23% 0FF </p><p>$4.59</p><a href="https://www.amazon.com/dp/B002FQK8IQ?tag=eloabder-20&linkCode=osi&th=1&psc=1">View Product</a></div><div class="product"><a href="https://www.amazon.com/dp/B07T16DQ31?tag=eloabder-20&linkCode=osi&th=1&psc=1"><img src="https://m.media-amazon.com/images/I/41Grt+V3Q7L._SL500_.jpg" alt="Product Image"></a><p>Frida Baby The 3-Step Cradle Cap System, DermaFrida The FlakeFixer, Sponge, Brush, Comb and Storage Stand for Babies with Cradle Cap, White-Blue</p><p> -15% 0FF </p><p>$14.44</p><a href="https://www.amazon.com/dp/B07T16DQ31?tag=eloabder-20&linkCode=osi&th=1&psc=1">View Product</a></div>
<div class="product"><a href="https://www.amazon.com/dp/B071K5T5Q2?tag=eloabder-20&linkCode=osi&th=1&psc=1"><img src="https://m.media-amazon.com/images/I/21rvQFmQBLL._SL500_.jpg" alt="Product Image"></a><p>The Honest Company Silicone-Free Conditioner | Gentle for Baby | Naturally Derived, Tear-free, Hypoallergenic | Fragrance Free Sensitive, 10 fl oz</p><p> -16% 0FF </p><p>$10.10 ($1.01 / Fl Oz)</p><a href="https://www.amazon.com/dp/B071K5T5Q2?tag=eloabder-20&linkCode=osi&th=1&psc=1">View Product</a></div><div class="product"><a href="https://www.amazon.com/dp/B07DGJ57P7?tag=eloabder-20&linkCode=osi&th=1&psc=1"><img src="https://m.media-amazon.com/images/I/31AEfjD6FyL._SL500_.jpg" alt="Product Image"></a><p>Johnson's Baby No More Tangles 2-in-1 Detangling Hair Shampoo & Conditioner for Kids & Toddlers, Gentle & Tear-Free, Hypoallergenic & Free of Parabens, Phthalates, Sulfates & Dyes, 20.3 fl. oz</p><p> -7% 0FF </p><p>$6.29 ($0.31 / Fl Oz)</p><a href="https://www.amazon.com/dp/B07DGJ57P7?tag=eloabder-20&linkCode=osi&th=1&psc=1">View Product</a></div><div class="product"><a href="https://www.amazon.com/dp/B07S89SL7D?tag=eloabder-20&linkCode=osi&th=1&psc=1"><img src="https://m.media-amazon.com/images/I/313C69-mF6L._SL500_.jpg" alt="Product Image"></a><p>Johnson's Baby Curl Defining Tear-Free Kids' Leave-in Conditioner with Shea Butter, Paraben-, Sulfate- & Dye-Free Formula, Hypoallergenic & Gentle for Toddlers' Hair, 6.8 fl. Oz</p><p> -28% 0FF </p><p>$6.11 ($0.90 / Fl Oz)</p><a href="https://www.amazon.com/dp/B07S89SL7D?tag=eloabder-20&linkCode=osi&th=1&psc=1">View Product</a></div><div class="product"><a href="https://www.amazon.com/dp/B07S7BPB2Q?tag=eloabder-20&linkCode=osi&th=1&psc=1"><img src="https://m.media-amazon.com/images/I/31DemfdZoNL._SL500_.jpg" alt="Product Image"></a><p>Johnson's Baby Shiny & Soft Tear-Free Kids' Hair Conditioning Spray with Argan Oil & Silk Proteins, Paraben, Sulfate & Dye-Free Formula, Hypoallergenic & Gentle for Toddlers, 10 Fl Oz</p><p> -33% 0FF </p><p>$5.66 ($0.57 / Fl Oz)</p><a href="https://www.amazon.com/dp/B07S7BPB2Q?tag=eloabder-20&linkCode=osi&th=1&psc=1">View Product</a></div><div class="product"><a href="https://www.amazon.com/dp/B0CJP91HN7?tag=eloabder-20&linkCode=osi&th=1&psc=1"><img src="https://m.media-amazon.com/images/I/41Z4G7wsFWL._SL500_.jpg" alt="Product Image"></a><p>ECOLATIÈR Kids Hair Balm Easy Detangling 3+ - Toddler Hair Conditioner, Tear-Free, 96.8% Natural, Vegan, Strengthens & Softens Kids' Hair, No Irritation - 8.5 Fl Oz</p><p> -14% 0FF </p><p>$9.49 ($1.12 / Ounce)</p><a href="https://www.amazon.com/dp/B0CJP91HN7?tag=eloabder-20&linkCode=osi&th=1&psc=1">View Product</a></div>
<div class="product"><a href="https://www.amazon.com/dp/B07Y3WQHZ6?tag=eloabder-20&linkCode=osi&th=1&psc=1"><img src="https://m.media-amazon.com/images/I/41Ai-kbx6LL._SL500_.jpg" alt="Product Image"></a><p>Delta Children Essex 4-in-1 Convertible Baby Crib, Bianca White with Natural Legs</p><p> -34% 0FF </p><p>$145.96</p><a href="https://www.amazon.com/dp/B07Y3WQHZ6?tag=eloabder-20&linkCode=osi&th=1&psc=1">View Product</a></div><div class="product"><a href="https://www.amazon.com/dp/B00LFP61PW?tag=eloabder-20&linkCode=osi&th=1&psc=1"><img src="https://m.media-amazon.com/images/I/41jj-ehw-vL._SL500_.jpg" alt="Product Image"></a><p>Graco Benton 5-in-1 Convertible Crib (White) – GREENGUARD Gold Certified, Converts from Baby Crib to Toddler Bed, Daybed and Full-Size Bed, Fits Standard Full-Size Crib Mattress</p><p> -20% 0FF </p><p>$159.99</p><a href="https://www.amazon.com/dp/B00LFP61PW?tag=eloabder-20&linkCode=osi&th=1&psc=1">View Product</a></div><div class="product"><a href="https://www.amazon.com/dp/B00EANJX5Q?tag=eloabder-20&linkCode=osi&th=1&psc=1"><img src="https://m.media-amazon.com/images/I/41+kxqP4icL._SL500_.jpg" alt="Product Image"></a><p>Dream On Me Synergy 5-In-1 Convertible Crib In White, Greenguard Gold Certified</p><p> -31% 0FF </p><p>$137.20</p><a href="https://www.amazon.com/dp/B00EANJX5Q?tag=eloabder-20&linkCode=osi&th=1&psc=1">View Product</a></div><div class="product"><a href="https://www.amazon.com/dp/B08D4N5RKW?tag=eloabder-20&linkCode=osi&th=1&psc=1"><img src="https://m.media-amazon.com/images/I/41sUNWg3sBL._SL500_.jpg" alt="Product Image"></a><p>Graco Hadley 5-in-1 Convertible Crib and Changer with Drawer (White) – GREENGUARD Gold Certified, Crib and Changing -Table Combo with Drawer, Includes Baby Changing Pad, Converts to Full-Size Bed</p><p> -18% 0FF </p><p>$359.99</p><a href="https://www.amazon.com/dp/B08D4N5RKW?tag=eloabder-20&linkCode=osi&th=1&psc=1">View Product</a></div><div class="product"><a href="https://www.amazon.com/dp/B08PMJBN33?tag=eloabder-20&linkCode=osi&th=1&psc=1"><img src="https://m.media-amazon.com/images/I/416ZYsREZOL._SL500_.jpg" alt="Product Image"></a><p>Oxford Baby North Bay 4-in-1 Convertible Baby Crib, Dove Gray, GreenGuard Gold Certified</p><p> -18% 0FF </p><p>$188.09</p><a href="https://www.amazon.com/dp/B08PMJBN33?tag=eloabder-20&linkCode=osi&th=1&psc=1">View Product</a></div><div class="product"><a href="https://www.amazon.com/dp/B078WTVBVW?tag=eloabder-20&linkCode=osi&th=1&psc=1"><img src="https://m.media-amazon.com/images/I/41NpHX4YnfL._SL500_.jpg" alt="Product Image"></a><p>Dream On Me Jayden 4-in-1 Mini Convertible Crib And Changer in Storm Grey, Greenguard Gold Certified, Non-Toxic Finish, New Zealand Pinewood, 1" Mattress Pad</p><p> -35% 0FF </p><p>$259.99</p><a href="https://www.amazon.com/dp/B078WTVBVW?tag=eloabder-20&linkCode=osi&th=1&psc=1">View Product</a></div>
<div class="product"><a href="https://www.amazon.com/dp/B01M4QMQ4B?tag=eloabder-20&linkCode=osi&th=1&psc=1"><img src="https://m.media-amazon.com/images/I/317ardc5Y-L._SL500_.jpg" alt="Product Image"></a><p>The Honest Company 2-in-1 Cleansing Shampoo + Body Wash | Gentle for Baby | Naturally Derived, Tear-free, Hypoallergenic | Lavender Calm, 10 fl oz</p><p> -8% 0FF </p><p>$10.99 ($1.10 / Fl Oz)</p><a href="https://www.amazon.com/dp/B01M4QMQ4B?tag=eloabder-20&linkCode=osi&th=1&psc=1">View Product</a></div><div class="product"><a href="https://www.amazon.com/dp/B09MVMNW5M?tag=eloabder-20&linkCode=osi&th=1&psc=1"><img src="https://m.media-amazon.com/images/I/41GDxpQsmOL._SL500_.jpg" alt="Product Image"></a><p>Cetaphil Baby Wash & Shampoo, 13.5oz Pack of 2, Hypoallergenic, Gentle Enough for Everyday Use, Soap Free</p><p> -10% 0FF </p><p>$16.99</p><a href="https://www.amazon.com/dp/B09MVMNW5M?tag=eloabder-20&linkCode=osi&th=1&psc=1">View Product</a></div><div class="product"><a href="https://www.amazon.com/dp/B0CZY44GD2?tag=eloabder-20&linkCode=osi&th=1&psc=1"><img src="https://m.media-amazon.com/images/I/31Gh3bZjFXL._SL500_.jpg" alt="Product Image"></a><p>Aveeno Baby Healthy Start Nourishing Newborn Wash, Hypoallergenic Baby Body Wash with Prebiotic Oat Gently Cleanses Delicate Newborn Skin, Fragrance-Free, Tear-Free, Paraben-Free, 8 fl. oz</p><p> -21% 0FF </p><p>$7.01 ($0.88 / Fl Oz)</p><a href="https://www.amazon.com/dp/B0CZY44GD2?tag=eloabder-20&linkCode=osi&th=1&psc=1">View Product</a></div>
<div class="product"><a href="https://www.amazon.com/dp/B07M6FL57T?tag=eloabder-20&linkCode=osi&th=1&psc=1"><img src="https://m.media-amazon.com/images/I/51iE4BjVpYL._SL500_.jpg" alt="Product Image"></a><p>Huggies Newborn Diapers, Little Snugglers Baby Diapers, Size Newborn (up to 10 lbs), 31 Count</p><p> -19% 0FF </p><p>$9.94 ($0.32 / Count)</p><a href="https://www.amazon.com/dp/B07M6FL57T?tag=eloabder-20&linkCode=osi&th=1&psc=1">View Product</a></div><div class="product"><a href="https://www.amazon.com/dp/B0CHGCDYJJ?tag=eloabder-20&linkCode=osi&th=1&psc=1"><img src="https://m.media-amazon.com/images/I/41csgXalIEL._SL500_.jpg" alt="Product Image"></a><p>Huggies Size Newborn Diapers, Skin Essentials Baby Diapers, Size Newborn (6-9 lbs), 31 Count</p><p> -19% 0FF </p><p>$9.94 ($0.32 / Count)</p><a href="https://www.amazon.com/dp/B0CHGCDYJJ?tag=eloabder-20&linkCode=osi&th=1&psc=1">View Product</a></div><div class="product"><a href="https://www.amazon.com/dp/B082QBHW74?tag=eloabder-20&linkCode=osi&th=1&psc=1"><img src="https://m.media-amazon.com/images/I/41z+Jw1td2L._SL500_.jpg" alt="Product Image"></a><p>Pampers Pure Protection Diapers Newborn - Size 0, 76 Count, Hypoallergenic Premium Disposable Baby Diapers</p><p> -19% 0FF </p><p>$22.79 ($0.30 / Count)</p><a href="https://www.amazon.com/dp/B082QBHW74?tag=eloabder-20&linkCode=osi&th=1&psc=1">View Product</a></div><div class="product"><a href="https://www.amazon.com/dp/B07M6FL9V2?tag=eloabder-20&linkCode=osi&th=1&psc=1"><img src="https://m.media-amazon.com/images/I/51JPrk+N-RL._SL500_.jpg" alt="Product Image"></a><p>Huggies Size 4 Diapers, Little Movers Baby Diapers, Size 4 (22-37 lbs), 22 Count (Packaging May Vary)</p><p> -19% 0FF </p><p>$9.94 ($0.45 / Count)</p><a href="https://www.amazon.com/dp/B07M6FL9V2?tag=eloabder-20&linkCode=osi&th=1&psc=1">View Product</a></div><div class="product"><a href="https://www.amazon.com/dp/B07T2QM32L?tag=eloabder-20&linkCode=osi&th=1&psc=1"><img src="https://m.media-amazon.com/images/I/41w5IxTMsnL._SL500_.jpg" alt="Product Image"></a><p>Amazon Brand - Mama Bear Gentle Touch Diapers, Hypoallergenic, Size 6, 27 Count, White</p><p> -10% 0FF </p><p>$11.32</p><a href="https://www.amazon.com/dp/B07T2QM32L?tag=eloabder-20&linkCode=osi&th=1&psc=1">View Product</a></div>
<div class="product"><a href="https://www.amazon.com/dp/B001OC5UMQ?tag=eloabder-20&linkCode=osi&th=1&psc=1"><img src="https://m.media-amazon.com/images/I/413nT5TZ9sL._SL500_.jpg" alt="Product Image"></a><p>Regalo Easy Step 38.5-Inch Wide Walk Thru Baby Gate, Includes 6-Inch Extension Kit, Pressure Mount Kit, Wall Cups</p><p> -22% 0FF </p><p>$34.99</p><a href="https://www.amazon.com/dp/B001OC5UMQ?tag=eloabder-20&linkCode=osi&th=1&psc=1">View Product</a></div><div class="product"><a href="https://www.amazon.com/dp/B075XQ2XYV?tag=eloabder-20&linkCode=osi&th=1&psc=1"><img src="https://m.media-amazon.com/images/I/51+9Fa+FH3L._SL500_.jpg" alt="Product Image"></a><p>Evenflo Position & Lock Baby Gate, Pressure-Mounted, Farmhouse Collection</p><p> -9% 0FF </p><p>$19.98</p><a href="https://www.amazon.com/dp/B075XQ2XYV?tag=eloabder-20&linkCode=osi&th=1&psc=1">View Product</a></div><div class="product"><a href="https://www.amazon.com/dp/B01BTUNHSQ?tag=eloabder-20&linkCode=osi&th=1&psc=1"><img src="https://m.media-amazon.com/images/I/31nuC-O3n9L._SL500_.jpg" alt="Product Image"></a><p>Safety 1st Easy Install 28" High Walk Thru Gate, Fits Between 29" and 38"</p><p> -10% 0FF </p><p>$44.99</p><a href="https://www.amazon.com/dp/B01BTUNHSQ?tag=eloabder-20&linkCode=osi&th=1&psc=1">View Product</a></div><div class="product"><a href="https://www.amazon.com/dp/B07WFZSW72?tag=eloabder-20&linkCode=osi&th=1&psc=1"><img src="https://m.media-amazon.com/images/I/41nc627IqxL._SL500_.jpg" alt="Product Image"></a><p>Cumbor 29.7-46" Baby Gate for Stairs, Mom's Choice Awards Winner-Auto Close Dog Gate for the House, Easy Install Pressure Mounted Pet Gates for Doorways, Easy Walk Thru Wide Safety Gate for Dog, Black</p><p> -10% 0FF </p><p>$89.99</p><a href="https://www.amazon.com/dp/B07WFZSW72?tag=eloabder-20&linkCode=osi&th=1&psc=1">View Product</a></div><div class="product"><a href="https://www.amazon.com/dp/B09F36M2T5?tag=eloabder-20&linkCode=osi&th=1&psc=1"><img src="https://m.media-amazon.com/images/I/416tulkEC2L._SL500_.jpg" alt="Product Image"></a><p>COMOMY 36" Extra Tall Baby Gate for Stairs Doorways, Fits Openings 29.5" to 48.8" Wide, Auto Close Extra Wide Dog Gate for House, Pressure Mounted Easy Walk Through Pet Gate with Door, Black</p><p> -13% 0FF </p><p>$69.99</p><a href="https://www.amazon.com/dp/B09F36M2T5?tag=eloabder-20&linkCode=osi&th=1&psc=1">View Product</a></div><div class="product"><a href="https://www.amazon.com/dp/B01EMK5JQI?tag=eloabder-20&linkCode=osi&th=1&psc=1"><img src="https://m.media-amazon.com/images/I/417uxACGTTL._SL500_.jpg" alt="Product Image"></a><p>Regalo Easy Step 49-Inch Extra Wide Baby Gate, Includes 4-Inch and 12-Inch Extension Kit, 4 Pack of Pressure Mount Kit and 4 Pack of Wall Mount Kit, Black</p><p> -20% 0FF </p><p>$39.99</p><a href="https://www.amazon.com/dp/B01EMK5JQI?tag=eloabder-20&linkCode=osi&th=1&psc=1">View Product</a></div><div class="product"><a href="https://www.amazon.com/dp/B07JGDGG23?tag=eloabder-20&linkCode=osi&th=1&psc=1"><img src="https://m.media-amazon.com/images/I/51eFFFBIYUL._SL500_.jpg" alt="Product Image"></a><p>Toddleroo by North States Superyard 6 Panel Baby Play Yard. Playpen or Extra Wide Baby Gate, Wall Mount Kit Included. Made in USA. 38.5" - 201" wide, 5.5 ft corner to corner play yard (26" tall, Gray)</p><p> -29% 0FF </p><p>$61.46</p><a href="https://www.amazon.com/dp/B07JGDGG23?tag=eloabder-20&linkCode=osi&th=1&psc=1">View Product</a></div>
<div class="product"><a href="https://www.amazon.com/dp/B0D8J8RGMN?tag=eloabder-20&linkCode=osi&th=1&psc=1"><img src="https://m.media-amazon.com/images/I/51IQYrOgXVL._SL500_.jpg" alt="Product Image"></a><p>3 Pack Baby Beanie Hats with Earflaps, 2 Size Baby Winter Hat for Newborn Infant Toddler Kids Children with Cute Smiley Face, Soft Warm Fleece Lined Knit Hat for Girls Boys-01</p><p> -47% 0FF </p><p>$15.99</p><a href="https://www.amazon.com/dp/B0D8J8RGMN?tag=eloabder-20&linkCode=osi&th=1&psc=1">View Product</a></div><div class="product"><a href="https://www.amazon.com/dp/B08V4HJF5T?tag=eloabder-20&linkCode=osi&th=1&psc=1"><img src="https://m.media-amazon.com/images/I/41JnGlILpnL._SL500_.jpg" alt="Product Image"></a><p>6 Pieces Newborn Baby Hat Bear Ears Infant Caps Baby Boy Girl Toddler Hats Infant Beanie Caps for 0-3 Months (Black White, Black, Navy Blue, Black Gray, Gray, White,Classic)</p><p> -8% 0FF </p><p>$11.99</p><a href="https://www.amazon.com/dp/B08V4HJF5T?tag=eloabder-20&linkCode=osi&th=1&psc=1">View Product</a></div><div class="product"><a href="https://www.amazon.com/dp/B091D4KRJS?tag=eloabder-20&linkCode=osi&th=1&psc=1"><img src="https://m.media-amazon.com/images/I/41IspZQwuhL._SL500_.jpg" alt="Product Image"></a><p>Baby Boy Sun Hat Bucket Hats for Toddler 6-12,12-24 months</p><p> -20% 0FF </p><p>$14.39</p><a href="https://www.amazon.com/dp/B091D4KRJS?tag=eloabder-20&linkCode=osi&th=1&psc=1">View Product</a></div>
<div class="product"><a href="https://www.amazon.com/dp/B07BVN1YMN?tag=eloabder-20&linkCode=osi&th=1&psc=1"><img src="https://m.media-amazon.com/images/I/41+i0x5p4TL._SL500_.jpg" alt="Product Image"></a><p>Baby Trend Tot Spot 3-in-1 High Chair, Bluebell</p><p> -40% 0FF </p><p>$59.99</p><a href="https://www.amazon.com/dp/B07BVN1YMN?tag=eloabder-20&linkCode=osi&th=1&psc=1">View Product</a></div><div class="product"><a href="https://www.amazon.com/dp/B01JRY07BQ?tag=eloabder-20&linkCode=osi&th=1&psc=1"><img src="https://m.media-amazon.com/images/I/41zyGMxJY0L._SL500_.jpg" alt="Product Image"></a><p>Cosco Simple Fold High Chair, Comet</p><p> -23% 0FF </p><p>$49.99</p><a href="https://www.amazon.com/dp/B01JRY07BQ?tag=eloabder-20&linkCode=osi&th=1&psc=1">View Product</a></div><div class="product"><a href="https://www.amazon.com/dp/B017VNNWXA?tag=eloabder-20&linkCode=osi&th=1&psc=1"><img src="https://m.media-amazon.com/images/I/41VGIO1sPhL._SL500_.jpg" alt="Product Image"></a><p>Cosco Simple Fold Deluxe High Chair with 3-Position Tray, Monster Syd</p><p> -17% 0FF </p><p>$49.99</p><a href="https://www.amazon.com/dp/B017VNNWXA?tag=eloabder-20&linkCode=osi&th=1&psc=1">View Product</a></div><div class="product"><a href="https://www.amazon.com/dp/B089PKYWJ8?tag=eloabder-20&linkCode=osi&th=1&psc=1"><img src="https://m.media-amazon.com/images/I/31MgSLR6W8L._SL500_.jpg" alt="Product Image"></a><p>Dream On Me Portable 2-in-1 Tabletalk High Chair, Convertible Compact High Chair, Light Weight Portable Highchair, Aqua</p><p> -45% 0FF </p><p>$55.13</p><a href="https://www.amazon.com/dp/B089PKYWJ8?tag=eloabder-20&linkCode=osi&th=1&psc=1">View Product</a></div><div class="product"><a href="https://www.amazon.com/dp/B0CPXDDPDY?tag=eloabder-20&linkCode=osi&th=1&psc=1"><img src="https://m.media-amazon.com/images/I/41qNrW3wklL._SL500_.jpg" alt="Product Image"></a><p>Fodoss 3-in-1 Wooden High Chair for Babies and Toddlers,Convertible Easy Clean Infant Highchair,Silla Modern Design para Comer De Bebe</p><p> -10% 0FF </p><p>$80.98</p><a href="https://www.amazon.com/dp/B0CPXDDPDY?tag=eloabder-20&linkCode=osi&th=1&psc=1">View Product</a></div>
<div class="product"><a href="https://www.amazon.com/dp/B0BG7B1GHP?tag=eloabder-20&linkCode=osi&th=1&psc=1"><img src="https://m.media-amazon.com/images/I/51MRfMlZsSL._SL500_.jpg" alt="Product Image"></a><p>Yoofoss Hooded Baby Towels for Newborn 2 Pack 100% Muslin Cotton Baby Bath Towel with Hood for Babies, Infant, Toddler and Kids, Large 32x32Inch, Soft and Absorbent Newborn Essential</p><p> -20% 0FF </p><p>$15.99</p><a href="https://www.amazon.com/dp/B0BG7B1GHP?tag=eloabder-20&linkCode=osi&th=1&psc=1">View Product</a></div><div class="product"><a href="https://www.amazon.com/dp/B0C6RKZLXW?tag=eloabder-20&linkCode=osi&th=1&psc=1"><img src="https://m.media-amazon.com/images/I/51HX88nmMOL._SL500_.jpg" alt="Product Image"></a><p>Gerber Baby 4 Piece Animal Character Hooded Towel and Washcloth Set, Brown Lion, One Size</p><p> -49% 0FF </p><p>$9.24</p><a href="https://www.amazon.com/dp/B0C6RKZLXW?tag=eloabder-20&linkCode=osi&th=1&psc=1">View Product</a></div><div class="product"><a href="https://www.amazon.com/dp/B0CKXKR1RV?tag=eloabder-20&linkCode=osi&th=1&psc=1"><img src="https://m.media-amazon.com/images/I/41PjOK7YCBL._SL500_.jpg" alt="Product Image"></a><p>Momcozy Baby Hooded Towel, 2 Pack Baby Towel Set, Super Soft Bath Towel with Original Design, Shower Gifts for Infant, Toddler (28 X 28 Inch, Lemon Leaves)</p><p> -19% 0FF </p><p>$21.99</p><a href="https://www.amazon.com/dp/B0CKXKR1RV?tag=eloabder-20&linkCode=osi&th=1&psc=1">View Product</a></div><div class="product"><a href="https://www.amazon.com/dp/B00X21O4L0?tag=eloabder-20&linkCode=osi&th=1&psc=1"><img src="https://m.media-amazon.com/images/I/51fEvVAVyfL._SL500_.jpg" alt="Product Image"></a><p>Luvable Friends Unisex Baby Hooded Towel with Five Washcloths, Boy Fox, One Size</p><p> -17% 0FF </p><p>$9.99</p><a href="https://www.amazon.com/dp/B00X21O4L0?tag=eloabder-20&linkCode=osi&th=1&psc=1">View Product</a></div>
<div class="product"><a href="https://www.amazon.com/dp/B07DGKXBD7?tag=eloabder-20&linkCode=osi&th=1&psc=1"><img src="https://m.media-amazon.com/images/I/31FyDL3570L._SL500_.jpg" alt="Product Image"></a><p>Johnson's Moisturizing Mild Pink Baby Lotion with Coconut Oil for Delicate Baby Skin, Paraben-, Phthalate- & Dye-Free, Hypoallergenic & Dermatologist-Tested, Baby Skin Care, 27.1 Fl. Oz</p><p> -33% 0FF </p><p>$7.19 ($0.27 / Fl Oz)</p><a href="https://www.amazon.com/dp/B07DGKXBD7?tag=eloabder-20&linkCode=osi&th=1&psc=1">View Product</a></div><div class="product"><a href="https://www.amazon.com/dp/B00JF3RYPM?tag=eloabder-20&linkCode=osi&th=1&psc=1"><img src="https://m.media-amazon.com/images/I/31n9VJQSijL._SL500_.jpg" alt="Product Image"></a><p>CeraVe Baby Lotion | Gentle Baby Skin Care with Ceramides, Niacinamide & Vitamin E | Fragrance, Paraben, Dye & Phthalates Free | Lightweight Baby Moisturizer | 8 Ounce | Packaging May Vary</p><p> -10% 0FF </p><p>$8.97 ($1.12 / Fl Oz)</p><a href="https://www.amazon.com/dp/B00JF3RYPM?tag=eloabder-20&linkCode=osi&th=1&psc=1">View Product</a></div><div class="product"><a href="https://www.amazon.com/dp/B094RH4GHC?tag=eloabder-20&linkCode=osi&th=1&psc=1"><img src="https://m.media-amazon.com/images/I/31xi7tuBJAL._SL500_.jpg" alt="Product Image"></a><p>Johnson's Baby Moisturizing Mild Pink Baby Lotion with Coconut Oil for Delicate Baby Skin, Paraben-, Phthalate- & Dye-Free, Hypoallergenic & Dermatologist-Tested, Baby Skin Care, 13.6 Fl. Oz</p><p> -34% 0FF </p><p>$4.49 ($0.33 / Fl Oz)</p><a href="https://www.amazon.com/dp/B094RH4GHC?tag=eloabder-20&linkCode=osi&th=1&psc=1">View Product</a></div><div class="product"><a href="https://www.amazon.com/dp/B0030UF6EW?tag=eloabder-20&linkCode=osi&th=1&psc=1"><img src="https://m.media-amazon.com/images/I/31RKFp5lxLL._SL500_.jpg" alt="Product Image"></a><p>Aveeno Baby Daily Moisture Body Lotion for Sensitive Skin, Hypoallergenic Moisturizing Baby Lotion with Nourishing Oatmeal to Deeply Moisturize Baby's Skin, Fragrance-Free, 18 fl. oz</p><p> -32% 0FF </p><p>$11.06</p><a href="https://www.amazon.com/dp/B0030UF6EW?tag=eloabder-20&linkCode=osi&th=1&psc=1">View Product</a></div><div class="product"><a href="https://www.amazon.com/dp/B00U2VQW72?tag=eloabder-20&linkCode=osi&th=1&psc=1"><img src="https://m.media-amazon.com/images/I/31nMuDcXtPL._SL500_.jpg" alt="Product Image"></a><p>Aveeno Baby Calming Comfort Moisturizing Body Lotion with Relaxing Lavender & Vanilla Scents, Non-Greasy Baby Lotion, Nourishing Prebiotic Oatmeal, Paraben- & Phthalate-Free, 18 fl. oz</p><p> -29% 0FF </p><p>$11.69 ($0.65 / Fl Oz)</p><a href="https://www.amazon.com/dp/B00U2VQW72?tag=eloabder-20&linkCode=osi&th=1&psc=1">View Product</a></div><div class="product"><a href="https://www.amazon.com/dp/B07DGL23H4?tag=eloabder-20&linkCode=osi&th=1&psc=1"><img src="https://m.media-amazon.com/images/I/31YO49z1TsL._SL500_.jpg" alt="Product Image"></a><p>Johnson's Moisturizing Bedtime Baby Lotion with Coconut Oil & NaturalCalm Aromas to Help Relax Baby, Hypoallergenic & Free of Parabens, Phthalates & Dyes, Mild Baby Skin Care, 27.1 fl. oz</p><p> -36% 0FF </p><p>$9.50 ($0.35 / Fl Oz)</p><a href="https://www.amazon.com/dp/B07DGL23H4?tag=eloabder-20&linkCode=osi&th=1&psc=1">View Product</a></div><div class="product"><a href="https://www.amazon.com/dp/B01A59VMSO?tag=eloabder-20&linkCode=osi&th=1&psc=1"><img src="https://m.media-amazon.com/images/I/31P-2Bf0eYL._SL500_.jpg" alt="Product Image"></a><p>Eucerin Baby Body Lotion, Hypoallergenic and Fragrance Free Baby Lotion, Baby Moisturizer with Pro-Vitamin B5 and Shea Butter, 13.5 Fl Oz Bottle</p><p> -17% 0FF </p><p>$9.78 ($0.72 / Fl Oz)</p><a href="https://www.amazon.com/dp/B01A59VMSO?tag=eloabder-20&linkCode=osi&th=1&psc=1">View Product</a></div><div class="product"><a href="https://www.amazon.com/dp/B07DGKXBDD?tag=eloabder-20&linkCode=osi&th=1&psc=1"><img src="https://m.media-amazon.com/images/I/31IvagYz0ML._SL500_.jpg" alt="Product Image"></a><p>Johnson's Baby CottonTouch Newborn Baby Face and Body Lotion, Hypoallergenic and Paraben-Free Moisturization for Baby's Sensitive Skin, Made with Real Cotton, 27.1 fl. oz</p><p> -37% 0FF </p><p>$9.35 ($0.35 / Fl Oz)</p><a href="https://www.amazon.com/dp/B07DGKXBDD?tag=eloabder-20&linkCode=osi&th=1&psc=1">View Product</a></div>
<div class="product"><a href="https://www.amazon.com/dp/B08HSNXSM6?tag=eloabder-20&linkCode=osi&th=1&psc=1"><img src="https://m.media-amazon.com/images/I/4193Km1SQcL._SL500_.jpg" alt="Product Image"></a><p>The Peanutshell Crib Mobile for Boys or Girls - White Musical Baby Crib Mobile with 12 Lullabies, Jungle Animal, Baby Mobile Crib Safari Animals Nursery Decor</p><p> -11% 0FF </p><p>$39.99</p><a href="https://www.amazon.com/dp/B08HSNXSM6?tag=eloabder-20&linkCode=osi&th=1&psc=1">View Product</a></div><div class="product"><a href="https://www.amazon.com/dp/B088TCNZ52?tag=eloabder-20&linkCode=osi&th=1&psc=1"><img src="https://m.media-amazon.com/images/I/41Nuh1UJwkL._SL500_.jpg" alt="Product Image"></a><p>EVERLOVE Montessori Mobile Baby for Crib (TINITIGIES) - Black and White Mobile Give Visual Stimulation to Engage Your Newborn - Baby Crib Mobile for Boys & Girls - Baby Mobile for Crib</p><p> -12% 0FF </p><p>$37.99</p><a href="https://www.amazon.com/dp/B088TCNZ52?tag=eloabder-20&linkCode=osi&th=1&psc=1">View Product</a></div><div class="product"><a href="https://www.amazon.com/dp/B07DM86Z43?tag=eloabder-20&linkCode=osi&th=1&psc=1"><img src="https://m.media-amazon.com/images/I/41wBVQgCTUL._SL500_.jpg" alt="Product Image"></a><p>Baby Einstein Sea Dreams Soother Musical Crib Toy and Sound Machine, Newborn and up</p><p> -15% 0FF </p><p>$33.90</p><a href="https://www.amazon.com/dp/B07DM86Z43?tag=eloabder-20&linkCode=osi&th=1&psc=1">View Product</a></div><div class="product"><a href="https://www.amazon.com/dp/B0B38G1MBD?tag=eloabder-20&linkCode=osi&th=1&psc=1"><img src="https://m.media-amazon.com/images/I/51ES4bHBHqL._SL500_.jpg" alt="Product Image"></a><p>Eners Baby Crib Mobile with Music and Lights, Mobile for Crib with Remote Control, Rotation, Moon and Star Projection, Baby Crib Toys for Boys Girls (Blue)</p><p> -6% 0FF </p><p>$33.99</p><a href="https://www.amazon.com/dp/B0B38G1MBD?tag=eloabder-20&linkCode=osi&th=1&psc=1">View Product</a></div>
<div class="product"><a href="https://www.amazon.com/dp/B09GM8JZM9?tag=eloabder-20&linkCode=osi&th=1&psc=1"><img src="https://m.media-amazon.com/images/I/41XmH3g0-aL._SL500_.jpg" alt="Product Image"></a><p>HelloBaby Upgrade Baby Monitor, 5'' Screen with 30-Hour Battery, Pan-Tilt-Zoom Video Baby Monitor with Camera and Audio, Night Vision, VOX, 2-Way Talk, 8 Lullabies and 1000ft Range No WiFi</p><p> -20% 0FF </p><p>$79.99</p><a href="https://www.amazon.com/dp/B09GM8JZM9?tag=eloabder-20&linkCode=osi&th=1&psc=1">View Product</a></div><div class="product"><a href="https://www.amazon.com/dp/B00JEV5UI8?tag=eloabder-20&linkCode=osi&th=1&psc=1"><img src="https://m.media-amazon.com/images/I/41va56lWJ6L._SL500_.jpg" alt="Product Image"></a><p>VTech Upgraded Audio Baby Monitor with Rechargeable Battery, Long Range, and Crystal-Clear Sound</p><p> -9% 0FF </p><p>$19.99</p><a href="https://www.amazon.com/dp/B00JEV5UI8?tag=eloabder-20&linkCode=osi&th=1&psc=1">View Product</a></div><div class="product"><a href="https://www.amazon.com/dp/B0BZ8BN87L?tag=eloabder-20&linkCode=osi&th=1&psc=1"><img src="https://m.media-amazon.com/images/I/41Bi8mMjlBL._SL500_.jpg" alt="Product Image"></a><p>OKAIDI Video Baby Monitor with Camera and Audio, 5" Display Baby Monitor No WiFi, 30H Battery and 1000ft Range Baby Monitor, Remote Pan-Tilt-Zoom Baby Camera, Night Vision, 2-Way Talk, VOX,Temperature</p><p> -25% 0FF </p><p>$44.99</p><a href="https://www.amazon.com/dp/B0BZ8BN87L?tag=eloabder-20&linkCode=osi&th=1&psc=1">View Product</a></div><div class="product"><a href="https://www.amazon.com/dp/B0B316NPZ6?tag=eloabder-20&linkCode=osi&th=1&psc=1"><img src="https://m.media-amazon.com/images/I/41IWDeVuDfL._SL500_.jpg" alt="Product Image"></a><p>HelloBaby Monitor with Camera and Audio, 1000ft Long Range Video Baby Monitor-No WiFi, Night Vision, VOX Mode-Power Saving, 2.4'' Portable Travel Screen, Baby Safety Camera, for Baby/Pet, Plug & Play</p><p> -10% 0FF </p><p>$29.98</p><a href="https://www.amazon.com/dp/B0B316NPZ6?tag=eloabder-20&linkCode=osi&th=1&psc=1">View Product</a></div><div class="product"><a href="https://www.amazon.com/dp/B0CYCDTZ6G?tag=eloabder-20&linkCode=osi&th=1&psc=1"><img src="https://m.media-amazon.com/images/I/41PTcAHdqoL._SL500_.jpg" alt="Product Image"></a><p>HelloBaby Baby Monitor with Camera and Audio, 6'' World First IPS Screen Baby Camera Monitor No WiFi, 30-Hrs Battery, ECO, VOX, 2-Way Talk, Night Vision, 1000ft, Video Baby Monitor Portable</p><p> -25% 0FF </p><p>$89.99</p><a href="https://www.amazon.com/dp/B0CYCDTZ6G?tag=eloabder-20&linkCode=osi&th=1&psc=1">View Product</a></div><div class="product"><a href="https://www.amazon.com/dp/B007NG5UF4?tag=eloabder-20&linkCode=osi&th=1&psc=1"><img src="https://m.media-amazon.com/images/I/41SdqvzVNuL._SL500_.jpg" alt="Product Image"></a><p>VTech DM221 Audio Baby Monitor with up to 1,000 ft of Range, Vibrating Sound-Alert, Talk Back Intercom & Night Light Loop, White/Silver</p><p> -13% 0FF </p><p>$33.95</p><a href="https://www.amazon.com/dp/B007NG5UF4?tag=eloabder-20&linkCode=osi&th=1&psc=1">View Product</a></div><div class="product"><a href="https://www.amazon.com/dp/B0CZDYF95R?tag=eloabder-20&linkCode=osi&th=1&psc=1"><img src="https://m.media-amazon.com/images/I/41hYOyPQ9dL._SL500_.jpg" alt="Product Image"></a><p>VTimes Baby Monitor with Camera and Audio, Video Baby Monitor No WiFi Night Vision, 2.4" LCD Screen Portable Baby Camera VOX Mode Pan-Tilt-Zoom Alarm and 1000ft Range, Ideal for Baby/Elderly/Pet</p><p> -40% 0FF </p><p>$29.99</p><a href="https://www.amazon.com/dp/B0CZDYF95R?tag=eloabder-20&linkCode=osi&th=1&psc=1">View Product</a></div>
<div class="product"><a href="https://www.amazon.com/dp/B0119493OY?tag=eloabder-20&linkCode=osi&th=1&psc=1"><img src="https://m.media-amazon.com/images/I/31o0TllpwAL._SL500_.jpg" alt="Product Image"></a><p>Safety 1st Fold-Up Nail Clippers - 2pk</p><p> -25% 0FF </p><p>$2.99</p><a href="https://www.amazon.com/dp/B0119493OY?tag=eloabder-20&linkCode=osi&th=1&psc=1">View Product</a></div><div class="product"><a href="https://www.amazon.com/dp/B01644OCVS?tag=eloabder-20&linkCode=osi&th=1&psc=1"><img src="https://m.media-amazon.com/images/I/41oX5dLMB1L._SL500_.jpg" alt="Product Image"></a><p>Frida Baby NailFrida The SnipperClipper Set, Baby Nail Clippers & Nail Filer, Baby Essential Nail Kit for Newborns and Up</p><p> -36% 0FF </p><p>$8.31</p><a href="https://www.amazon.com/dp/B01644OCVS?tag=eloabder-20&linkCode=osi&th=1&psc=1">View Product</a></div><div class="product"><a href="https://www.amazon.com/dp/B084JZ27SM?tag=eloabder-20&linkCode=osi&th=1&psc=1"><img src="https://m.media-amazon.com/images/I/31JsNl8WpML._SL500_.jpg" alt="Product Image"></a><p>Safety 1st Light Zoom Nail Clippers, One Size</p><p> -27% 0FF </p><p>$7.29</p><a href="https://www.amazon.com/dp/B084JZ27SM?tag=eloabder-20&linkCode=osi&th=1&psc=1">View Product</a></div><div class="product"><a href="https://www.amazon.com/dp/B0D9BCJWC7?tag=eloabder-20&linkCode=osi&th=1&psc=1"><img src="https://m.media-amazon.com/images/I/41vknqnodfL._SL500_.jpg" alt="Product Image"></a><p>Yeeeasy Baby Nail Clippers Kit Baby Grooming Set with Nail Clippers, Scissors, Nail File & Tweezers Baby Care Kit Fingernail Cutter for Baby,Newborn,Infant,Toddler,Kid(Purple)</p><p> -55% 0FF </p><p>$4.49</p><a href="https://www.amazon.com/dp/B0D9BCJWC7?tag=eloabder-20&linkCode=osi&th=1&psc=1">View Product</a></div>
<div class="product"><a href="https://www.amazon.com/dp/B08CMWHD3B?tag=eloabder-20&linkCode=osi&th=1&psc=1"><img src="https://m.media-amazon.com/images/I/41+F2Dv0iiL._SL500_.jpg" alt="Product Image"></a><p>GROWNSY Nasal Aspirator for Baby, Baby Nose Sucker Pro with 3 Soft Silicone Tips, Adjustable Suction, Electric Nose Suction for Baby, Built-in Music & Light Soothing</p><p> -20% 0FF </p><p>$39.99 ($39.99 / Count)</p><a href="https://www.amazon.com/dp/B08CMWHD3B?tag=eloabder-20&linkCode=osi&th=1&psc=1">View Product</a></div><div class="product"><a href="https://www.amazon.com/dp/B00RP0GHBO?tag=eloabder-20&linkCode=osi&th=1&psc=1"><img src="https://m.media-amazon.com/images/I/41pIJoWu-UL._SL500_.jpg" alt="Product Image"></a><p>Frida Baby NoseFrida SnotSucker Nasal Aspirator for Baby, Baby Nose Sucker with 24 Extra Hygiene Filters, Baby Congestion Relief, FSA/HSA Eligible</p><p> -25% 0FF </p><p>$14.99</p><a href="https://www.amazon.com/dp/B00RP0GHBO?tag=eloabder-20&linkCode=osi&th=1&psc=1">View Product</a></div><div class="product"><a href="https://www.amazon.com/dp/B0C3CHQHJP?tag=eloabder-20&linkCode=osi&th=1&psc=1"><img src="https://m.media-amazon.com/images/I/51IO9JHchbL._SL500_.jpg" alt="Product Image"></a><p>X-Bosak Baby Nasal Aspirator, Electric Nose Sucker with 5 Levels Suction, Soothing Light & Nursery Rhymes</p><p> -18% 0FF </p><p>$30.99</p><a href="https://www.amazon.com/dp/B0C3CHQHJP?tag=eloabder-20&linkCode=osi&th=1&psc=1">View Product</a></div><div class="product"><a href="https://www.amazon.com/dp/B094Z43BQF?tag=eloabder-20&linkCode=osi&th=1&psc=1"><img src="https://m.media-amazon.com/images/I/41elOKysySL._SL500_.jpg" alt="Product Image"></a><p>Frida Baby Electric NoseFrida Nasal Aspirator for Baby, Nose Sucker for Baby & Toddler, Nasal Aspirator for Congestion Relief with 3 Suction Levels, 2 Silicone Tips, USB Rechargeable</p><p> -13% 0FF </p><p>$34.99</p><a href="https://www.amazon.com/dp/B094Z43BQF?tag=eloabder-20&linkCode=osi&th=1&psc=1">View Product</a></div><div class="product"><a href="https://www.amazon.com/dp/B01N093BYV?tag=eloabder-20&linkCode=osi&th=1&psc=1"><img src="https://m.media-amazon.com/images/I/316hpVBAmNL._SL500_.jpg" alt="Product Image"></a><p>Frida Baby Nasal Aspirator for Baby, NoseFrida Baby Nose Sucker with 10 Extra Filters + All-Natural Saline Nasal Spray for Babies, Nasal Spray Decongestant, 0.68 fl oz</p><p> -15% 0FF </p><p>$16.97</p><a href="https://www.amazon.com/dp/B01N093BYV?tag=eloabder-20&linkCode=osi&th=1&psc=1">View Product</a></div><div class="product"><a href="https://www.amazon.com/dp/B0BSVG8S59?tag=eloabder-20&linkCode=osi&th=1&psc=1"><img src="https://m.media-amazon.com/images/I/31Rju6jEphL._SL500_.jpg" alt="Product Image"></a><p>Dr. Talbot's Nasal Aspirator for Babies - Silicone - Includes Storage Case - Clear</p><p> -20% 0FF </p><p>$6.39</p><a href="https://www.amazon.com/dp/B0BSVG8S59?tag=eloabder-20&linkCode=osi&th=1&psc=1">View Product</a></div>
<div class="product"><a href="https://www.amazon.com/dp/B00WEBVM5U?tag=eloabder-20&linkCode=osi&th=1&psc=1"><img src="https://m.media-amazon.com/images/I/31oMSFi3dGL._SL500_.jpg" alt="Product Image"></a><p>Johnson's Baby Oil, Mineral Oil Enriched with Shea & Cocoa Butter to Prevent Moisture Loss, Hypoallergenic, 20 fl. oz</p><p> -35% 0FF </p><p>$5.90 ($0.30 / Fl Oz)</p><a href="https://www.amazon.com/dp/B00WEBVM5U?tag=eloabder-20&linkCode=osi&th=1&psc=1">View Product</a></div><div class="product"><a href="https://www.amazon.com/dp/B00J51Q1IA?tag=eloabder-20&linkCode=osi&th=1&psc=1"><img src="https://m.media-amazon.com/images/I/31WSLNGqaEL._SL500_.jpg" alt="Product Image"></a><p>Johnson & Johnson SLC (Cosmetics) Baby Oil, 20 Fl Oz</p><p> -33% 0FF </p><p>$6.02 ($0.30 / Fl Oz)</p><a href="https://www.amazon.com/dp/B00J51Q1IA?tag=eloabder-20&linkCode=osi&th=1&psc=1">View Product</a></div><div class="product"><a href="https://www.amazon.com/dp/B00LPC15FQ?tag=eloabder-20&linkCode=osi&th=1&psc=1"><img src="https://m.media-amazon.com/images/I/315PcqnZ4qL._SL500_.jpg" alt="Product Image"></a><p>Johnson's Baby Johnson & Johnson Baby Oil, Aloe Vera & Vitamin E, Multicolor, 14 Fl Oz</p><p> -23% 0FF </p><p>$5.49 ($0.39 / Fl Oz)</p><a href="https://www.amazon.com/dp/B00LPC15FQ?tag=eloabder-20&linkCode=osi&th=1&psc=1">View Product</a></div><div class="product"><a href="https://www.amazon.com/dp/B001UAA2UC?tag=eloabder-20&linkCode=osi&th=1&psc=1"><img src="https://m.media-amazon.com/images/I/31-74Q7XbxL._SL500_.jpg" alt="Product Image"></a><p>Johnson's Baby Oil Gel, Moisturizing Baby Massage Mineral Oil Enriched with Shea & Cocoa Butter, Dry Skin Relief for Babies, Kids & Adults, Nourishing & Gentle on Delicate Skin, 6.5 fl. oz</p><p> -16% 0FF </p><p>$5.98 ($0.92 / Fl Oz)</p><a href="https://www.amazon.com/dp/B001UAA2UC?tag=eloabder-20&linkCode=osi&th=1&psc=1">View Product</a></div>
<div class="product"><a href="https://www.amazon.com/dp/B0D88Y4955?tag=eloabder-20&linkCode=osi&th=1&psc=1"><img src="https://m.media-amazon.com/images/I/41Au0yzblbL._SL500_.jpg" alt="Product Image"></a><p>Burt's Bees Baby Baby Boys Pajamas, Sleep and Play Loose Fit, 100% Organic Cotton, Soft One-piece PJs, Diagonal Zip Up Jumpsuit Newborn Essentials with Interior Zipper Guard in sizes NB to 6-9 Months</p><p> -49% 0FF </p><p>$7.60</p><a href="https://www.amazon.com/dp/B0D88Y4955?tag=eloabder-20&linkCode=osi&th=1&psc=1">View Product</a></div><div class="product"><a href="https://www.amazon.com/dp/B08GHLBW8P?tag=eloabder-20&linkCode=osi&th=1&psc=1"><img src="https://m.media-amazon.com/images/I/512q+TZZ2UL._SL500_.jpg" alt="Product Image"></a><p>Gerber Baby Boys' 4-Pack Footed Pajamas, Dinosaurs Space Grey, 18 Months</p><p> -9% 0FF </p><p>$29.98</p><a href="https://www.amazon.com/dp/B08GHLBW8P?tag=eloabder-20&linkCode=osi&th=1&psc=1">View Product</a></div>
<div class="product"><a href="https://www.amazon.com/dp/B09XHGG4B8?tag=eloabder-20&linkCode=osi&th=1&psc=1"><img src="https://m.media-amazon.com/images/I/51drx-WonLL._SL500_.jpg" alt="Product Image"></a><p>Yeeeasy Tummy Time Water Mat丨Inflatable Tummy Time Water Play Mat for Babies, Infants and Toddlers 3 to 12 Months Promote Development Toys Baby Gifts</p><p> -33% 0FF </p><p>$9.99</p><a href="https://www.amazon.com/dp/B09XHGG4B8?tag=eloabder-20&linkCode=osi&th=1&psc=1">View Product</a></div>
<div class="product"><a href="https://www.amazon.com/dp/B0009STDJW?tag=eloabder-20&linkCode=osi&th=1&psc=1"><img src="https://m.media-amazon.com/images/I/31XlMHyMw4L._SL500_.jpg" alt="Product Image"></a><p>Johnson's Baby Powder, Naturally Derived Cornstarch with Aloe & Vitamin E for Delicate Skin, Hypoallergenic and Free of Parabens, Phthalates, and Dyes for Gentle Baby Skin Care, 15 oz</p><p> -31% 0FF </p><p>$4.98 ($0.33 / Ounce)</p><a href="https://www.amazon.com/dp/B0009STDJW?tag=eloabder-20&linkCode=osi&th=1&psc=1">View Product</a></div><div class="product"><a href="https://www.amazon.com/dp/B005IHT880?tag=eloabder-20&linkCode=osi&th=1&psc=1"><img src="https://m.media-amazon.com/images/I/31Yy8plMS3L._SL500_.jpg" alt="Product Image"></a><p>Johnson's Baby Naturally Derived Cornstarch Baby Powder with Aloe and Vitamin E for Delicate Skin, Hypoallergenic and Free of Parabens, Phthalates, and Dyes for Gentle Baby Skin Care, 1.5 oz</p><p> -31% 0FF </p><p>$1.97 ($1.31 / Ounce)</p><a href="https://www.amazon.com/dp/B005IHT880?tag=eloabder-20&linkCode=osi&th=1&psc=1">View Product</a></div><div class="product"><a href="https://www.amazon.com/dp/B00I5MVFB8?tag=eloabder-20&linkCode=osi&th=1&psc=1"><img src="https://m.media-amazon.com/images/I/41kU-erHU1L._SL500_.jpg" alt="Product Image"></a><p>Johnson's Baby Powder, Pure Cornstarch, Aloe & Vitamin E, 22 Ounce (Pack of 3) - Packaging May Vary</p><p> -31% 0FF </p><p>$18.87 ($0.29 / Ounce)</p><a href="https://www.amazon.com/dp/B00I5MVFB8?tag=eloabder-20&linkCode=osi&th=1&psc=1">View Product</a></div><div class="product"><a href="https://www.amazon.com/dp/B004Z4MNGQ?tag=eloabder-20&linkCode=osi&th=1&psc=1"><img src="https://m.media-amazon.com/images/I/31szXN97ucL._SL500_.jpg" alt="Product Image"></a><p>Johnson's Baby Powder with Naturally Derived Cornstarch Aloe & Vitamin E, Hypoallergenic, 9 oz</p><p> -26% 0FF </p><p>$3.95 ($0.44 / Ounce)</p><a href="https://www.amazon.com/dp/B004Z4MNGQ?tag=eloabder-20&linkCode=osi&th=1&psc=1">View Product</a></div><div class="product"><a href="https://www.amazon.com/dp/B0CCPK861Q?tag=eloabder-20&linkCode=osi&th=1&psc=1"><img src="https://m.media-amazon.com/images/I/51jIdMql0FL._SL500_.jpg" alt="Product Image"></a><p>Burt's Bees Christmas Gifts, Baby Dusting Powder, 100% Natural Origin, Talc-Free, Pediatrician Tested Stocking Stuffers, 7.5 Ounces, Pack of 3, Pack May Vary</p><p> -29% 0FF </p><p>$19.17 ($0.85 / Ounce)</p><a href="https://www.amazon.com/dp/B0CCPK861Q?tag=eloabder-20&linkCode=osi&th=1&psc=1">View Product</a></div><div class="product"><a href="https://www.amazon.com/dp/B012FUZ8NG?tag=eloabder-20&linkCode=osi&th=1&psc=1"><img src="https://m.media-amazon.com/images/I/41t4DM92+aL._SL500_.jpg" alt="Product Image"></a><p>Gold Bond Comfort Body Powder, 10 oz., Talc-Free, Fresh Clean Scent With Aloe & Chamomile</p><p> -7% 0FF </p><p>$6.79 ($0.68 / Ounce)</p><a href="https://www.amazon.com/dp/B012FUZ8NG?tag=eloabder-20&linkCode=osi&th=1&psc=1">View Product</a></div>
<div class="product"><a href="https://www.amazon.com/dp/B00JHKTDQG?tag=eloabder-20&linkCode=osi&th=1&psc=1"><img src="https://m.media-amazon.com/images/I/41u2OOs0uOL._SL500_.jpg" alt="Product Image"></a><p>Safety 1st Plug Protectors, 36 Count</p><p> -22% 0FF </p><p>$3.49</p><a href="https://www.amazon.com/dp/B00JHKTDQG?tag=eloabder-20&linkCode=osi&th=1&psc=1">View Product</a></div><div class="product"><a href="https://www.amazon.com/dp/B0CZRKFS5Z?tag=eloabder-20&linkCode=osi&th=1&psc=1"><img src="https://m.media-amazon.com/images/I/413bGIIY4WL._SL500_.jpg" alt="Product Image"></a><p>Baby Proofing Kit, Oven Door Lock Child proof Safety Product for Kitchen, Double Button, Heat-Resistant, Easy to Install (1 Pack,Grey)</p><p> -20% 0FF </p><p>$7.99</p><a href="https://www.amazon.com/dp/B0CZRKFS5Z?tag=eloabder-20&linkCode=osi&th=1&psc=1">View Product</a></div><div class="product"><a href="https://www.amazon.com/dp/B00YKG2YS6?tag=eloabder-20&linkCode=osi&th=1&psc=1"><img src="https://m.media-amazon.com/images/I/41+wB4D0smL._SL500_.jpg" alt="Product Image"></a><p>Safety 1st Safety Essentials Kit , White , 1 Count</p><p> -38% 0FF </p><p>$7.48</p><a href="https://www.amazon.com/dp/B00YKG2YS6?tag=eloabder-20&linkCode=osi&th=1&psc=1">View Product</a></div>
<div class="product"><a href="https://www.amazon.com/dp/B000BNCA4K?tag=eloabder-20&linkCode=osi&th=1&psc=1"><img src="https://m.media-amazon.com/images/I/51+hwco0h6L._SL500_.jpg" alt="Product Image"></a><p>Manhattan Toy Winkel Rattle & Sensory Teether Toy, Blue/Green/Orange, 5 Inch x 4 Inch x 3.5 Inch</p><p> -29% 0FF </p><p>$9.99</p><a href="https://www.amazon.com/dp/B000BNCA4K?tag=eloabder-20&linkCode=osi&th=1&psc=1">View Product</a></div><div class="product"><a href="https://www.amazon.com/dp/B000FMQWS2?tag=eloabder-20&linkCode=osi&th=1&psc=1"><img src="https://m.media-amazon.com/images/I/4108+CwoQfL._SL500_.jpg" alt="Product Image"></a><p>Bright Starts Grab & Spin Baby Rattle & BPA-Free Teether Toy, Ages 3 Months+</p><p> -15% 0FF </p><p>$2.97</p><a href="https://www.amazon.com/dp/B000FMQWS2?tag=eloabder-20&linkCode=osi&th=1&psc=1">View Product</a></div><div class="product"><a href="https://www.amazon.com/dp/B071YCHDX1?tag=eloabder-20&linkCode=osi&th=1&psc=1"><img src="https://m.media-amazon.com/images/I/512uBUjyccL._SL500_.jpg" alt="Product Image"></a><p>iPlay, iLearn 10pcs Baby Rattles Toys Set, Infant Grab Shake Rattle, Sensory Teether, Babies Development Learning Music Toy, Newborn First Christmas Gifts 0 1 2 3 4 5 6 7 8 9 10 12 Month Boy Girl</p><p> -15% 0FF </p><p>$22.99</p><a href="https://www.amazon.com/dp/B071YCHDX1?tag=eloabder-20&linkCode=osi&th=1&psc=1">View Product</a></div><div class="product"><a href="https://www.amazon.com/dp/B019ICFYNI?tag=eloabder-20&linkCode=osi&th=1&psc=1"><img src="https://m.media-amazon.com/images/I/51oYX33BlzL._SL500_.jpg" alt="Product Image"></a><p>VTech Baby Rattle and Sing Puppy</p><p> -18% 0FF </p><p>$8.99</p><a href="https://www.amazon.com/dp/B019ICFYNI?tag=eloabder-20&linkCode=osi&th=1&psc=1">View Product</a></div><div class="product"><a href="https://www.amazon.com/dp/B000V2Y5BW?tag=eloabder-20&linkCode=osi&th=1&psc=1"><img src="https://m.media-amazon.com/images/I/41Bz5Kz2OzL._SL500_.jpg" alt="Product Image"></a><p>The First Years First Keys Infant and Baby Toy</p><p> -67% 0FF </p><p>$2.44</p><a href="https://www.amazon.com/dp/B000V2Y5BW?tag=eloabder-20&linkCode=osi&th=1&psc=1">View Product</a></div>
<div class="product"><a href="https://www.amazon.com/dp/B005SPESKK?tag=eloabder-20&linkCode=osi&th=1&psc=1"><img src="https://m.media-amazon.com/images/I/410ZKnRS3aL._SL500_.jpg" alt="Product Image"></a><p>Aveeno Baby Bathtime Solutions Baby & Me Gift Set with Baby Wash & Shampoo, Calming Baby Bath, Baby Daily Moisturizing Lotion & Stress Relief Body Wash for Mom, Oatmeal, 4 Items</p><p> -35% 0FF </p><p>$20.69</p><a href="https://www.amazon.com/dp/B005SPESKK?tag=eloabder-20&linkCode=osi&th=1&psc=1">View Product</a></div><div class="product"><a href="https://www.amazon.com/dp/B005UEB96K?tag=eloabder-20&linkCode=osi&th=1&psc=1"><img src="https://m.media-amazon.com/images/I/41irWX472ZL._SL500_.jpg" alt="Product Image"></a><p>Aquaphor Baby Healing Ointment Advanced Therapy Skin Protectant, Dry Skin and Diaper Rash Ointment, 14 Oz Jar</p><p> -8% 0FF </p><p>$18.37</p><a href="https://www.amazon.com/dp/B005UEB96K?tag=eloabder-20&linkCode=osi&th=1&psc=1">View Product</a></div><div class="product"><a href="https://www.amazon.com/dp/B0CNXKT6S7?tag=eloabder-20&linkCode=osi&th=1&psc=1"><img src="https://m.media-amazon.com/images/I/41UPubKIJYL._SL500_.jpg" alt="Product Image"></a><p>Blissful Diary Baby Diaper Caddy Organizer, Stylish Nursery Storage Basket - Gift for Baby Shower, Baby Registry Must Have, Newborn Essentials - Baby Caddy Organizer for Diaper Station - Sage Green</p><p> -7% 0FF </p><p>$22.99</p><a href="https://www.amazon.com/dp/B0CNXKT6S7?tag=eloabder-20&linkCode=osi&th=1&psc=1">View Product</a></div><div class="product"><a href="https://www.amazon.com/dp/B07RX5BD32?tag=eloabder-20&linkCode=osi&th=1&psc=1"><img src="https://m.media-amazon.com/images/I/41p16YTuexL._SL500_.jpg" alt="Product Image"></a><p>Portable Diaper Changing Pad, Portable Changing pad for Newborn Girl & Boy - Baby Changing Pad with Smart Wipes Pocket – Waterproof Travel Changing Kit - Baby Gift by Kopi Baby</p><p> -42% 0FF </p><p>$21.89</p><a href="https://www.amazon.com/dp/B07RX5BD32?tag=eloabder-20&linkCode=osi&th=1&psc=1">View Product</a></div>
<div class="product"><a href="https://www.amazon.com/dp/B07DGKWFJM?tag=eloabder-20&linkCode=osi&th=1&psc=1"><img src="https://m.media-amazon.com/images/I/313M7YzzHPL._SL500_.jpg" alt="Product Image"></a><p>Johnson's Baby Shampoo with Tear-Free Formula, Shampoo for Baby's Delicate Scalp & Skin, Gently Washes Away Dirt & Germs, Paraben-, Phthalate-, Sulfate- & Dye-Free, 20.3 fl. oz</p><p> -35% 0FF </p><p>$5.90 ($0.29 / Fl Oz)</p><a href="https://www.amazon.com/dp/B07DGKWFJM?tag=eloabder-20&linkCode=osi&th=1&psc=1">View Product</a></div><div class="product"><a href="https://www.amazon.com/dp/B07DGK9FQG?tag=eloabder-20&linkCode=osi&th=1&psc=1"><img src="https://m.media-amazon.com/images/I/31ZmgkaoecL._SL500_.jpg" alt="Product Image"></a><p>Johnson's Baby Tear Free Shampoo, No Parabens/Phthalates/Sulfates/Dyes, Fresh, 13.6 Fl Oz</p><p> -30% 0FF </p><p>$4.78 ($0.35 / Fl Oz)</p><a href="https://www.amazon.com/dp/B07DGK9FQG?tag=eloabder-20&linkCode=osi&th=1&psc=1">View Product</a></div><div class="product"><a href="https://www.amazon.com/dp/B07D2JMJPS?tag=eloabder-20&linkCode=osi&th=1&psc=1"><img src="https://m.media-amazon.com/images/I/31GFcXvNoSL._SL500_.jpg" alt="Product Image"></a><p>Johnson's Head-to-Toe Gentle Tear-Free Baby & Newborn Wash & Shampoo, Sulfate-, Paraben- Phthalate- & Dye-Free, Hypoallergenic Wash for Sensitive Skin & Hair, 27.1 fl. Oz</p><p> -33% 0FF </p><p>$7.19 ($0.27 / Fl Oz)</p><a href="https://www.amazon.com/dp/B07D2JMJPS?tag=eloabder-20&linkCode=osi&th=1&psc=1">View Product</a></div><div class="product"><a href="https://www.amazon.com/dp/B07NSBTZ22?tag=eloabder-20&linkCode=osi&th=1&psc=1"><img src="https://m.media-amazon.com/images/I/316UK0+xv+L._SL500_.jpg" alt="Product Image"></a><p>Aveeno Baby Daily Moisture Gentle Bath Wash & Shampoo with Natural Oat Extract, Hypoallergenic, Tear-Free & Paraben-Free Formula For Sensitive Hair & Skin, Lightly Scented, 33 fl. oz</p><p> -43% 0FF </p><p>$13.98 ($0.42 / Fl Oz)</p><a href="https://www.amazon.com/dp/B07NSBTZ22?tag=eloabder-20&linkCode=osi&th=1&psc=1">View Product</a></div><div class="product"><a href="https://www.amazon.com/dp/B07DGPL4Y7?tag=eloabder-20&linkCode=osi&th=1&psc=1"><img src="https://m.media-amazon.com/images/I/310oJnMMURS._SL500_.jpg" alt="Product Image"></a><p>Johnson's Baby Calming Baby Shampoo with Soothing NaturalCalm Scent, Hypoallergenic & Tear-Free Baby Hair Shampoo, Free of Parabens, Phthalates, Sulfates & Dyes, 20.3 fl. oz</p><p> -9% 0FF </p><p>$5.39 ($0.27 / Fl Oz)</p><a href="https://www.amazon.com/dp/B07DGPL4Y7?tag=eloabder-20&linkCode=osi&th=1&psc=1">View Product</a></div><div class="product"><a href="https://www.amazon.com/dp/B072QXWXS6?tag=eloabder-20&linkCode=osi&th=1&psc=1"><img src="https://m.media-amazon.com/images/I/31nATTwRNrL._SL500_.jpg" alt="Product Image"></a><p>The Honest Company 2-in-1 Cleansing Shampoo + Body Wash | Gentle for Baby | Naturally Derived, Tear-free, Hypoallergenic | Fragrance Free Sensitive, 10 fl oz</p><p> -8% 0FF </p><p>$10.99 ($1.10 / Fl Oz)</p><a href="https://www.amazon.com/dp/B072QXWXS6?tag=eloabder-20&linkCode=osi&th=1&psc=1">View Product</a></div><div class="product"><a href="https://www.amazon.com/dp/B0BXB874ZB?tag=eloabder-20&linkCode=osi&th=1&psc=1"><img src="https://m.media-amazon.com/images/I/61I9qaFfznL._SL500_.jpg" alt="Product Image"></a><p>SheaMoisture Baby Shampoo & Bath Milk Manuka Honey & Lavender for Delicate Hair and Skin Nighttime Skin and Hair Care Regimen 13 oz</p><p> -10% 0FF </p><p>$8.97 ($0.69 / Fl Oz)</p><a href="https://www.amazon.com/dp/B0BXB874ZB?tag=eloabder-20&linkCode=osi&th=1&psc=1">View Product</a></div>
<div class="product"><a href="https://www.amazon.com/dp/B07JP112TD?tag=eloabder-20&linkCode=osi&th=1&psc=1"><img src="https://m.media-amazon.com/images/I/31-1TtUqz2L._SL500_.jpg" alt="Product Image"></a><p>Stride Rite Baby Girls Sr Taye 2.0 First Walker Shoe, Pink, 3 Infant US</p><p> -30% 0FF </p><p>$25.72</p><a href="https://www.amazon.com/dp/B07JP112TD?tag=eloabder-20&linkCode=osi&th=1&psc=1">View Product</a></div><div class="product"><a href="https://www.amazon.com/dp/B08M5M2ZNJ?tag=eloabder-20&linkCode=osi&th=1&psc=1"><img src="https://m.media-amazon.com/images/I/31qHgEG+WSL._SL500_.jpg" alt="Product Image"></a><p>Baby Booties 6-12 Months Unisex Cozy Fleece Newborn Booties Non-Slip Newborn First Walkers Shoes Toddler Slippers for Baby Boys & Baby Girls Gifts, Black</p><p> -33% 0FF </p><p>$9.99</p><a href="https://www.amazon.com/dp/B08M5M2ZNJ?tag=eloabder-20&linkCode=osi&th=1&psc=1">View Product</a></div><div class="product"><a href="https://www.amazon.com/dp/B0BV2J28DN?tag=eloabder-20&linkCode=osi&th=1&psc=1"><img src="https://m.media-amazon.com/images/I/41n15Z33RlL._SL500_.jpg" alt="Product Image"></a><p>Baby Walking Shoes First Boy Girl Walker Infant Sock Tennis Mesh Sneakers Breathable 6 9 12 18 24 Months Camel Size 6-12 Months Infant</p><p> -18% 0FF </p><p>$26.99</p><a href="https://www.amazon.com/dp/B0BV2J28DN?tag=eloabder-20&linkCode=osi&th=1&psc=1">View Product</a></div><div class="product"><a href="https://www.amazon.com/dp/B0C9ZTGHWF?tag=eloabder-20&linkCode=osi&th=1&psc=1"><img src="https://m.media-amazon.com/images/I/41jzu4SNmLL._SL500_.jpg" alt="Product Image"></a><p>BMCiTYBM Baby Boy Girl Shoes Infant First Walker Shoes Breathable Walking Shoes Lightweight Non-Slip Sneakers 6 9 12 18 24 Months Gray Size 12-18 Months Infant</p><p> -12% 0FF </p><p>$29.99</p><a href="https://www.amazon.com/dp/B0C9ZTGHWF?tag=eloabder-20&linkCode=osi&th=1&psc=1">View Product</a></div>
<div class="product"><a href="https://www.amazon.com/dp/B0B6Z9SVXG?tag=eloabder-20&linkCode=osi&th=1&psc=1"><img src="https://m.media-amazon.com/images/I/41yQhQfpuJL._SL500_.jpg" alt="Product Image"></a><p>Shiaon Baby Sling Carrier Newborn to Toddler, Lightweight Baby Carrier Sling, Baby Wrap Sling, Baby Hip Seat Carrier for Toddler Sling, Baby Holder Carrier, Nursing Sling, Carrying 7-45 lbs, Grey</p><p> -20% 0FF </p><p>$32.99</p><a href="https://www.amazon.com/dp/B0B6Z9SVXG?tag=eloabder-20&linkCode=osi&th=1&psc=1">View Product</a></div><div class="product"><a href="https://www.amazon.com/dp/B07SK6GVCJ?tag=eloabder-20&linkCode=osi&th=1&psc=1"><img src="https://m.media-amazon.com/images/I/41o7bWiYEUL._SL500_.jpg" alt="Product Image"></a><p>CUBY Water Baby Sling Carrier Breathable Mesh Baby Wraps Carrier Adjustable Ring Sling Baby Carrier Infant Carrier for Summer Swimming Pool Beach (Light Grey)</p><p> -27% 0FF </p><p>$18.99</p><a href="https://www.amazon.com/dp/B07SK6GVCJ?tag=eloabder-20&linkCode=osi&th=1&psc=1">View Product</a></div><div class="product"><a href="https://www.amazon.com/dp/B07YQYRVDX?tag=eloabder-20&linkCode=osi&th=1&psc=1"><img src="https://m.media-amazon.com/images/I/41nKHqgPniL._SL500_.jpg" alt="Product Image"></a><p>Baby Sling and Ring Sling 100% Cotton Muslin Infant Carrier, Front and Chest Newborn Carrier Wrap, Toddler Carrier – Grey</p><p> -31% 0FF </p><p>$44.95</p><a href="https://www.amazon.com/dp/B07YQYRVDX?tag=eloabder-20&linkCode=osi&th=1&psc=1">View Product</a></div>
<div class="product"><a href="https://www.amazon.com/dp/B07N13W76L?tag=eloabder-20&linkCode=osi&th=1&psc=1"><img src="https://m.media-amazon.com/images/I/41d8emuEA8L._SL500_.jpg" alt="Product Image"></a><p>Baby Dove Sensitive Skin Care Baby Wash Calming Moisture For a Calming Bath Wash Hypoallergenic and Tear-Free, Washes Away Bacteria 13 oz</p><p> -6% 0FF </p><p>$7.99 ($0.61 / Ounce)</p><a href="https://www.amazon.com/dp/B07N13W76L?tag=eloabder-20&linkCode=osi&th=1&psc=1">View Product</a></div><div class="product"><a href="https://www.amazon.com/dp/B097NRRRNT?tag=eloabder-20&linkCode=osi&th=1&psc=1"><img src="https://m.media-amazon.com/images/I/31qcQUGmwRS._SL500_.jpg" alt="Product Image"></a><p>Johnson's Skin Nourishing Moisture Baby Body Wash With Vanilla & Oat Scents, Hypoallergenic & Tear Free Baby Bath Wash, Paraben-, Dye-, Sulfate & Phthalate-Free, 20.3 fl. oz</p><p> -26% 0FF </p><p>$6.78 ($0.33 / Fl Oz)</p><a href="https://www.amazon.com/dp/B097NRRRNT?tag=eloabder-20&linkCode=osi&th=1&psc=1">View Product</a></div><div class="product"><a href="https://www.amazon.com/dp/B07D2G6CLG?tag=eloabder-20&linkCode=osi&th=1&psc=1"><img src="https://m.media-amazon.com/images/I/31EQ6Pb153L._SL500_.jpg" alt="Product Image"></a><p>Johnson's Bedtime Baby Bath with Soothing NaturalCalm Aromas, Hypoallergenic & Tear Free Formula, 27.1 fl. oz</p><p> -33% 0FF </p><p>$9.98 ($0.37 / Fl Oz)</p><a href="https://www.amazon.com/dp/B07D2G6CLG?tag=eloabder-20&linkCode=osi&th=1&psc=1">View Product</a></div>
<div class="product"><a href="https://www.amazon.com/dp/B006VB29D8?tag=eloabder-20&linkCode=osi&th=1&psc=1"><img src="https://m.media-amazon.com/images/I/41avOtC2ssL._SL500_.jpg" alt="Product Image"></a><p>Munchkin® Soft Tip™ Baby Spoons, BPA Free, 12 Pack</p><p> -17% 0FF </p><p>$6.98</p><a href="https://www.amazon.com/dp/B006VB29D8?tag=eloabder-20&linkCode=osi&th=1&psc=1">View Product</a></div><div class="product"><a href="https://www.amazon.com/dp/B0CKJXWM44?tag=eloabder-20&linkCode=osi&th=1&psc=1"><img src="https://m.media-amazon.com/images/I/41n4jr8b6VL._SL500_.jpg" alt="Product Image"></a><p>Nuby Baby's First Spoons Set - (3-Pack) Feeding Utensils for Babies - 6+ Months</p><p> -40% 0FF </p><p>$5.97</p><a href="https://www.amazon.com/dp/B0CKJXWM44?tag=eloabder-20&linkCode=osi&th=1&psc=1">View Product</a></div><div class="product"><a href="https://www.amazon.com/dp/B0CKWJNQP4?tag=eloabder-20&linkCode=osi&th=1&psc=1"><img src="https://m.media-amazon.com/images/I/413epEJW7PL._SL500_.jpg" alt="Product Image"></a><p>Munchkin® Gentle Dip™ Multistage First Spoon Set for Baby Led Weaning, Self Feeding, Solids & Purees, 3 Pack, Coral/Purple</p><p> -35% 0FF </p><p>$6.49</p><a href="https://www.amazon.com/dp/B0CKWJNQP4?tag=eloabder-20&linkCode=osi&th=1&psc=1">View Product</a></div><div class="product"><a href="https://www.amazon.com/dp/B08MVST7H1?tag=eloabder-20&linkCode=osi&th=1&psc=1"><img src="https://m.media-amazon.com/images/I/319zTmlUj8L._SL500_.jpg" alt="Product Image"></a><p>PrimaStella Silicone Chew Spoon Set for Babies and Toddlers | Safety Tested | BPA Free | Microwave, Dishwasher and Freezer Safe</p><p> -33% 0FF </p><p>$7.99</p><a href="https://www.amazon.com/dp/B08MVST7H1?tag=eloabder-20&linkCode=osi&th=1&psc=1">View Product</a></div>
<div class="product"><a href="https://www.amazon.com/dp/B0D5Q2GKMX?tag=eloabder-20&linkCode=osi&th=1&psc=1"><img src="https://m.media-amazon.com/images/I/51PSbL1vo1L._SL500_.jpg" alt="Product Image"></a><p>Accombe 2 in 1 Baby Stroller, Convertible Bassinet Pushchair for Infants and Newborns 0-36 Months</p><p> -23% 0FF </p><p>$154.99</p><a href="https://www.amazon.com/dp/B0D5Q2GKMX?tag=eloabder-20&linkCode=osi&th=1&psc=1">View Product</a></div><div class="product"><a href="https://www.amazon.com/dp/B01FCDWZFC?tag=eloabder-20&linkCode=osi&th=1&psc=1"><img src="https://m.media-amazon.com/images/I/41jrn+R3+0L._SL500_.jpg" alt="Product Image"></a><p>Baby Trend Range Jogger Stroller, Millennium</p><p> -36% 0FF </p><p>$90.08</p><a href="https://www.amazon.com/dp/B01FCDWZFC?tag=eloabder-20&linkCode=osi&th=1&psc=1">View Product</a></div><div class="product"><a href="https://www.amazon.com/dp/B0BSP4K34F?tag=eloabder-20&linkCode=osi&th=1&psc=1"><img src="https://m.media-amazon.com/images/I/41zs0EAVv0L._SL500_.jpg" alt="Product Image"></a><p>Summer by Ingenuity 3Dquickclose CS+ Compact Fold Stroller, Car-Seat Compatible, Lightweight Stroller with Oversized Canopy, Extra-Large Storage</p><p> -19% 0FF </p><p>$80.74</p><a href="https://www.amazon.com/dp/B0BSP4K34F?tag=eloabder-20&linkCode=osi&th=1&psc=1">View Product</a></div><div class="product"><a href="https://www.amazon.com/dp/B08K2YFNDW?tag=eloabder-20&linkCode=osi&th=1&psc=1"><img src="https://m.media-amazon.com/images/I/41USzhsByBL._SL500_.jpg" alt="Product Image"></a><p>Graco Ready2Grow LX 2.0 Double Stroller Features Bench Seat and Standing Platform Options, Clark</p><p> -20% 0FF </p><p>$215.99</p><a href="https://www.amazon.com/dp/B08K2YFNDW?tag=eloabder-20&linkCode=osi&th=1&psc=1">View Product</a></div><div class="product"><a href="https://www.amazon.com/dp/B09FL82SRC?tag=eloabder-20&linkCode=osi&th=1&psc=1"><img src="https://m.media-amazon.com/images/I/41oWEq1J+SL._SL500_.jpg" alt="Product Image"></a><p>Mompush Wiz 2-in-1 Convertible Baby Stroller with Bassinet Mode - Foldable Infant Stroller to Explore More as a Family - Toddler Stroller with Reversible Stroller Seat</p><p> -30% 0FF </p><p>$159.99</p><a href="https://www.amazon.com/dp/B09FL82SRC?tag=eloabder-20&linkCode=osi&th=1&psc=1">View Product</a></div><div class="product"><a href="https://www.amazon.com/dp/B01JRY00C2?tag=eloabder-20&linkCode=osi&th=1&psc=1"><img src="https://m.media-amazon.com/images/I/41oyBwt71IL._SL500_.jpg" alt="Product Image"></a><p>Safety 1st Smooth Ride Travel System Stroller and Car Seat OnBoard™ FLX - Efficient Infant Car Seat Stroller and Infant Car Seat and Stroller Combo, Monument</p><p> -9% 0FF </p><p>$199.99</p><a href="https://www.amazon.com/dp/B01JRY00C2?tag=eloabder-20&linkCode=osi&th=1&psc=1">View Product</a></div>
<div class="product"><a href="https://www.amazon.com/dp/B08K2CN246?tag=eloabder-20&linkCode=osi&th=1&psc=1"><img src="https://m.media-amazon.com/images/I/41kw6Z5JVpL._SL500_.jpg" alt="Product Image"></a><p>Graco Soothe My Way with Removable Rocker, Madden - Versatile Baby Swing & Portable Rocker</p><p> -5% 0FF </p><p>$199.99</p><a href="https://www.amazon.com/dp/B08K2CN246?tag=eloabder-20&linkCode=osi&th=1&psc=1">View Product</a></div><div class="product"><a href="https://www.amazon.com/dp/B0CPTD1PS8?tag=eloabder-20&linkCode=osi&th=1&psc=1"><img src="https://m.media-amazon.com/images/I/31mjNCs4A0L._SL500_.jpg" alt="Product Image"></a><p>Maxi-Cosi Cassia Baby Swings for Infants: Smart Portable Baby Swing with Music, Lightweight & Foldable Baby Swing, 360 Rotation Infant Swing, Classic Oat</p><p> -14% 0FF </p><p>$172.65</p><a href="https://www.amazon.com/dp/B0CPTD1PS8?tag=eloabder-20&linkCode=osi&th=1&psc=1">View Product</a></div>
<div class="product"><a href="https://www.amazon.com/dp/B0795ZW85G?tag=eloabder-20&linkCode=osi&th=1&psc=1"><img src="https://m.media-amazon.com/images/I/41MJ3gfs90L._SL500_.jpg" alt="Product Image"></a><p>Kinsa Smart,Fever, Digital Medical Baby, Kid and Adult Termometro - Accurate, Fast, FDA Cleared Thermometer for Oral, Armpit or Rectal Temperature Reading - QuickCare</p><p> -27% 0FF </p><p>$21.97</p><a href="https://www.amazon.com/dp/B0795ZW85G?tag=eloabder-20&linkCode=osi&th=1&psc=1">View Product</a></div>
<div class="product"><a href="https://www.amazon.com/dp/B0866RV9SM?tag=eloabder-20&linkCode=osi&th=1&psc=1"><img src="https://m.media-amazon.com/images/I/41n5jaf1l8L._SL500_.jpg" alt="Product Image"></a><p>Dr. Brown's Infant-to-Toddler Training Toothbrush Set with Fluoride-Free Baby Toothpaste, Strawberry - Giraffe - 1.4oz - 0-3 years</p><p> -9% 0FF </p><p>$8.19</p><a href="https://www.amazon.com/dp/B0866RV9SM?tag=eloabder-20&linkCode=osi&th=1&psc=1">View Product</a></div>
<div class="product"><a href="https://www.amazon.com/dp/B079KV58DJ?tag=eloabder-20&linkCode=osi&th=1&psc=1"><img src="https://m.media-amazon.com/images/I/31a0bFQr94L._SL500_.jpg" alt="Product Image"></a><p>Dr. Talbot's Baby Toothpaste Naturally Inspired with Citroganix and Silicone Finger Gum Massager, Vanilla Milk Flavor</p><p> -35% 0FF </p><p>$3.87</p><a href="https://www.amazon.com/dp/B079KV58DJ?tag=eloabder-20&linkCode=osi&th=1&psc=1">View Product</a></div><div class="product"><a href="https://www.amazon.com/dp/B07GT9YRXD?tag=eloabder-20&linkCode=osi&th=1&psc=1"><img src="https://m.media-amazon.com/images/I/416EJX6PtPL._SL500_.jpg" alt="Product Image"></a><p>Baby Toothpaste 6 to 12 Months - Rain Fluoride Free Tooth Paste Gel for Infant Toddler Kids 0-6 Years and Up, Safe to Swallow, 2.8 Oz, Babies Training, Xylitol, Vitamin C, Vegan, SLS Free, Gluten Free</p><p> -25% 0FF </p><p>$13.94</p><a href="https://www.amazon.com/dp/B07GT9YRXD?tag=eloabder-20&linkCode=osi&th=1&psc=1">View Product</a></div>
<div class="product"><a href="https://www.amazon.com/dp/B0B9BMFS4X?tag=eloabder-20&linkCode=osi&th=1&psc=1"><img src="https://m.media-amazon.com/images/I/51QOy--SVyL._SL500_.jpg" alt="Product Image"></a><p>HOMEXCEL Baby Washcloths 24 Pack-Microfiber Coral Fleece Baby Bath Face Towel 7 x 9 Inch Extra Absorbent and Soft Burp Cloth and Wash Cloths for Newborn-Infants and Toddlers-Gentle On Sensitive Skin</p><p> -10% 0FF </p><p>$8.99</p><a href="https://www.amazon.com/dp/B0B9BMFS4X?tag=eloabder-20&linkCode=osi&th=1&psc=1">View Product</a></div>
<div class="product"><a href="https://www.amazon.com/dp/B00M2AAYG6?tag=eloabder-20&linkCode=osi&th=1&psc=1"><img src="https://m.media-amazon.com/images/I/41fixA-oZyL._SL500_.jpg" alt="Product Image"></a><p>Smart Steps 3.0 Activity Walker, Emily</p><p> -20% 0FF </p><p>$39.98</p><a href="https://www.amazon.com/dp/B00M2AAYG6?tag=eloabder-20&linkCode=osi&th=1&psc=1">View Product</a></div><div class="product"><a href="https://www.amazon.com/dp/B0C4PB4QN3?tag=eloabder-20&linkCode=osi&th=1&psc=1"><img src="https://m.media-amazon.com/images/I/41a0CSHVcBL._SL500_.jpg" alt="Product Image"></a><p>Wismind Baby Walker Foldable with 9 Adjustable Heights, Baby Walkers and Activity Center for Boys Girls Babies 7-18 Months, Baby Walker with Wheels Portable</p><p> -30% 0FF </p><p>$69.99</p><a href="https://www.amazon.com/dp/B0C4PB4QN3?tag=eloabder-20&linkCode=osi&th=1&psc=1">View Product</a></div><div class="product"><a href="https://www.amazon.com/dp/B074ZDNJBD?tag=eloabder-20&linkCode=osi&th=1&psc=1"><img src="https://m.media-amazon.com/images/I/41WJhym-67L._SL500_.jpg" alt="Product Image"></a><p>Fisher-Price Baby Toy Laugh & Learn Smart Stages Learn with Puppy Walker with Music Lights & Activities for Infants Ages 6+ Months</p><p> -20% 0FF </p><p>$19.97</p><a href="https://www.amazon.com/dp/B074ZDNJBD?tag=eloabder-20&linkCode=osi&th=1&psc=1">View Product</a></div><div class="product"><a href="https://www.amazon.com/dp/B0CPP7HFVY?tag=eloabder-20&linkCode=osi&th=1&psc=1"><img src="https://m.media-amazon.com/images/I/51L9TuZYYDL._SL500_.jpg" alt="Product Image"></a><p>Tiny Land Wooden Baby Walker, Baby Push Walker, Montessori Walker Toy, Adjustable Speed Baby Walker for Boys and Girls, Baby Activity Center, Push Toys for Kids Development</p><p> -6% 0FF </p><p>$79.99</p><a href="https://www.amazon.com/dp/B0CPP7HFVY?tag=eloabder-20&linkCode=osi&th=1&psc=1">View Product</a></div><div class="product"><a href="https://www.amazon.com/dp/B09QNK7BD9?tag=eloabder-20&linkCode=osi&th=1&psc=1"><img src="https://m.media-amazon.com/images/I/417kGxszQCL._SL500_.jpg" alt="Product Image"></a><p>Bright Starts Disney Baby Minnie Mouse Forever Besties 2-in-1 Baby Activity Walker - Easy Fold Frame and Removable -Toy Station, 6 Months and up</p><p> -17% 0FF </p><p>$49.98</p><a href="https://www.amazon.com/dp/B09QNK7BD9?tag=eloabder-20&linkCode=osi&th=1&psc=1">View Product</a></div>
<div class="product"><a href="https://www.amazon.com/dp/B078XYF78X?tag=eloabder-20&linkCode=osi&th=1&psc=1"><img src="https://m.media-amazon.com/images/I/41cDmYF13wL._SL500_.jpg" alt="Product Image"></a><p>Huggies Simply Clean Fragrance-Free Baby Wipes, Unscented Diaper Wipes, 1 Flip-Top Pack (64 Wipes Total)</p><p> -21% 0FF </p><p>$2.17 ($3.39 / 100 Count)</p><a href="https://www.amazon.com/dp/B078XYF78X?tag=eloabder-20&linkCode=osi&th=1&psc=1">View Product</a></div><div class="product"><a href="https://www.amazon.com/dp/B08QRT84WJ?tag=eloabder-20&linkCode=osi&th=1&psc=1"><img src="https://m.media-amazon.com/images/I/51vfRHDV3QL._SL500_.jpg" alt="Product Image"></a><p>Huggies Natural Care Sensitive Baby Wipes, Unscented, Hypoallergenic, 6 Flip-Top Packs (288 Wipes Total)</p><p> -15% 0FF </p><p>$11.33 ($3.93 / 100 Count)</p><a href="https://www.amazon.com/dp/B08QRT84WJ?tag=eloabder-20&linkCode=osi&th=1&psc=1">View Product</a></div><div class="product"><a href="https://www.amazon.com/dp/B0CNSCVGPH?tag=eloabder-20&linkCode=osi&th=1&psc=1"><img src="https://m.media-amazon.com/images/I/51oFmARUYLL._SL500_.jpg" alt="Product Image"></a><p>Huggies Simply Clean Fresh Scent Baby Wipes, 3 Flip-Top Packs of 64 (192 Wipes Total)</p><p> -13% 0FF </p><p>$6.77 ($3.53 / 100 Count)</p><a href="https://www.amazon.com/dp/B0CNSCVGPH?tag=eloabder-20&linkCode=osi&th=1&psc=1">View Product</a></div><div class="product"><a href="https://www.amazon.com/dp/B07KGL6L56?tag=eloabder-20&linkCode=osi&th=1&psc=1"><img src="https://m.media-amazon.com/images/I/41mNPe9fqbL._SL500_.jpg" alt="Product Image"></a><p>Pampers Baby Clean Wipes, Baby Fresh Scented Baby Wipes, 72 Baby Wipes Total (1 Flip-Top Pack)</p><p> -27% 0FF </p><p>$2.49 ($3.46 / 100 Count)</p><a href="https://www.amazon.com/dp/B07KGL6L56?tag=eloabder-20&linkCode=osi&th=1&psc=1">View Product</a></div><div class="product"><a href="https://www.amazon.com/dp/B07XMFVN95?tag=eloabder-20&linkCode=osi&th=1&psc=1"><img src="https://m.media-amazon.com/images/I/51-VIf1JGuL._SL500_.jpg" alt="Product Image"></a><p>Amazon Brand - Mama Bear Gentle Fragrance Free Baby Wipes, Hypoallergenic, Sensitive Skin, Unscented, 800 Count (8 Packs of 100)</p><p> -11% 0FF </p><p>$20.59</p><a href="https://www.amazon.com/dp/B07XMFVN95?tag=eloabder-20&linkCode=osi&th=1&psc=1">View Product</a></div>
<div class="product"><a href="https://www.amazon.com/dp/B082PSKBXV?tag=eloabder-20&linkCode=osi&th=1&psc=1"><img src="https://m.media-amazon.com/images/I/41e-U+REwlL._SL500_.jpg" alt="Product Image"></a><p>Baby Wrap Carrier Jeroray Hands Free Infant Carrier,Lightweight,Breathable,Softness,Heather Grey</p><p> -11% 0FF </p><p>$19.59</p><a href="https://www.amazon.com/dp/B082PSKBXV?tag=eloabder-20&linkCode=osi&th=1&psc=1">View Product</a></div>
<div class="product"><a href="https://www.amazon.com/dp/B0771L5HN5?tag=eloabder-20&linkCode=osi&th=1&psc=1"><img src="https://m.media-amazon.com/images/I/51pAl1My4tL._SL500_.jpg" alt="Product Image"></a><p>Corner Protector for Baby, Protectors Guards, Furniture Corner Guard & Edge Safety Bumpers - Baby Proof Bumper Cushion - Clear & Transparent (12 Pack)</p><p> -11% 0FF </p><p>$7.98 ($0.66 / Count)</p><a href="https://www.amazon.com/dp/B0771L5HN5?tag=eloabder-20&linkCode=osi&th=1&psc=1">View Product</a></div><div class="product"><a href="https://www.amazon.com/dp/B07CNS8W5Y?tag=eloabder-20&linkCode=osi&th=1&psc=1"><img src="https://m.media-amazon.com/images/I/41Hxr+wFkkL._SL500_.jpg" alt="Product Image"></a><p>12 Pack Corner Guards Corner Protectors Baby Proof Furniture Corner & Edge Safety Bumpers, Table Corner Protector for Furniture Corner Covers Baby Safety</p><p> -17% 0FF </p><p>$4.99</p><a href="https://www.amazon.com/dp/B07CNS8W5Y?tag=eloabder-20&linkCode=osi&th=1&psc=1">View Product</a></div>
<div class="product"><a href="https://www.amazon.com/dp/B0BDFB3LW6?tag=eloabder-20&linkCode=osi&th=1&psc=1"><img src="https://m.media-amazon.com/images/I/31HyDb7637L._SL500_.jpg" alt="Product Image"></a><p>Baby Proofing Cabinets,Cabinet Locks for Babies,U-Shaped Child Locks for Cabinets, Child Proof Cabinet Latches,Child Safety Cabinet Locks with Adjustable by SPISPI (Pack of 2)</p><p> -30% 0FF </p><p>$6.99</p><a href="https://www.amazon.com/dp/B0BDFB3LW6?tag=eloabder-20&linkCode=osi&th=1&psc=1">View Product</a></div><div class="product"><a href="https://www.amazon.com/dp/B07GRNTXJZ?tag=eloabder-20&linkCode=osi&th=1&psc=1"><img src="https://m.media-amazon.com/images/I/41WR7vsRvML._SL500_.jpg" alt="Product Image"></a><p>Upgraded Invisible Baby Proofing Cabinet Latch Locks (10 Pack) - No Drilling or Tools Required for Installation, Works with Most Cabinets and Drawers, Works with Countertop Overhangs, Highly Secure</p><p> -33% 0FF </p><p>$19.99</p><a href="https://www.amazon.com/dp/B07GRNTXJZ?tag=eloabder-20&linkCode=osi&th=1&psc=1">View Product</a></div><div class="product"><a href="https://www.amazon.com/dp/B07TV9QY16?tag=eloabder-20&linkCode=osi&th=1&psc=1"><img src="https://m.media-amazon.com/images/I/31CzUhfEf9S._SL500_.jpg" alt="Product Image"></a><p>Child Safety Cabinet Locks - (10 Pack) Baby Proofing Latches to Drawer Door Fridge Oven Toilet Seat Kitchen Cupboard Appliance Trash Can with 3M Adhesive - Adjustable Strap No Drill No Tool</p><p> -25% 0FF </p><p>$14.99</p><a href="https://www.amazon.com/dp/B07TV9QY16?tag=eloabder-20&linkCode=osi&th=1&psc=1">View Product</a></div><div class="product"><a href="https://www.amazon.com/dp/B0D7W79D9T?tag=eloabder-20&linkCode=osi&th=1&psc=1"><img src="https://m.media-amazon.com/images/I/31awaiU9CVL._SL500_.jpg" alt="Product Image"></a><p>Baby Proofing Cabinets, Sliding Cabinet Locks for Babies, Adjustable U Shaped Baby Safety Locks, Childproof Cabinet Latch for Kitchen, Bathroom, Drawer, Cupboard Doors Knobs & Handles (2Pack White)</p><p> -25% 0FF </p><p>$2.99</p><a href="https://www.amazon.com/dp/B0D7W79D9T?tag=eloabder-20&linkCode=osi&th=1&psc=1">View Product</a></div><div class="product"><a href="https://www.amazon.com/dp/B07K2PWN19?tag=eloabder-20&linkCode=osi&th=1&psc=1"><img src="https://m.media-amazon.com/images/I/41UlC3lEJaS._SL500_.jpg" alt="Product Image"></a><p>Cabinet Locks - Adoric Life Child Safety Locks 4 Pack - Baby Safety Cabinet Locks - Baby Proofing Cabinet Kitchen System with Strong Adhesive Tape</p><p> -46% 0FF </p><p>$6.99</p><a href="https://www.amazon.com/dp/B07K2PWN19?tag=eloabder-20&linkCode=osi&th=1&psc=1">View Product</a></div>
<div class="product"><a href="https://www.amazon.com/dp/B007IUOG5A?tag=eloabder-20&linkCode=osi&th=1&psc=1"><img src="https://m.media-amazon.com/images/I/31+8zGGzplL._SL500_.jpg" alt="Product Image"></a><p>Safety Innovations Twin Door Baby Safety Outlet Cover Box for Babyproofing Outlets - More Interior Space for Extra Large Electrical Plugs and Adapters - Easy to Install - Easy to Use, (1-Pack)</p><p> -33% 0FF </p><p>$9.95</p><a href="https://www.amazon.com/dp/B007IUOG5A?tag=eloabder-20&linkCode=osi&th=1&psc=1">View Product</a></div><div class="product"><a href="https://www.amazon.com/dp/B000HKVG9C?tag=eloabder-20&linkCode=osi&th=1&psc=1"><img src="https://m.media-amazon.com/images/I/41RdFKMVyCL._SL500_.jpg" alt="Product Image"></a><p>Safety 1st Outlet Cover with Cord Shortener for Baby Proofing</p><p> -9% 0FF </p><p>$4.98</p><a href="https://www.amazon.com/dp/B000HKVG9C?tag=eloabder-20&linkCode=osi&th=1&psc=1">View Product</a></div><div class="product"><a href="https://www.amazon.com/dp/B01N7H7J47?tag=eloabder-20&linkCode=osi&th=1&psc=1"><img src="https://m.media-amazon.com/images/I/414dT3xocLL._SL500_.jpg" alt="Product Image"></a><p>Outlet Covers Baby Proofing (50 Pack) Safe & Secure Electric Plug Protectors | Sturdy Childproof Socket Covers for Home & Office | Easy Installation | Protect Toddlers & Babies | White</p><p> -31% 0FF </p><p>$8.99</p><a href="https://www.amazon.com/dp/B01N7H7J47?tag=eloabder-20&linkCode=osi&th=1&psc=1">View Product</a></div>
<div class="product"><a href="https://www.amazon.com/dp/B08SQYKXCH?tag=eloabder-20&linkCode=osi&th=1&psc=1"><img src="https://m.media-amazon.com/images/I/51NMUNJ6CmL._SL500_.jpg" alt="Product Image"></a><p>Baby Proofing Edge Corner Protector, Table Bumper Guard, Soft Rubber Foam Guard, 3M Pre-Taped Corners, 20.5 ft (18.1ft Edge + 8 Corners) Baby Proof Corner Guard Heavy-Duty (18.1ft, Cream White)</p><p> -5% 0FF </p><p>$15.75</p><a href="https://www.amazon.com/dp/B08SQYKXCH?tag=eloabder-20&linkCode=osi&th=1&psc=1">View Product</a></div>
<div class="product"><a href="https://www.amazon.com/dp/B082LN53Y4?tag=eloabder-20&linkCode=osi&th=1&psc=1"><img src="https://m.media-amazon.com/images/I/51MQ1RC2tuL._SL500_.jpg" alt="Product Image"></a><p>Baby Car Mirror Most Stable Backseat Mirror with Premium Matte Finish-Super Clear PMMA Material Mirror-Safe, Secure and Shatterproof,Black</p><p> -53% 0FF </p><p>$7.99</p><a href="https://www.amazon.com/dp/B082LN53Y4?tag=eloabder-20&linkCode=osi&th=1&psc=1">View Product</a></div><div class="product"><a href="https://www.amazon.com/dp/B07MT8HXVC?tag=eloabder-20&linkCode=osi&th=1&psc=1"><img src="https://m.media-amazon.com/images/I/51lvNQUNxjL._SL500_.jpg" alt="Product Image"></a><p>Baby Car Mirror, DARVIQS Seat Safely Monitor Infant Child in Rear Facing Seat, Wide View Shatterproof Adjustable Acrylic 360°for Backseat, Crash Tested and Certified for Safety</p><p> -15% 0FF </p><p>$12.69</p><a href="https://www.amazon.com/dp/B07MT8HXVC?tag=eloabder-20&linkCode=osi&th=1&psc=1">View Product</a></div><div class="product"><a href="https://www.amazon.com/dp/B01K478YBA?tag=eloabder-20&linkCode=osi&th=1&psc=1"><img src="https://m.media-amazon.com/images/I/413tQ4nkWHL._SL500_.jpg" alt="Product Image"></a><p>Shynerk Baby Car Mirror, Rear Facing Car Seat Mirror Safety for Infant Newborn, Baby Mirror with Wide Rearview & 360° Rotation, Shatterproof & Easy Assembled Crash Tested</p><p> -38% 0FF </p><p>$15.99</p><a href="https://www.amazon.com/dp/B01K478YBA?tag=eloabder-20&linkCode=osi&th=1&psc=1">View Product</a></div><div class="product"><a href="https://www.amazon.com/dp/B08FLH1SHC?tag=eloabder-20&linkCode=osi&th=1&psc=1"><img src="https://m.media-amazon.com/images/I/31HQAIIlPlL._SL500_.jpg" alt="Product Image"></a><p>Munchkin® Brica® 360 Pivot Baby in-Sight® Wide Angle Adjustable Car Mirror, Crash Tested and Shatter Resistant, Black</p><p> -11% 0FF </p><p>$20.52</p><a href="https://www.amazon.com/dp/B08FLH1SHC?tag=eloabder-20&linkCode=osi&th=1&psc=1">View Product</a></div><div class="product"><a href="https://www.amazon.com/dp/B0DD43HCBS?tag=eloabder-20&linkCode=osi&th=1&psc=1"><img src="https://m.media-amazon.com/images/I/411RbPJWuRL._SL500_.jpg" alt="Product Image"></a><p>WZBB Baby Car Mirror with Light - Remote Control, 360° Adjustable, Shatter Resistant, Clear Night Vision, Easy Installation for Rear Facing Infants and Toddlers</p><p> -22% 0FF </p><p>$27.98</p><a href="https://www.amazon.com/dp/B0DD43HCBS?tag=eloabder-20&linkCode=osi&th=1&psc=1">View Product</a></div>
<div class="product"><a href="https://www.amazon.com/dp/B000JVCJDQ?tag=eloabder-20&linkCode=osi&th=1&psc=1"><img src="https://m.media-amazon.com/images/I/41o-rEGfj5L._SL500_.jpg" alt="Product Image"></a><p>Earth Mama Organic Diaper Balm | Diaper Cream with Calendula | Calm Skin Baby Essentials for Diaper Bag |Multipurpose Baby Ointment, 2-Fluid Ounce (2-Pack)</p><p> -30% 0FF </p><p>$26.58</p><a href="https://www.amazon.com/dp/B000JVCJDQ?tag=eloabder-20&linkCode=osi&th=1&psc=1">View Product</a></div><div class="product"><a href="https://www.amazon.com/dp/B006YTX0HQ?tag=eloabder-20&linkCode=osi&th=1&psc=1"><img src="https://m.media-amazon.com/images/I/41WJwvRm5aL._SL500_.jpg" alt="Product Image"></a><p>Burt's Bees Christmas Gifts, Baby 100% Natural Multipurpose Healing Ointment, Face & Body Baby Ointment – 7.5 Ounce Tub</p><p> -16% 0FF </p><p>$7.59 ($1.01 / Ounce)</p><a href="https://www.amazon.com/dp/B006YTX0HQ?tag=eloabder-20&linkCode=osi&th=1&psc=1">View Product</a></div><div class="product"><a href="https://www.amazon.com/dp/B01HI7VY84?tag=eloabder-20&linkCode=osi&th=1&psc=1"><img src="https://m.media-amazon.com/images/I/41tnCnueEWL._SL500_.jpg" alt="Product Image"></a><p>Aveeno Baby Eczema Therapy Nighttime Moisturizing Body Balm, Nourishing Skin Protectant Soothes & Relieves Dry, Itchy Skin from Eczema, Hypoallergenic, Fragrance- & Steroid-Free, 11 oz</p><p> -28% 0FF </p><p>$19.37 ($1.76 / Ounce)</p><a href="https://www.amazon.com/dp/B01HI7VY84?tag=eloabder-20&linkCode=osi&th=1&psc=1">View Product</a></div><div class="product"><a href="https://www.amazon.com/dp/B078B9JPLX?tag=eloabder-20&linkCode=osi&th=1&psc=1"><img src="https://m.media-amazon.com/images/I/31V-kg6EG5L._SL500_.jpg" alt="Product Image"></a><p>Earth Mama Organic Baby Face Nose & Cheek Balm | Moisturizer with Calendula Oil for Dry Skin Care, Natural Petroleum Jelly Alternative (2-Fluid Ounce)</p><p> -9% 0FF </p><p>$9.99 ($5.00 / Ounce)</p><a href="https://www.amazon.com/dp/B078B9JPLX?tag=eloabder-20&linkCode=osi&th=1&psc=1">View Product</a></div>
<div class="product"><a href="https://www.amazon.com/dp/B0C6V4KH59?tag=eloabder-20&linkCode=osi&th=1&psc=1"><img src="https://m.media-amazon.com/images/I/41-m52lOZwL._SL500_.jpg" alt="Product Image"></a><p>HALO Baby Flex BassiNest, Adjustable Travel Bassinet, Easy Folding, Lightweight with Mattress and Carrying Bag, Morning Mist</p><p> -50% 0FF </p><p>$49.99</p><a href="https://www.amazon.com/dp/B0C6V4KH59?tag=eloabder-20&linkCode=osi&th=1&psc=1">View Product</a></div><div class="product"><a href="https://www.amazon.com/dp/B0C7VRMHYY?tag=eloabder-20&linkCode=osi&th=1&psc=1"><img src="https://m.media-amazon.com/images/I/41XOT8oQMML._SL500_.jpg" alt="Product Image"></a><p>AirClub Bassinet Bedside Sleeper, Baby Crib for Newborn, Baby Bassinets Bedside Sleeper with 4 Auto-Lock & Adjustable Height, Breathable Mesh & Mattress, Bedside Bassinet</p><p> -25% 0FF </p><p>$149.99</p><a href="https://www.amazon.com/dp/B0C7VRMHYY?tag=eloabder-20&linkCode=osi&th=1&psc=1">View Product</a></div><div class="product"><a href="https://www.amazon.com/dp/B0CB3HVPL7?tag=eloabder-20&linkCode=osi&th=1&psc=1"><img src="https://m.media-amazon.com/images/I/41AO8J-9fZL._SL500_.jpg" alt="Product Image"></a><p>Fodoss Baby Bassinets Bedside Sleeper - All Mesh Bedside Bassinet with Wheels, 7 Height Adjustable Baby Bassinet for Infants, Beige</p><p> -10% 0FF </p><p>$89.99</p><a href="https://www.amazon.com/dp/B0CB3HVPL7?tag=eloabder-20&linkCode=osi&th=1&psc=1">View Product</a></div><div class="product"><a href="https://www.amazon.com/dp/B0CXG8NVBP?tag=eloabder-20&linkCode=osi&th=1&psc=1"><img src="https://m.media-amazon.com/images/I/3173PjIYwrL._SL500_.jpg" alt="Product Image"></a><p>Graco® SmartSense™ Soothing Baby Bassinet – Smart Newborn Bassinet Detects and Automatically Responds to Baby's Cries – for Newborn Babies to 6 Months</p><p> -20% 0FF </p><p>$319.99</p><a href="https://www.amazon.com/dp/B0CXG8NVBP?tag=eloabder-20&linkCode=osi&th=1&psc=1">View Product</a></div><div class="product"><a href="https://www.amazon.com/dp/B08K3314ZL?tag=eloabder-20&linkCode=osi&th=1&psc=1"><img src="https://m.media-amazon.com/images/I/41pUDfJ9dAL._SL500_.jpg" alt="Product Image"></a><p>Graco Pack 'n Play Close2Baby Bassinet Playard Features Portable Bassinet Diaper Changer and More, Derby</p><p> -6% 0FF </p><p>$188.09</p><a href="https://www.amazon.com/dp/B08K3314ZL?tag=eloabder-20&linkCode=osi&th=1&psc=1">View Product</a></div><div class="product"><a href="https://www.amazon.com/dp/B0CTKT6641?tag=eloabder-20&linkCode=osi&th=1&psc=1"><img src="https://m.media-amazon.com/images/I/31pNKDUBgDL._SL500_.jpg" alt="Product Image"></a><p>Baby Delight Beside Me Dreamer Bassinet | Bedside Sleeper & Baby Bassinet | 6-Position Height Adjustment | 100% GOTS Certified Organic Cotton Fabric | Organic Mocha</p><p> -22% 0FF </p><p>$139.99</p><a href="https://www.amazon.com/dp/B0CTKT6641?tag=eloabder-20&linkCode=osi&th=1&psc=1">View Product</a></div><div class="product"><a href="https://www.amazon.com/dp/B09XHKL683?tag=eloabder-20&linkCode=osi&th=1&psc=1"><img src="https://m.media-amazon.com/images/I/611wEYRVaUL._SL500_.jpg" alt="Product Image"></a><p>Baby Bassinet Bedside Sleeper, besrey Bedside Bassinet for Newborn Infant with Comfy Mattress, 9 Height Positions, Adjustable Bedside Crib with 360° Swivel Wheels Bassinet for Baby with Storage Basket</p><p> -27% 0FF </p><p>$153.99</p><a href="https://www.amazon.com/dp/B09XHKL683?tag=eloabder-20&linkCode=osi&th=1&psc=1">View Product</a></div>
<div class="product"><a href="https://www.amazon.com/dp/B08CNM6DZT?tag=eloabder-20&linkCode=osi&th=1&psc=1"><img src="https://m.media-amazon.com/images/I/51D5+ArDsWL._SL500_.jpg" alt="Product Image"></a><p>Comfortable Bath Kneeler and Elbow Kneeling Rest Pad for Baby Bathing Parents - Painless Foam Mat with Toy Organizer Pockets - Quick Drying, Foldable, Non-Slip for Baby and Toddler Bathing</p><p> -20% 0FF </p><p>$41.97</p><a href="https://www.amazon.com/dp/B08CNM6DZT?tag=eloabder-20&linkCode=osi&th=1&psc=1">View Product</a></div><div class="product"><a href="https://www.amazon.com/dp/B07FK58QB1?tag=eloabder-20&linkCode=osi&th=1&psc=1"><img src="https://m.media-amazon.com/images/I/41qpzgGaHVL._SL500_.jpg" alt="Product Image"></a><p>Skip Hop Moby Bath Kneeler, Grey</p><p> -20% 0FF </p><p>$14.39</p><a href="https://www.amazon.com/dp/B07FK58QB1?tag=eloabder-20&linkCode=osi&th=1&psc=1">View Product</a></div><div class="product"><a href="https://www.amazon.com/dp/B081T5449V?tag=eloabder-20&linkCode=osi&th=1&psc=1"><img src="https://m.media-amazon.com/images/I/41bxm5Tx9BL._SL500_.jpg" alt="Product Image"></a><p>Toodly Baby Bath Kneeler and Elbow Rest Pad Set - Baby Bath Support for Knees and Elbows - Bath Kneeler Pad with Memory Foam and Bath Toys Organizer - Ideal Bath Kneeling Pad for Bathing Baby - Grey</p><p> -33% 0FF </p><p>$39.99</p><a href="https://www.amazon.com/dp/B081T5449V?tag=eloabder-20&linkCode=osi&th=1&psc=1">View Product</a></div><div class="product"><a href="https://www.amazon.com/dp/B07K1W7WN5?tag=eloabder-20&linkCode=osi&th=1&psc=1"><img src="https://m.media-amazon.com/images/I/31c0BxxJKZL._SL500_.jpg" alt="Product Image"></a><p>Skip Hop Baby Bath All-in-One Elbow Saver and Kneeler, Moby, Grey</p><p> -22% 0FF </p><p>$29.49</p><a href="https://www.amazon.com/dp/B07K1W7WN5?tag=eloabder-20&linkCode=osi&th=1&psc=1">View Product</a></div><div class="product"><a href="https://www.amazon.com/dp/B0CP48MH77?tag=eloabder-20&linkCode=osi&th=1&psc=1"><img src="https://m.media-amazon.com/images/I/41hoDZTiOEL._SL500_.jpg" alt="Product Image"></a><p>Efforest Baby Bath Kneeler and Elbow Rest Pad Set, 1.5" Thick Kneeling Pad for Baby Bath, Bathtub Kneeling pad with Toy Organizer for Knee & Arm Support, Non-Slip Mat for Baby & Toddler Bath</p><p> -50% 0FF </p><p>$17.48</p><a href="https://www.amazon.com/dp/B0CP48MH77?tag=eloabder-20&linkCode=osi&th=1&psc=1">View Product</a></div><div class="product"><a href="https://www.amazon.com/dp/B07WQTV19X?tag=eloabder-20&linkCode=osi&th=1&psc=1"><img src="https://m.media-amazon.com/images/I/41KGpUoWZ-S._SL500_.jpg" alt="Product Image"></a><p>Bath Kneeler and Elbow Rest Pad, 1.75 inch Extra Thick Baby Bath Kneeling Pad and Elbow Pad for Bathtub. Bath Tub Elbow Pad with Infant Toy and Baby Accessories Organizer, Grey</p><p> -13% 0FF </p><p>$34.99</p><a href="https://www.amazon.com/dp/B07WQTV19X?tag=eloabder-20&linkCode=osi&th=1&psc=1">View Product</a></div>
<div class="product"><a href="https://www.amazon.com/dp/B00I3K25R0?tag=eloabder-20&linkCode=osi&th=1&psc=1"><img src="https://m.media-amazon.com/images/I/41wucHZw+xL._SL500_.jpg" alt="Product Image"></a><p>Munchkin® Float & Play Bubbles™ Baby and Toddler Bath Toy, 4 Count</p><p> -35% 0FF </p><p>$6.15</p><a href="https://www.amazon.com/dp/B00I3K25R0?tag=eloabder-20&linkCode=osi&th=1&psc=1">View Product</a></div><div class="product"><a href="https://www.amazon.com/dp/B0C3VFVWYB?tag=eloabder-20&linkCode=osi&th=1&psc=1"><img src="https://m.media-amazon.com/images/I/41Cr35zwy4L._SL500_.jpg" alt="Product Image"></a><p>XY-WQ Bath Toys No Hole, for Infants 6-12& Toddlers 1-3, No Hole Bathtub Toys (Animal Ⅱ, 8 Pcs with Mesh Bag)</p><p> -25% 0FF </p><p>$11.99</p><a href="https://www.amazon.com/dp/B0C3VFVWYB?tag=eloabder-20&linkCode=osi&th=1&psc=1">View Product</a></div><div class="product"><a href="https://www.amazon.com/dp/B0D95ZDWD3?tag=eloabder-20&linkCode=osi&th=1&psc=1"><img src="https://m.media-amazon.com/images/I/51J3Myxu1lL._SL500_.jpg" alt="Product Image"></a><p>candyfouse Baby Whale Bath Toys,Whale Bath Toy Sprinkler, Light Up Bath Toys for Toddlers 1-3, Four Water Spray Patterns, Waterproof Design, Bathtub Fountain Spray Toy, Baby Birthday Shower Gifts</p><p> -40% 0FF </p><p>$5.99</p><a href="https://www.amazon.com/dp/B0D95ZDWD3?tag=eloabder-20&linkCode=osi&th=1&psc=1">View Product</a></div><div class="product"><a href="https://www.amazon.com/dp/B07Z22YMPN?tag=eloabder-20&linkCode=osi&th=1&psc=1"><img src="https://m.media-amazon.com/images/I/5101dLkJnoL._SL500_.jpg" alt="Product Image"></a><p>Toy Boat Bath Toys for Toddlers with 4 Mini Car Toys and 4 Bath Boat Squirters, Kids Ferry Boat for Bathtub Bathroom Pool Beach Toys</p><p> -50% 0FF </p><p>$13.47</p><a href="https://www.amazon.com/dp/B07Z22YMPN?tag=eloabder-20&linkCode=osi&th=1&psc=1">View Product</a></div><div class="product"><a href="https://www.amazon.com/dp/B0C72TGNHL?tag=eloabder-20&linkCode=osi&th=1&psc=1"><img src="https://m.media-amazon.com/images/I/51AOyTHwqrL._SL500_.jpg" alt="Product Image"></a><p>SplashEZ Mold Free Bath Toys for Babies & Toddlers, Car No Hole Bath Toys, Non Squirting Bath Toys No Mold for Tub, Beach, Pool, BPA-Free, Safe, Fun Infant Baby Bath Toys No Holes 0 1 3 6 12 18 Months</p><p> -38% 0FF </p><p>$9.99</p><a href="https://www.amazon.com/dp/B0C72TGNHL?tag=eloabder-20&linkCode=osi&th=1&psc=1">View Product</a></div>
<div class="product"><a href="https://www.amazon.com/dp/B078941ZC8?tag=eloabder-20&linkCode=osi&th=1&psc=1"><img src="https://m.media-amazon.com/images/I/31ltY+yutGL._SL500_.jpg" alt="Product Image"></a><p>Summer by Ingenuity My Bath Seat for Sit-Up Baby Bathing, Sure & Secure Suction Cups, ASTM Safety Tested & Approved, Backrest for Assisted Sitting, Easy Setup & Storage, Aqua</p><p> -34% 0FF </p><p>$23.16</p><a href="https://www.amazon.com/dp/B078941ZC8?tag=eloabder-20&linkCode=osi&th=1&psc=1">View Product</a></div><div class="product"><a href="https://www.amazon.com/dp/B0DCZ4F9MT?tag=eloabder-20&linkCode=osi&th=1&psc=1"><img src="https://m.media-amazon.com/images/I/31BF+egPyoL._SL500_.jpg" alt="Product Image"></a><p>Baby Bath Seat for Babies 6 Months & Up, Bath Seats for Babies Sitting Up, 3 Baby Bath Toys, Open Design, Non-Slip, Compact Toddler Bath Seat.</p><p> -6% 0FF </p><p>$39.99</p><a href="https://www.amazon.com/dp/B0DCZ4F9MT?tag=eloabder-20&linkCode=osi&th=1&psc=1">View Product</a></div><div class="product"><a href="https://www.amazon.com/dp/B0CSCYM2NW?tag=eloabder-20&linkCode=osi&th=1&psc=1"><img src="https://m.media-amazon.com/images/I/31Vbrx5q63L._SL500_.jpg" alt="Product Image"></a><p>Trankerloop Baby Bath Seat, Bath Seat for Baby 6 Month & up, Baby Bath tub Seat with Suction Cups, Non-Slip, Detachable, Pink</p><p> -11% 0FF </p><p>$39.99</p><a href="https://www.amazon.com/dp/B0CSCYM2NW?tag=eloabder-20&linkCode=osi&th=1&psc=1">View Product</a></div><div class="product"><a href="https://www.amazon.com/dp/B0CJF7WSCV?tag=eloabder-20&linkCode=osi&th=1&psc=1"><img src="https://m.media-amazon.com/images/I/41r0TqNTb+L._SL500_.jpg" alt="Product Image"></a><p>BKFEDLU Infant Bath Seat with Thermometer, Suction Cups, Toys - Toddler Bath Chair for Babies 6 Months & Up</p><p> -50% 0FF </p><p>$19.99</p><a href="https://www.amazon.com/dp/B0CJF7WSCV?tag=eloabder-20&linkCode=osi&th=1&psc=1">View Product</a></div><div class="product"><a href="https://www.amazon.com/dp/B0CRYFHT1G?tag=eloabder-20&linkCode=osi&th=1&psc=1"><img src="https://m.media-amazon.com/images/I/41nKT+O2y1L._SL500_.jpg" alt="Product Image"></a><p>Baby Bath Seat LDIIDII Baby Bathtub Seat Infant Bath Seat for Babies 6 Months&Up Sit Up Bathing in Tub,Toddler Bath Seat with Water Thermometer/4 Strong Suction Cup/3 Bath Toys/Shower Cap (Grey)</p><p> -50% 0FF </p><p>$19.99</p><a href="https://www.amazon.com/dp/B0CRYFHT1G?tag=eloabder-20&linkCode=osi&th=1&psc=1">View Product</a></div><div class="product"><a href="https://www.amazon.com/dp/B0D9VMXND1?tag=eloabder-20&linkCode=osi&th=1&psc=1"><img src="https://m.media-amazon.com/images/I/41UIJrNYB2L._SL500_.jpg" alt="Product Image"></a><p>Baby Bath Seat for Babies 6 Months & Up, Non-Slip Toddler Bath Seat for Baby Sitting Up, Safe Baby Bath tub Seat with Suction Cups, Soft Cushion, Baby Bath Chair, Gray</p><p> -13% 0FF </p><p>$39.99</p><a href="https://www.amazon.com/dp/B0D9VMXND1?tag=eloabder-20&linkCode=osi&th=1&psc=1">View Product</a></div><div class="product"><a href="https://www.amazon.com/dp/B0CR78TDQS?tag=eloabder-20&linkCode=osi&th=1&psc=1"><img src="https://m.media-amazon.com/images/I/41nFTXKoQGL._SL500_.jpg" alt="Product Image"></a><p>Wddbb Baby Bath Seat, Bath seat for Babies 6 Months & up, with Thermometer Bath Seats for Babies Sitting up, Non-Slip Toddler Bath Seat for Baby,Baby Bathtub Baby Bath Seats 6-24 Months (Gray)</p><p> -50% 0FF </p><p>$19.98</p><a href="https://www.amazon.com/dp/B0CR78TDQS?tag=eloabder-20&linkCode=osi&th=1&psc=1">View Product</a></div>
<div class="product"><a href="https://www.amazon.com/dp/B073GGVN3Q?tag=eloabder-20&linkCode=osi&th=1&psc=1"><img src="https://m.media-amazon.com/images/I/31vxBAs9CqL._SL500_.jpg" alt="Product Image"></a><p>b&h Baby Thermometer, The Infant Baby Bath Floating Toy Safety Temperature Water Thermometer (Classic Duck)</p><p> -6% 0FF </p><p>$15.99</p><a href="https://www.amazon.com/dp/B073GGVN3Q?tag=eloabder-20&linkCode=osi&th=1&psc=1">View Product</a></div><div class="product"><a href="https://www.amazon.com/dp/B0CBVTGRW2?tag=eloabder-20&linkCode=osi&th=1&psc=1"><img src="https://m.media-amazon.com/images/I/415ogBhdwML._SL500_.jpg" alt="Product Image"></a><p>Nuby Bath and Room Digital Thermometer - Baby Thermometer for Safe and Cozy Bath and Room Temperatures - Penguin</p><p> -20% 0FF </p><p>$11.99</p><a href="https://www.amazon.com/dp/B0CBVTGRW2?tag=eloabder-20&linkCode=osi&th=1&psc=1">View Product</a></div><div class="product"><a href="https://www.amazon.com/dp/B08HWBT9YD?tag=eloabder-20&linkCode=osi&th=1&psc=1"><img src="https://m.media-amazon.com/images/I/31SEPnY30NL._SL500_.jpg" alt="Product Image"></a><p>Doli Yearning Upgrade Baby Bath Thermometer Room Temperature| Water Thermometer|Kids' Bathroom Safety Products| Baby Bath(Seal Shape)℃/℉, LCD</p><p> -28% 0FF </p><p>$12.99</p><a href="https://www.amazon.com/dp/B08HWBT9YD?tag=eloabder-20&linkCode=osi&th=1&psc=1">View Product</a></div><div class="product"><a href="https://www.amazon.com/dp/B0CNCVSKWJ?tag=eloabder-20&linkCode=osi&th=1&psc=1"><img src="https://m.media-amazon.com/images/I/413jcI7ZoZL._SL500_.jpg" alt="Product Image"></a><p>Baby Bath Thermometer, Digital Water Temperature Thermometer with 3 Color Backlit and Temperature Warning, Safety Bath Tube Thermometer Floating Toy for Infant, Toddler</p><p> -7% 0FF </p><p>$12.99</p><a href="https://www.amazon.com/dp/B0CNCVSKWJ?tag=eloabder-20&linkCode=osi&th=1&psc=1">View Product</a></div><div class="product"><a href="https://www.amazon.com/dp/B01MY98912?tag=eloabder-20&linkCode=osi&th=1&psc=1"><img src="https://m.media-amazon.com/images/I/41HQEQLxeCL._SL500_.jpg" alt="Product Image"></a><p>Bath Thermometer - Bath Water Thermometer for Bathtub Baby Safety Water Temperature for Baby Bath - Easy to Use Bath Temperature Thermometer</p><p> -12% 0FF </p><p>$5.25</p><a href="https://www.amazon.com/dp/B01MY98912?tag=eloabder-20&linkCode=osi&th=1&psc=1">View Product</a></div><div class="product"><a href="https://www.amazon.com/dp/B0CYLVX1ZJ?tag=eloabder-20&linkCode=osi&th=1&psc=1"><img src="https://m.media-amazon.com/images/I/41xhSGYiopL._SL500_.jpg" alt="Product Image"></a><p>Pircaath Baby Bath Thermometer & Swimming Turtle Floating Bath Toys, BPA-Free Bath Thermometer Baby Safety, Backlit Display Bathtub Thermometer Baby Water Thermometer, Bath Temperature Toy for Infant</p><p> -17% 0FF </p><p>$9.99</p><a href="https://www.amazon.com/dp/B0CYLVX1ZJ?tag=eloabder-20&linkCode=osi&th=1&psc=1">View Product</a></div><div class="product"><a href="https://www.amazon.com/dp/B07GC7H86T?tag=eloabder-20&linkCode=osi&th=1&psc=1"><img src="https://m.media-amazon.com/images/I/414jIzev-VL._SL500_.jpg" alt="Product Image"></a><p>Baby Bath Thermometer with Room Thermometer - Famidoc FDTH-V0-22 New Upgraded Sensor Technology for Baby Health Bath Tub Thermometer Floating Toy Thermometer (Blue)</p><p> -12% 0FF </p><p>$14.99</p><a href="https://www.amazon.com/dp/B07GC7H86T?tag=eloabder-20&linkCode=osi&th=1&psc=1">View Product</a></div>
<div class="product"><a href="https://www.amazon.com/dp/B00G0KPLZI?tag=eloabder-20&linkCode=osi&th=1&psc=1"><img src="https://m.media-amazon.com/images/I/41X53ExW5-S._SL500_.jpg" alt="Product Image"></a><p>Spasilk Hooded Terry Bathrobe with Booties, Blue Plane, One Size</p><p> -14% 0FF </p><p>$11.99</p><a href="https://www.amazon.com/dp/B00G0KPLZI?tag=eloabder-20&linkCode=osi&th=1&psc=1">View Product</a></div><div class="product"><a href="https://www.amazon.com/dp/B09N7BB9Y6?tag=eloabder-20&linkCode=osi&th=1&psc=1"><img src="https://m.media-amazon.com/images/I/41iGc7gTxlL._SL500_.jpg" alt="Product Image"></a><p>ROMASA Baby Bath Towel Ultra Soft Hooded Towel Highly Absorbent Bathrobe Blanket Toddlers Shower Gifts for Boys Girls- 27.5" x 55" (Yellow)</p><p> -20% 0FF </p><p>$14.39 ($1.27 / Ounce)</p><a href="https://www.amazon.com/dp/B09N7BB9Y6?tag=eloabder-20&linkCode=osi&th=1&psc=1">View Product</a></div>
<div class="product"><a href="https://www.amazon.com/dp/B0C9Q8MXWW?tag=eloabder-20&linkCode=osi&th=1&psc=1"><img src="https://m.media-amazon.com/images/I/31aI3dosJJL._SL500_.jpg" alt="Product Image"></a><p>Baby Bathtub Faucet Cover, Bath Faucet Cover for Kids, Baby Bath Spout Cover, Soft Silicone Bathtub Faucet Safety Toys, Cute Whale, Universal Fit, Make Your Baby's Bath Time Fun and Love It</p><p> -46% 0FF </p><p>$6.99</p><a href="https://www.amazon.com/dp/B0C9Q8MXWW?tag=eloabder-20&linkCode=osi&th=1&psc=1">View Product</a></div><div class="product"><a href="https://www.amazon.com/dp/B07D98DLDV?tag=eloabder-20&linkCode=osi&th=1&psc=1"><img src="https://m.media-amazon.com/images/I/21f3AzvkYLL._SL500_.jpg" alt="Product Image"></a><p>Skip Hop Baby Bath Spout Cover, Universal Fit, Moby, Grey</p><p> -7% 0FF </p><p>$12.99</p><a href="https://www.amazon.com/dp/B07D98DLDV?tag=eloabder-20&linkCode=osi&th=1&psc=1">View Product</a></div><div class="product"><a href="https://www.amazon.com/dp/B0CSYJQ9D6?tag=eloabder-20&linkCode=osi&th=1&psc=1"><img src="https://m.media-amazon.com/images/I/314iWaEh9xL._SL500_.jpg" alt="Product Image"></a><p>Baby Bathtub Faucet Cover, Baby Safety Protection Silicone Toys, Bath Spout Cover Baby Bathtub, Faucet Cover Baby Bathtub Silicone Whale for Kids, Toddler, Infant, Grey Whale</p><p> -20% 0FF </p><p>$7.99</p><a href="https://www.amazon.com/dp/B0CSYJQ9D6?tag=eloabder-20&linkCode=osi&th=1&psc=1">View Product</a></div>
<div class="product"><a href="https://www.amazon.com/dp/B0070WGV9K?tag=eloabder-20&linkCode=osi&th=1&psc=1"><img src="https://m.media-amazon.com/images/I/41pqg6p2q0L._SL500_.jpg" alt="Product Image"></a><p>Regalo Swing Down Bed Rail Guard, with Reinforced Anchor Safety System</p><p> -8% 0FF </p><p>$23.99</p><a href="https://www.amazon.com/dp/B0070WGV9K?tag=eloabder-20&linkCode=osi&th=1&psc=1">View Product</a></div><div class="product"><a href="https://www.amazon.com/dp/B0CWS2NZ3K?tag=eloabder-20&linkCode=osi&th=1&psc=1"><img src="https://m.media-amazon.com/images/I/41OVQSq+N9L._SL500_.jpg" alt="Product Image"></a><p>NUTIKAS Baby Bed Rail Guard for Toddlers - 47" Toddler Bed Side Rails for Twin, Full, Queen Bunk Size Bed Swing Down Bedrail Extral Tall Child Safety Side Railing Guards for Kids</p><p> -27% 0FF </p><p>$35.98</p><a href="https://www.amazon.com/dp/B0CWS2NZ3K?tag=eloabder-20&linkCode=osi&th=1&psc=1">View Product</a></div><div class="product"><a href="https://www.amazon.com/dp/B00MTJWT68?tag=eloabder-20&linkCode=osi&th=1&psc=1"><img src="https://m.media-amazon.com/images/I/21FdaFkL+tL._SL500_.jpg" alt="Product Image"></a><p>Dream On Me Lightweight Mesh Security Adjustable Bed Rail for Toddler, Breathable Mesh Fabric, Suitable for All Types Of Beds, Reinforced Anchor System Bed Guard Rail, White</p><p> -50% 0FF </p><p>$19.98</p><a href="https://www.amazon.com/dp/B00MTJWT68?tag=eloabder-20&linkCode=osi&th=1&psc=1">View Product</a></div><div class="product"><a href="https://www.amazon.com/dp/B07JJP7S3Q?tag=eloabder-20&linkCode=osi&th=1&psc=1"><img src="https://m.media-amazon.com/images/I/41Rn7Sf-wLL._SL500_.jpg" alt="Product Image"></a><p>BANBALOO | Bed Bumper for Toddlers 53" | Bed Rails for Queen, King, Twin, Full-Size Bed | Toddler Bed Bumper | Bumpers for Bed | Bed Rail for Toddlers | Bed Barrier for Toddler | Foam Bumper</p><p> -23% 0FF </p><p>$26.99</p><a href="https://www.amazon.com/dp/B07JJP7S3Q?tag=eloabder-20&linkCode=osi&th=1&psc=1">View Product</a></div>
<div class="product"><a href="https://www.amazon.com/dp/B07SPT3D3J?tag=eloabder-20&linkCode=osi&th=1&psc=1"><img src="https://m.media-amazon.com/images/I/517zG-7ToEL._SL500_.jpg" alt="Product Image"></a><p>Teddy Soft Baby Book Activity Quiet Cloth Books Developmental Toys,Interactive Baby Books for Babies Toddlers Infants kids,Baby Boy Girls Machine Washable Toys Fabric Soft Book Goodnight Gift Box</p><p> -5% 0FF </p><p>$17.95</p><a href="https://www.amazon.com/dp/B07SPT3D3J?tag=eloabder-20&linkCode=osi&th=1&psc=1">View Product</a></div>
<div class="product"><a href="https://www.amazon.com/dp/B00JFTFPHK?tag=eloabder-20&linkCode=osi&th=1&psc=1"><img src="https://m.media-amazon.com/images/I/51O+qRW-KEL._SL500_.jpg" alt="Product Image"></a><p>25pcs 1" Pacifier Suspender Clips, Marrywindix Pacifier Clips for Making Pacifier Holders Bib Clips Toy Holder Silver</p><p> -33% 0FF </p><p>$5.99</p><a href="https://www.amazon.com/dp/B00JFTFPHK?tag=eloabder-20&linkCode=osi&th=1&psc=1">View Product</a></div><div class="product"><a href="https://www.amazon.com/dp/B00W94QLX0?tag=eloabder-20&linkCode=osi&th=1&psc=1"><img src="https://m.media-amazon.com/images/I/51O+qRW-KEL._SL500_.jpg" alt="Product Image"></a><p>50pcs 1" Pacifier Suspender Clips, Marrywindix Pacifier Clips for Making Pacifier Holders Bib Clips Toy Holder Silver</p><p> -40% 0FF </p><p>$8.99</p><a href="https://www.amazon.com/dp/B00W94QLX0?tag=eloabder-20&linkCode=osi&th=1&psc=1">View Product</a></div>
<div class="product"><a href="https://www.amazon.com/dp/B08G4SDDQC?tag=eloabder-20&linkCode=osi&th=1&psc=1"><img src="https://m.media-amazon.com/images/I/41HQSFX14bL._SL500_.jpg" alt="Product Image"></a><p>8-Pack Organic Baby Bandana Drool Bibs for Girls - Super Absorbent Baby Bibs for Baby Girls, Baby Boys, Soft Cotton Bandana Bibs, Baby Drool Bib, Teething Bibs for Infant, Toddler(Muted Pastel)</p><p> -26% 0FF </p><p>$16.96</p><a href="https://www.amazon.com/dp/B08G4SDDQC?tag=eloabder-20&linkCode=osi&th=1&psc=1">View Product</a></div>
<div class="product"><a href="https://www.amazon.com/dp/B08NNDN5GF?tag=eloabder-20&linkCode=osi&th=1&psc=1"><img src="https://m.media-amazon.com/images/I/41ocef4uVmL._SL500_.jpg" alt="Product Image"></a><p>Hudson Baby Unisex Baby Plush Sleeping Bag, Sack, Blanket, Gray Clouds, 18-24 Months</p><p> -37% 0FF </p><p>$10.08</p><a href="https://www.amazon.com/dp/B08NNDN5GF?tag=eloabder-20&linkCode=osi&th=1&psc=1">View Product</a></div><div class="product"><a href="https://www.amazon.com/dp/B0CQMHYCMX?tag=eloabder-20&linkCode=osi&th=1&psc=1"><img src="https://m.media-amazon.com/images/I/41vq0RvJ3yL._SL500_.jpg" alt="Product Image"></a><p>Gerber Baby Girls Flame Resistant Fleece Footed Pajamas 2-Pack, Purple Rainbows</p><p> -6% 0FF </p><p>$16.98</p><a href="https://www.amazon.com/dp/B0CQMHYCMX?tag=eloabder-20&linkCode=osi&th=1&psc=1">View Product</a></div>
<div class="product"><a href="https://www.amazon.com/dp/B0BDRKG478?tag=eloabder-20&linkCode=osi&th=1&psc=1"><img src="https://m.media-amazon.com/images/I/31LBn9SzD9L._SL500_.jpg" alt="Product Image"></a><p>Graco TurboBooster 2.0 Backless Booster Car Seat, Denton</p><p> -29% 0FF </p><p>$20.49</p><a href="https://www.amazon.com/dp/B0BDRKG478?tag=eloabder-20&linkCode=osi&th=1&psc=1">View Product</a></div><div class="product"><a href="https://www.amazon.com/dp/B07C2RNRCJ?tag=eloabder-20&linkCode=osi&th=1&psc=1"><img src="https://m.media-amazon.com/images/I/31CuULOPD4L._SL500_.jpg" alt="Product Image"></a><p>Graco Tranzitions 3 in 1 Harness Booster Seat</p><p> -21% 0FF </p><p>$94.49</p><a href="https://www.amazon.com/dp/B07C2RNRCJ?tag=eloabder-20&linkCode=osi&th=1&psc=1">View Product</a></div>
<div class="product"><a href="https://www.amazon.com/dp/B09H6Y14KH?tag=eloabder-20&linkCode=osi&th=1&psc=1"><img src="https://m.media-amazon.com/images/I/410cJD5cOBL._SL500_.jpg" alt="Product Image"></a><p>Mancro Breastmilk Cooler Bag with Ice Pack, Fits 6 Baby Bottles Up to 9 Ounce Insulated Bottle Bag, Breast Milk on The go Strap, for Nursing Mom Daycare, Black</p><p> -6% 0FF </p><p>$16.99</p><a href="https://www.amazon.com/dp/B09H6Y14KH?tag=eloabder-20&linkCode=osi&th=1&psc=1">View Product</a></div>
<div class="product"><a href="https://www.amazon.com/dp/B006SFUCV8?tag=eloabder-20&linkCode=osi&th=1&psc=1"><img src="https://m.media-amazon.com/images/I/31Uu2+3+7RL._SL500_.jpg" alt="Product Image"></a><p>Munchkin® High Capacity Drying Rack for Baby Bottles and Accessories, White</p><p> -6% 0FF </p><p>$13.75</p><a href="https://www.amazon.com/dp/B006SFUCV8?tag=eloabder-20&linkCode=osi&th=1&psc=1">View Product</a></div><div class="product"><a href="https://www.amazon.com/dp/B0CHJS27KB?tag=eloabder-20&linkCode=osi&th=1&psc=1"><img src="https://m.media-amazon.com/images/I/51CDxHsKEAL._SL500_.jpg" alt="Product Image"></a><p>Termichy Baby Bottle Drying Rack: Large Vertical Bottle Dryer Rack Holder - Space Saving Standing Drying Rack for Baby Bottles and Pump Part Cleaning (Gray)</p><p> -7% 0FF </p><p>$26.99</p><a href="https://www.amazon.com/dp/B0CHJS27KB?tag=eloabder-20&linkCode=osi&th=1&psc=1">View Product</a></div><div class="product"><a href="https://www.amazon.com/dp/B00RQ83N76?tag=eloabder-20&linkCode=osi&th=1&psc=1"><img src="https://m.media-amazon.com/images/I/31bE-Iv6B6L._SL500_.jpg" alt="Product Image"></a><p>Munchkin Fold Baby Bottle Drying Rack - Compact Design Folds Flat for Easy Storage, White/Grey</p><p> -8% 0FF </p><p>$7.76</p><a href="https://www.amazon.com/dp/B00RQ83N76?tag=eloabder-20&linkCode=osi&th=1&psc=1">View Product</a></div><div class="product"><a href="https://www.amazon.com/dp/B00HNVWGNS?tag=eloabder-20&linkCode=osi&th=1&psc=1"><img src="https://m.media-amazon.com/images/I/41oD0n0VKWL._SL500_.jpg" alt="Product Image"></a><p>Dr. Brown's Folding Baby Bottle Drying Rack for Easy Storage, Dry Nipples, Pacifiers and Other Baby Essentials, BPA-free</p><p> -34% 0FF </p><p>$11.89</p><a href="https://www.amazon.com/dp/B00HNVWGNS?tag=eloabder-20&linkCode=osi&th=1&psc=1">View Product</a></div><div class="product"><a href="https://www.amazon.com/dp/B0CMRV5CPZ?tag=eloabder-20&linkCode=osi&th=1&psc=1"><img src="https://m.media-amazon.com/images/I/41XhN13vG4L._SL500_.jpg" alt="Product Image"></a><p>Dr. Brown's Drying Tower, Stand-Up Drying Rack, Countertop Baby Bottle Drying with Organized Storage for Baby Essentials, Space Saving Vertical Rack</p><p> -32% 0FF </p><p>$19.98</p><a href="https://www.amazon.com/dp/B0CMRV5CPZ?tag=eloabder-20&linkCode=osi&th=1&psc=1">View Product</a></div>
<div class="product"><a href="https://www.amazon.com/dp/B0876T9DQZ?tag=eloabder-20&linkCode=osi&th=1&psc=1"><img src="https://m.media-amazon.com/images/I/41EvYRi2WLL._SL500_.jpg" alt="Product Image"></a><p>Philips Avent Premium Fast Bottle Warmer, with Smart Temperature Control, Water Bath Technology, Automatic Shut-Off, Model SCF358</p><p> -20% 0FF </p><p>$39.99</p><a href="https://www.amazon.com/dp/B0876T9DQZ?tag=eloabder-20&linkCode=osi&th=1&psc=1">View Product</a></div><div class="product"><a href="https://www.amazon.com/dp/B0D2X9276K?tag=eloabder-20&linkCode=osi&th=1&psc=1"><img src="https://m.media-amazon.com/images/I/31kRB6a3EoL._SL500_.jpg" alt="Product Image"></a><p>WITGER 8-in-1 Baby Bottle Warmer and Sterilizer - Fast Heating, Accurate Temperature Control, BPA-Free, Defrosting, Food Heating, and Constant Temperature Maintenance.</p><p> -14% 0FF </p><p>$29.99</p><a href="https://www.amazon.com/dp/B0D2X9276K?tag=eloabder-20&linkCode=osi&th=1&psc=1">View Product</a></div><div class="product"><a href="https://www.amazon.com/dp/B09XJBQWQZ?tag=eloabder-20&linkCode=osi&th=1&psc=1"><img src="https://m.media-amazon.com/images/I/41rEmiL1MDL._SL500_.jpg" alt="Product Image"></a><p>Dr. Brown’s™ Insta-Feed™ Bottle Warmer and Sterilizer</p><p> -14% 0FF </p><p>$24.99</p><a href="https://www.amazon.com/dp/B09XJBQWQZ?tag=eloabder-20&linkCode=osi&th=1&psc=1">View Product</a></div><div class="product"><a href="https://www.amazon.com/dp/B0B97M3PX2?tag=eloabder-20&linkCode=osi&th=1&psc=1"><img src="https://m.media-amazon.com/images/I/31D1jFeOavL._SL500_.jpg" alt="Product Image"></a><p>Momcozy Bottle Warmer, Fast Bottle Warmers for All Bottles with Timer, Accurate Temperature Control and Automatic Shut-Off, Multifunctional Bottle Warmer for Breastmilk</p><p> -43% 0FF </p><p>$33.99</p><a href="https://www.amazon.com/dp/B0B97M3PX2?tag=eloabder-20&linkCode=osi&th=1&psc=1">View Product</a></div><div class="product"><a href="https://www.amazon.com/dp/B07YJKWTYW?tag=eloabder-20&linkCode=osi&th=1&psc=1"><img src="https://m.media-amazon.com/images/I/31Rfvw7DMyL._SL500_.jpg" alt="Product Image"></a><p>Bottle Warmer, GROWNSY 8-in-1 Fast Baby Milk Warmer with Timer for Breastmilk or Formula, Accurate Temperature Control, with Defrost, Sterili-zing, Keep, Heat Baby Food Jars Function</p><p> -20% 0FF </p><p>$39.99</p><a href="https://www.amazon.com/dp/B07YJKWTYW?tag=eloabder-20&linkCode=osi&th=1&psc=1">View Product</a></div><div class="product"><a href="https://www.amazon.com/dp/B0BY26RDWQ?tag=eloabder-20&linkCode=osi&th=1&psc=1"><img src="https://m.media-amazon.com/images/I/412nEaDc-cL._SL500_.jpg" alt="Product Image"></a><p>Momcozy Nutri Bottle Warmer, 9-in-1 Baby Bottle Warmer with Night Light, Accurate Temperature to Preserve Fullest Nutrients in Breast Milk, Bottle Warmers for All Bottles with Breastmilk or Formula</p><p> -20% 0FF </p><p>$39.99</p><a href="https://www.amazon.com/dp/B0BY26RDWQ?tag=eloabder-20&linkCode=osi&th=1&psc=1">View Product</a></div><div class="product"><a href="https://www.amazon.com/dp/B00005BXKM?tag=eloabder-20&linkCode=osi&th=1&psc=1"><img src="https://m.media-amazon.com/images/I/31nh2NZoUTL._SL500_.jpg" alt="Product Image"></a><p>The First Years Baby Bottle Warmer and Sterilizer - Pacifier and Bottle Nipple Sanitizer - Feeding Baby Essentials for Formula or Breast Milk - Holds Multiple Sizes</p><p> -10% 0FF </p><p>$19.75</p><a href="https://www.amazon.com/dp/B00005BXKM?tag=eloabder-20&linkCode=osi&th=1&psc=1">View Product</a></div>
<div class="product"><a href="https://www.amazon.com/dp/B0C7FL2XSL?tag=eloabder-20&linkCode=osi&th=1&psc=1"><img src="https://m.media-amazon.com/images/I/3195BfbxF2L._SL500_.jpg" alt="Product Image"></a><p>Motif Medical, Milk Storage Bags, 6 oz Milk Freezer Bag with Easy Pour Spout, BPA Free, Write-On Label - 100 Count</p><p> -20% 0FF </p><p>$15.99</p><a href="https://www.amazon.com/dp/B0C7FL2XSL?tag=eloabder-20&linkCode=osi&th=1&psc=1">View Product</a></div>
<div class="product"><a href="https://www.amazon.com/dp/B08H9QJVNZ?tag=eloabder-20&linkCode=osi&th=1&psc=1"><img src="https://m.media-amazon.com/images/I/31XZwvFZhIL._SL500_.jpg" alt="Product Image"></a><p>Medela Manual breast pump with Flex Shields Harmony Single Hand for More Comfort and Expressing More Milk</p><p> -34% 0FF </p><p>$28.72</p><a href="https://www.amazon.com/dp/B08H9QJVNZ?tag=eloabder-20&linkCode=osi&th=1&psc=1">View Product</a></div><div class="product"><a href="https://www.amazon.com/dp/B0BXH3XF7X?tag=eloabder-20&linkCode=osi&th=1&psc=1"><img src="https://m.media-amazon.com/images/I/41GBdp47u+L._SL500_.jpg" alt="Product Image"></a><p>Momcozy Hands Free Breast Pump S9 Pro Updated, Wearable Breast Pump of Longer Battery Life & LED Display, Double Portable Electric Breast Pump with 2 Modes & 9 Levels - 24mm, 2 Pack Gray</p><p> -31% 0FF </p><p>$95.98</p><a href="https://www.amazon.com/dp/B0BXH3XF7X?tag=eloabder-20&linkCode=osi&th=1&psc=1">View Product</a></div><div class="product"><a href="https://www.amazon.com/dp/B0CNGJMQDD?tag=eloabder-20&linkCode=osi&th=1&psc=1"><img src="https://m.media-amazon.com/images/I/41XS8v-5dyL._SL500_.jpg" alt="Product Image"></a><p>Momcozy Breast Pump Hands Free M5, Wearable Breast Pump of Baby Mouth Double-Sealed Flange with 3 Modes & 9 Levels, Electric Breast Pump Portable - 24mm, 2 Pack Cozy Red</p><p> -23% 0FF </p><p>$199.99 ($100.00 / Count)</p><a href="https://www.amazon.com/dp/B0CNGJMQDD?tag=eloabder-20&linkCode=osi&th=1&psc=1">View Product</a></div><div class="product"><a href="https://www.amazon.com/dp/B0DK9VJCRK?tag=eloabder-20&linkCode=osi&th=1&psc=1"><img src="https://m.media-amazon.com/images/I/41RyWq3DsfL._SL500_.jpg" alt="Product Image"></a><p>Hands Free Breast Pump Wearable MY-375 - Strong Suction, Low Noise, Wearable Breastfeeding Pump with 4 Mode &12 Levels, Portable Electric Breast Pump - 19/21/24mm Insert/Flange, 2 Pack (White)</p><p> -33% 0FF </p><p>$99.99 ($50.00 / Count)</p><a href="https://www.amazon.com/dp/B0DK9VJCRK?tag=eloabder-20&linkCode=osi&th=1&psc=1">View Product</a></div>
<div class="product"><a href="https://www.amazon.com/dp/B0BTZTSMM7?tag=eloabder-20&linkCode=osi&th=1&psc=1"><img src="https://m.media-amazon.com/images/I/41E+gI3y2mL._SL500_.jpg" alt="Product Image"></a><p>Konssy Muslin Nursing Cover for Baby Breastfeeding, Breathable 100% Cotton Breastfeeding Cover with Rigid Hoop for Mother Nursing Apron, Multi-use Carseat Canopy (Summer Wheat)</p><p> -25% 0FF </p><p>$14.99</p><a href="https://www.amazon.com/dp/B0BTZTSMM7?tag=eloabder-20&linkCode=osi&th=1&psc=1">View Product</a></div><div class="product"><a href="https://www.amazon.com/dp/B0CRY93RSV?tag=eloabder-20&linkCode=osi&th=1&psc=1"><img src="https://m.media-amazon.com/images/I/31GF3tvRWjL._SL500_.jpg" alt="Product Image"></a><p>Konssy Knit Nursing Cover for Breastfeeding, 360 Full Privacy Breathable Breastfeeding Cover, Multi-use Carseat Canopy(Beige)</p><p> -25% 0FF </p><p>$14.99</p><a href="https://www.amazon.com/dp/B0CRY93RSV?tag=eloabder-20&linkCode=osi&th=1&psc=1">View Product</a></div><div class="product"><a href="https://www.amazon.com/dp/B0CYM1Y178?tag=eloabder-20&linkCode=osi&th=1&psc=1"><img src="https://m.media-amazon.com/images/I/41BlDYTW3hL._SL500_.jpg" alt="Product Image"></a><p>Comfy Cubs Nursing Cover for Baby Breastfeeding - 100% Muslin Cotton, Soft & Breathable Cotton, Breastfeeding Pumping Cover for Mom, with Rigid Hoop - Privacy Unisex Lightweight Wrap (Pacific Blue)</p><p> -48% 0FF </p><p>$12.99</p><a href="https://www.amazon.com/dp/B0CYM1Y178?tag=eloabder-20&linkCode=osi&th=1&psc=1">View Product</a></div><div class="product"><a href="https://www.amazon.com/dp/B074M6FRND?tag=eloabder-20&linkCode=osi&th=1&psc=1"><img src="https://m.media-amazon.com/images/I/51odoDcAZ9L._SL500_.jpg" alt="Product Image"></a><p>Baby Nursing Cover & Nursing Poncho - Multi Use Cover for Baby Car Seat Canopy, Shopping Cart Cover, Stroller Cover, 360° Full Privacy Breastfeeding Coverage, Baby Shower Gifts for Boy&Girl</p><p> -30% 0FF </p><p>$13.95</p><a href="https://www.amazon.com/dp/B074M6FRND?tag=eloabder-20&linkCode=osi&th=1&psc=1">View Product</a></div><div class="product"><a href="https://www.amazon.com/dp/B0CB15QFNL?tag=eloabder-20&linkCode=osi&th=1&psc=1"><img src="https://m.media-amazon.com/images/I/31GyAL5zSlL._SL500_.jpg" alt="Product Image"></a><p>Breathable Car Seat Cover for Babies – Multi-Purpose Soft Rayon Nursing Cover for Breastfeeding, High Stretchy Infant Carseat Canopy, Stroller Cover (Smooth Rayon, Blush)</p><p> -20% 0FF </p><p>$7.99</p><a href="https://www.amazon.com/dp/B0CB15QFNL?tag=eloabder-20&linkCode=osi&th=1&psc=1">View Product</a></div>
<div class="product"><a href="https://www.amazon.com/dp/B00PC3K7OE?tag=eloabder-20&linkCode=osi&th=1&psc=1"><img src="https://m.media-amazon.com/images/I/41Ysisnr8oL._SL500_.jpg" alt="Product Image"></a><p>My Brest Friend Nursing Pillow - Deluxe - Enhanced Comfort w/ Slipcover - Ergonomic Breastfeeding Pillow For Ultimate Support For Mom & Baby - Adjustable Pillow W/ Handy Side Pocket, Evening Grey</p><p> -6% 0FF </p><p>$49.99</p><a href="https://www.amazon.com/dp/B00PC3K7OE?tag=eloabder-20&linkCode=osi&th=1&psc=1">View Product</a></div><div class="product"><a href="https://www.amazon.com/dp/B0B2W7X465?tag=eloabder-20&linkCode=osi&th=1&psc=1"><img src="https://m.media-amazon.com/images/I/41TWXbEgaJL._SL500_.jpg" alt="Product Image"></a><p>Momcozy Nursing Pillow for Breastfeeding, Original Plus Size Breastfeeding Pillows for More Support for Mom and Baby, with Adjustable Waist Strap and Removable Cotton Cover, Grey</p><p> -17% 0FF </p><p>$39.99</p><a href="https://www.amazon.com/dp/B0B2W7X465?tag=eloabder-20&linkCode=osi&th=1&psc=1">View Product</a></div><div class="product"><a href="https://www.amazon.com/dp/B08LF56YHJ?tag=eloabder-20&linkCode=osi&th=1&psc=1"><img src="https://m.media-amazon.com/images/I/31pJjCYHNMS._SL500_.jpg" alt="Product Image"></a><p>My Brest Friend Super Deluxe Nursing Pillow - Enhanced Comfort & Ergonomic Breastfeeding Pillow for Ultimate Support For Mom & Baby - Adjustable and with Handy Side Pocket, Platinum</p><p> -8% 0FF </p><p>$59.99</p><a href="https://www.amazon.com/dp/B08LF56YHJ?tag=eloabder-20&linkCode=osi&th=1&psc=1">View Product</a></div><div class="product"><a href="https://www.amazon.com/dp/B0C3RWRCQM?tag=eloabder-20&linkCode=osi&th=1&psc=1"><img src="https://m.media-amazon.com/images/I/516Q+AKi5kL._SL500_.jpg" alt="Product Image"></a><p>PILLANI Nursing Pillow, Plus Size Breastfeeding Pillows for Enhanced Support & Comfort for Mom & Baby, Removable Cotton Cover, Adjustable Waist Strap, Breastfeeding Essentials, Baby Registry Search</p><p> -20% 0FF </p><p>$31.99</p><a href="https://www.amazon.com/dp/B0C3RWRCQM?tag=eloabder-20&linkCode=osi&th=1&psc=1">View Product</a></div><div class="product"><a href="https://www.amazon.com/dp/B0CPVDN3J3?tag=eloabder-20&linkCode=osi&th=1&psc=1"><img src="https://m.media-amazon.com/images/I/41sq3SZUjlL._SL500_.jpg" alt="Product Image"></a><p>Momcozy Original Nursing Pillow and Positioner, Plus Size Breast Feeding Pillow for More Support for Mom and Baby Boy or Girl，Baby Essentials for Nursing or Bottle Feeding and Removable Cotton Cover</p><p> -15% 0FF </p><p>$39.99</p><a href="https://www.amazon.com/dp/B0CPVDN3J3?tag=eloabder-20&linkCode=osi&th=1&psc=1">View Product</a></div><div class="product"><a href="https://www.amazon.com/dp/B00PC3JYQQ?tag=eloabder-20&linkCode=osi&th=1&psc=1"><img src="https://m.media-amazon.com/images/I/51AoteowPXL._SL500_.jpg" alt="Product Image"></a><p>My Brest Friend Original Nursing Pillow Enhanced Ergonomics Essential Breastfeeding Pillow Support For Mom & Baby W/ Convenient Side Pocket, Double Straps & slipcover, Midnight Poppy</p><p> -7% 0FF </p><p>$41.99</p><a href="https://www.amazon.com/dp/B00PC3JYQQ?tag=eloabder-20&linkCode=osi&th=1&psc=1">View Product</a></div>
<div class="product"><a href="https://www.amazon.com/dp/B09KRKGJ3S?tag=eloabder-20&linkCode=osi&th=1&psc=1"><img src="https://m.media-amazon.com/images/I/41fXKHSGeCL._SL500_.jpg" alt="Product Image"></a><p>Looxii Muslin Burp Cloths 100% Cotton Large 20''x10'' Extra Soft and Absorbent 6 Pack Baby Burping Cloth for Boys Girls (Dark Green)</p><p> -6% 0FF </p><p>$13.14</p><a href="https://www.amazon.com/dp/B09KRKGJ3S?tag=eloabder-20&linkCode=osi&th=1&psc=1">View Product</a></div><div class="product"><a href="https://www.amazon.com/dp/B0CLPGQWNB?tag=eloabder-20&linkCode=osi&th=1&psc=1"><img src="https://m.media-amazon.com/images/I/416sGTkqHRL._SL500_.jpg" alt="Product Image"></a><p>Comfy Cubs Muslin Burp Cloths Large 100% Cotton Hand Washcloths for Babies, Baby Essentials 6 Layers Extra Absorbent and Soft Boys & Girls Baby Bibs & Burp Cloths Set (Multicolor, 10-Pack, 20" X10")</p><p> -33% 0FF </p><p>$19.99</p><a href="https://www.amazon.com/dp/B0CLPGQWNB?tag=eloabder-20&linkCode=osi&th=1&psc=1">View Product</a></div><div class="product"><a href="https://www.amazon.com/dp/B0CNKWNY43?tag=eloabder-20&linkCode=osi&th=1&psc=1"><img src="https://m.media-amazon.com/images/I/31iZQ-IdT6L._SL500_.jpg" alt="Product Image"></a><p>Comfy Cubs Burp Cloths 6 Pack Large 100% Cotton Washcloths Double Layered Absorbent Burping Cloth Extra Absorbent Baby Burp Cloth Extra Soft for Boys and Girls (Multicolor Girl, Pack of 6)</p><p> -40% 0FF </p><p>$14.99 ($2.50 / Count)</p><a href="https://www.amazon.com/dp/B0CNKWNY43?tag=eloabder-20&linkCode=osi&th=1&psc=1">View Product</a></div>
<div class="product"><a href="https://www.amazon.com/dp/B096NZHHVR?tag=eloabder-20&linkCode=osi&th=1&psc=1"><img src="https://m.media-amazon.com/images/I/41PxfLKcdWL._SL500_.jpg" alt="Product Image"></a><p>Meolsaek Car Seat Protector for Child Car Seat, 600D Fabric Waterproof Car Seat Cover with Non-Slip Backing, Under Baby Car Seat from Pressure Marks</p><p> -15% 0FF </p><p>$33.97</p><a href="https://www.amazon.com/dp/B096NZHHVR?tag=eloabder-20&linkCode=osi&th=1&psc=1">View Product</a></div><div class="product"><a href="https://www.amazon.com/dp/B096PGXGB4?tag=eloabder-20&linkCode=osi&th=1&psc=1"><img src="https://m.media-amazon.com/images/I/31Y4e9zhROS._SL500_.jpg" alt="Product Image"></a><p>XHYANG Car Seat Protector 1 Pack Car Seat Cushion Mat Thickest Padding,Waterproof 600D Fabric Car Seat Covers for Non-Slip Backing Mesh Pockets for Baby and Pet (1 Seat Protector)</p><p> -24% 0FF </p><p>$17.95</p><a href="https://www.amazon.com/dp/B096PGXGB4?tag=eloabder-20&linkCode=osi&th=1&psc=1">View Product</a></div><div class="product"><a href="https://www.amazon.com/dp/B09828NDRS?tag=eloabder-20&linkCode=osi&th=1&psc=1"><img src="https://m.media-amazon.com/images/I/31ua+nTGAXL._SL500_.jpg" alt="Product Image"></a><p>XHYANG Car Seat Protector,Auto Car Seat Protectors Baby Carseat Waterproof Durable 600D Fabric for Child Baby Car Seat Mat Vehicle Pet Cover 2 Storage Pockets (1 Pack)</p><p> -31% 0FF </p><p>$17.99</p><a href="https://www.amazon.com/dp/B09828NDRS?tag=eloabder-20&linkCode=osi&th=1&psc=1">View Product</a></div><div class="product"><a href="https://www.amazon.com/dp/B0CB14PHZT?tag=eloabder-20&linkCode=osi&th=1&psc=1"><img src="https://m.media-amazon.com/images/I/31lC1dggTTL._SL500_.jpg" alt="Product Image"></a><p>Breathable Car Seat Cover for Babies – Multi-Purpose Soft Rayon Nursing Cover for Breastfeeding, High Stretchy Infant Carseat Canopy, Stroller Cover (Smooth Rayon, Roman Green)</p><p> -20% 0FF </p><p>$7.19</p><a href="https://www.amazon.com/dp/B0CB14PHZT?tag=eloabder-20&linkCode=osi&th=1&psc=1">View Product</a></div><div class="product"><a href="https://www.amazon.com/dp/B08H4WCFXV?tag=eloabder-20&linkCode=osi&th=1&psc=1"><img src="https://m.media-amazon.com/images/I/516mz-4vqgL._SL500_.jpg" alt="Product Image"></a><p>Yoofoss Baby Car Seat Cover Winter Carseat Canopies Cover to Protect Baby from Cold Wind, Super Warm Plush Fleece Baby Carrier Cover for Infant Boys Girls (Black)</p><p> -11% 0FF </p><p>$32.99</p><a href="https://www.amazon.com/dp/B08H4WCFXV?tag=eloabder-20&linkCode=osi&th=1&psc=1">View Product</a></div>

<div class="product"><a href="https://www.amazon.com/dp/B07W6JGDYW?tag=eloabder-20&linkCode=osi&th=1&psc=1"><img src="https://m.media-amazon.com/images/I/41H2tKos7SL._SL500_.jpg" alt="Product Image"></a><p>Kaiphy Car Seat Protector - Seat Protection Mat - Thick Padding - Durable, Waterproof Fabric, Leather Reinforced Corners & 3 Pockets for Handy Storage Black</p><p> -46% 0FF </p><p>$13.97</p><a href="https://www.amazon.com/dp/B07W6JGDYW?tag=eloabder-20&linkCode=osi&th=1&psc=1">View Product</a></div><div class="product"><a href="https://www.amazon.com/dp/B0D5XFHH28?tag=eloabder-20&linkCode=osi&th=1&psc=1"><img src="https://m.media-amazon.com/images/I/31XhcmIiWAL._SL500_.jpg" alt="Product Image"></a><p>Car Seat Protector, Carseat Seat Protectors with Thick Padding and Upgraded Non-Slip Backing, Waterproof Seat Protector under Baby Car Seat, 600D Fabric Car Seat Covers with Storage Pockets for Baby</p><p> -20% 0FF </p><p>$13.59</p><a href="https://www.amazon.com/dp/B0D5XFHH28?tag=eloabder-20&linkCode=osi&th=1&psc=1">View Product</a></div><div class="product"><a href="https://www.amazon.com/dp/B07JBQBVL6?tag=eloabder-20&linkCode=osi&th=1&psc=1"><img src="https://m.media-amazon.com/images/I/31PZj+OEfjL._SL500_.jpg" alt="Product Image"></a><p>Car Seat Protector for Baby Child Car Seats, Shynerk Auto Seat Cover Mat for Under Carseat to Protect Automotive Vehicle Leather and Cloth Upholstery - Waterproof and Dirt Resistant</p><p> -33% 0FF </p><p>$19.99</p><a href="https://www.amazon.com/dp/B07JBQBVL6?tag=eloabder-20&linkCode=osi&th=1&psc=1">View Product</a></div>
<div class="product"><a href="https://www.amazon.com/dp/B00O64QJOC?tag=eloabder-20&linkCode=osi&th=1&psc=1"><img src="https://m.media-amazon.com/images/I/21l2K1fjgyL._SL500_.jpg" alt="Product Image"></a><p>Munchkin® Secure Grip™ Contoured Baby Diaper Changing Pad for Dresser, Waterproof, 16" x 31"</p><p> -10% 0FF </p><p>$31.49</p><a href="https://www.amazon.com/dp/B00O64QJOC?tag=eloabder-20&linkCode=osi&th=1&psc=1">View Product</a></div><div class="product"><a href="https://www.amazon.com/dp/B0DF1W28C5?tag=eloabder-20&linkCode=osi&th=1&psc=1"><img src="https://m.media-amazon.com/images/I/31F+H+AlPWL._SL500_.jpg" alt="Product Image"></a><p>Blissful Diary Vegan Leather Baby Changing Pad with Waterproof & Wipe-Clean PU Cover, Standard Size Cozy Baby Changing Table Pads for Dressers/Tables, Taupe</p><p> -13% 0FF </p><p>$34.99</p><a href="https://www.amazon.com/dp/B0DF1W28C5?tag=eloabder-20&linkCode=osi&th=1&psc=1">View Product</a></div><div class="product"><a href="https://www.amazon.com/dp/B0B45JKHGG?tag=eloabder-20&linkCode=osi&th=1&psc=1"><img src="https://m.media-amazon.com/images/I/41i2u89FqBL._SL500_.jpg" alt="Product Image"></a><p>YENING Baby Diaper Changing Pad for Dresser Top with Cover Waterproof Lining Foam Contoured Changing Table Pads Topper 31" x 16" Grey</p><p> -33% 0FF </p><p>$26.98</p><a href="https://www.amazon.com/dp/B0B45JKHGG?tag=eloabder-20&linkCode=osi&th=1&psc=1">View Product</a></div>
<div class="product"><a href="https://www.amazon.com/dp/B0D3BPZ77F?tag=eloabder-20&linkCode=osi&th=1&psc=1"><img src="https://m.media-amazon.com/images/I/41-+eE90DeL._SL500_.jpg" alt="Product Image"></a><p>Baby Changing Table, Versatile Folding Changing Table, Waterproof Diaper Changing Station, Adjustable Height with 2 Drawers,Baby Changing Station, Mobile Nursery for Infant and Newborn</p><p> -30% 0FF </p><p>$159.99</p><a href="https://www.amazon.com/dp/B0D3BPZ77F?tag=eloabder-20&linkCode=osi&th=1&psc=1">View Product</a></div><div class="product"><a href="https://www.amazon.com/dp/B073YB522V?tag=eloabder-20&linkCode=osi&th=1&psc=1"><img src="https://m.media-amazon.com/images/I/41IwxC2WttS._SL500_.jpg" alt="Product Image"></a><p>Delta Children Eclipse Changing Table with Changing Pad, Grey</p><p> -44% 0FF </p><p>$79.00</p><a href="https://www.amazon.com/dp/B073YB522V?tag=eloabder-20&linkCode=osi&th=1&psc=1">View Product</a></div><div class="product"><a href="https://www.amazon.com/dp/B075ZVTJ3D?tag=eloabder-20&linkCode=osi&th=1&psc=1"><img src="https://m.media-amazon.com/images/I/41Ig2EwFThL._SL500_.jpg" alt="Product Image"></a><p>Dream On Me Emily Changing Table In Steel Grey, Comes With 1" Changing Pad, Features Two Shelves, Portable Changing Station, Made Of Sustainable New Zealand Pinewood</p><p> -21% 0FF </p><p>$69.99</p><a href="https://www.amazon.com/dp/B075ZVTJ3D?tag=eloabder-20&linkCode=osi&th=1&psc=1">View Product</a></div><div class="product"><a href="https://www.amazon.com/dp/B08HMJCHCT?tag=eloabder-20&linkCode=osi&th=1&psc=1"><img src="https://m.media-amazon.com/images/I/31aqc05wT6L._SL500_.jpg" alt="Product Image"></a><p>Storkcraft Brookside 2 Drawer Changing Table Dresser (Pebble Gray) – GREENGUARD Gold Certified, Easy-to-Match Chest of Drawers and Cubbies for Nursery and Kids Bedroom, Includes Changing Table Topper</p><p> -31% 0FF </p><p>$151.29</p><a href="https://www.amazon.com/dp/B08HMJCHCT?tag=eloabder-20&linkCode=osi&th=1&psc=1">View Product</a></div><div class="product"><a href="https://www.amazon.com/dp/B005OSHTSO?tag=eloabder-20&linkCode=osi&th=1&psc=1"><img src="https://m.media-amazon.com/images/I/41ckUWX71DL._SL500_.jpg" alt="Product Image"></a><p>Badger Basket Modern Baby Changing Table with Laundry Hamper, 3 Storage Drawers and Pad, Diaper Change Station - White/White</p><p> -32% 0FF </p><p>$128.99</p><a href="https://www.amazon.com/dp/B005OSHTSO?tag=eloabder-20&linkCode=osi&th=1&psc=1">View Product</a></div><div class="product"><a href="https://www.amazon.com/dp/B08HHFZ5JJ?tag=eloabder-20&linkCode=osi&th=1&psc=1"><img src="https://m.media-amazon.com/images/I/31oH0mt34ML._SL500_.jpg" alt="Product Image"></a><p>Graco Noah 3 Drawer Chest with Changing Topper (White) – GREENGUARD Gold Certified, Baby Dresser With Changing Table Top, Dresser for Nursery, 3 Drawer Kids Dresser</p><p> -24% 0FF </p><p>$188.75</p><a href="https://www.amazon.com/dp/B08HHFZ5JJ?tag=eloabder-20&linkCode=osi&th=1&psc=1">View Product</a></div>
<div class="product"><a href="https://www.amazon.com/dp/B0BVHMHH4X?tag=eloabder-20&linkCode=osi&th=1&psc=1"><img src="https://m.media-amazon.com/images/I/41AOdI5vSML._SL500_.jpg" alt="Product Image"></a><p>TAHAVICE 1 Pack Over The Door Organizer, Bathroom Organizers and Storage with 5 Pockets 10 Mesh Pockets, 50 lbs Weight Capacity Stuffed Animal Storage for Nursery Newborn Baby Essential</p><p> -20% 0FF </p><p>$15.98</p><a href="https://www.amazon.com/dp/B0BVHMHH4X?tag=eloabder-20&linkCode=osi&th=1&psc=1">View Product</a></div><div class="product"><a href="https://www.amazon.com/dp/B06XJ343CC?tag=eloabder-20&linkCode=osi&th=1&psc=1"><img src="https://m.media-amazon.com/images/I/31zbpeWMpnL._SL500_.jpg" alt="Product Image"></a><p>20 Pack Clothing Rack Size Dividers, Wardrobe Round Hangers Label Closet Dividers with 1 Piece Marker Pen for Clothes Organization(White, Blank)</p><p> -14% 0FF </p><p>$8.59 ($0.43 / Count)</p><a href="https://www.amazon.com/dp/B06XJ343CC?tag=eloabder-20&linkCode=osi&th=1&psc=1">View Product</a></div><div class="product"><a href="https://www.amazon.com/dp/B09H4JTQC7?tag=eloabder-20&linkCode=osi&th=1&psc=1"><img src="https://m.media-amazon.com/images/I/51pFCzWgo3L._SL500_.jpg" alt="Product Image"></a><p>Pro Goleem Baby Closet Dividers Unisex Baby Closet Organizer for Nursery Baby Clothes Size Age Dividers Fits 1.5" Rod 6 PCS</p><p> -20% 0FF </p><p>$7.99</p><a href="https://www.amazon.com/dp/B09H4JTQC7?tag=eloabder-20&linkCode=osi&th=1&psc=1">View Product</a></div><div class="product"><a href="https://www.amazon.com/dp/B0DDTSNXNM?tag=eloabder-20&linkCode=osi&th=1&psc=1"><img src="https://m.media-amazon.com/images/I/517HtZWlKIL._SL500_.jpg" alt="Product Image"></a><p>Blissful Diary Baby Diaper Caddy Organizer, Cotton Rope Diaper Caddy Basket, Large Baby Shower Caddy for Newborn Boys and Girls, Gift for Baby Shower List, Newborn Essentials Basket, Earthy Rainbow</p><p> -30% 0FF </p><p>$15.99</p><a href="https://www.amazon.com/dp/B0DDTSNXNM?tag=eloabder-20&linkCode=osi&th=1&psc=1">View Product</a></div>
<div class="product"><a href="https://www.amazon.com/dp/B08DN1KTRH?tag=eloabder-20&linkCode=osi&th=1&psc=1"><img src="https://m.media-amazon.com/images/I/510rTaksLXL._SL500_.jpg" alt="Product Image"></a><p>16 Pack Baby Washcloths - Luxury Multicolor Coral Fleece - Extra Absorbent and Soft Wash Clothes for Newborns, Infants and Toddlers - Suitable for Sensitive Skin and New Born - Baby Shower, 10x10 Inch</p><p> -47% 0FF </p><p>$9.99</p><a href="https://www.amazon.com/dp/B08DN1KTRH?tag=eloabder-20&linkCode=osi&th=1&psc=1">View Product</a></div><div class="product"><a href="https://www.amazon.com/dp/B088RBY8Y5?tag=eloabder-20&linkCode=osi&th=1&psc=1"><img src="https://m.media-amazon.com/images/I/31Ku9qSjBCL._SL500_.jpg" alt="Product Image"></a><p>Yoofoss Muslin Burp Cloths for Baby 10 Pack 100% Cotton Baby Washcloths for Boys Girls Large 20''X10'' Super Soft and Absorbent White</p><p> -5% 0FF </p><p>$18.95</p><a href="https://www.amazon.com/dp/B088RBY8Y5?tag=eloabder-20&linkCode=osi&th=1&psc=1">View Product</a></div>
<div class="product"><a href="https://www.amazon.com/dp/B0CMZJ1J4T?tag=eloabder-20&linkCode=osi&th=1&psc=1"><img src="https://m.media-amazon.com/images/I/410bv8kIM8L._SL500_.jpg" alt="Product Image"></a><p>Jay Franco Bluey & Bingo Toddler Comforter Set - 4 Piece Bed Set Includes Sheet Set & Pillow Covers - Super Soft Clouds & Stars Kids Bedding</p><p> -23% 0FF </p><p>$46.49</p><a href="https://www.amazon.com/dp/B0CMZJ1J4T?tag=eloabder-20&linkCode=osi&th=1&psc=1">View Product</a></div><div class="product"><a href="https://www.amazon.com/dp/B00VQ2RLNA?tag=eloabder-20&linkCode=osi&th=1&psc=1"><img src="https://m.media-amazon.com/images/I/513vvaHOurL._SL500_.jpg" alt="Product Image"></a><p>Burt's Bees Baby Infant Reversible Quilt Blanket, Jersey Knit, Soft, 100% Organic Cotton Blankets, with 100% Polyester Fill for Warm Padding, Size 37 x 46 Inch</p><p> -50% 0FF </p><p>$32.49</p><a href="https://www.amazon.com/dp/B00VQ2RLNA?tag=eloabder-20&linkCode=osi&th=1&psc=1">View Product</a></div><div class="product"><a href="https://www.amazon.com/dp/B01GKZO0U4?tag=eloabder-20&linkCode=osi&th=1&psc=1"><img src="https://m.media-amazon.com/images/I/21lI+ZZ6+3L._SL500_.jpg" alt="Product Image"></a><p>Tadpoles Quilted Toddler Comforter | 40" x 60" | Made of 100% Microfiber Polyester (Shell) & 200 GSM Fiberfill | Soft, Breathable & Durable | Ideal for Toddlers (12-48 Months) | Box Pattern in White</p><p> -12% 0FF </p><p>$21.99</p><a href="https://www.amazon.com/dp/B01GKZO0U4?tag=eloabder-20&linkCode=osi&th=1&psc=1">View Product</a></div><div class="product"><a href="https://www.amazon.com/dp/B0BRKBKSB5?tag=eloabder-20&linkCode=osi&th=1&psc=1"><img src="https://m.media-amazon.com/images/I/313gax4ZutL._SL500_.jpg" alt="Product Image"></a><p>ZPECC Toddler Comforter Blanket - 39" x 53" Down Alternative Crib Duvet Set, Includes Child Quilt, Flat Pillow, Bear Stitching</p><p> -26% 0FF </p><p>$18.49</p><a href="https://www.amazon.com/dp/B0BRKBKSB5?tag=eloabder-20&linkCode=osi&th=1&psc=1">View Product</a></div>
<div class="product"><a href="https://www.amazon.com/dp/B0BZVLW3XY?tag=eloabder-20&linkCode=osi&th=1&psc=1"><img src="https://m.media-amazon.com/images/I/41bnCsnrb2L._SL500_.jpg" alt="Product Image"></a><p>Yoofoss Baby Crib Sheets for Boys Girls, Fitted Crib Sheet 2 Pack for Standard Crib and Toddler Mattress, Super Soft Microfiber Baby Sheet 28x52x8in(Green+Leaf)</p><p> -17% 0FF </p><p>$9.99</p><a href="https://www.amazon.com/dp/B0BZVLW3XY?tag=eloabder-20&linkCode=osi&th=1&psc=1">View Product</a></div><div class="product"><a href="https://www.amazon.com/dp/B086YCZN5H?tag=eloabder-20&linkCode=osi&th=1&psc=1"><img src="https://m.media-amazon.com/images/I/41jKlfbIwGL._SL500_.jpg" alt="Product Image"></a><p>Crib Mattress Protector Sheets Fitted Waterproof Crib Mattress Pad Cover, Noiseless & Machine Wash 100% Absorbent Crib/Toddler Mattress Protector Sheet Quilted, White, 52" x 28"</p><p> -11% 0FF </p><p>$11.98</p><a href="https://www.amazon.com/dp/B086YCZN5H?tag=eloabder-20&linkCode=osi&th=1&psc=1">View Product</a></div><div class="product"><a href="https://www.amazon.com/dp/B0CLL7JPTY?tag=eloabder-20&linkCode=osi&th=1&psc=1"><img src="https://m.media-amazon.com/images/I/41X3AyJQqrL._SL500_.jpg" alt="Product Image"></a><p>PINNKKU 3-Piece Crib Bedding Set for Boy Girls, Includes Crib Skirt, Blanket and Crib Sheet, Crib Baby Bedding, Pintuck Pinch Pleat Pink</p><p> -19% 0FF </p><p>$34.99 ($11.66 / Count)</p><a href="https://www.amazon.com/dp/B0CLL7JPTY?tag=eloabder-20&linkCode=osi&th=1&psc=1">View Product</a></div><div class="product"><a href="https://www.amazon.com/dp/B08G3DCPYM?tag=eloabder-20&linkCode=osi&th=1&psc=1"><img src="https://m.media-amazon.com/images/I/51UmAUm+f-L._SL500_.jpg" alt="Product Image"></a><p>Bedtime Originals Mighty Jungle 3Piece Crib Bedding Set, Multicolor (283003V)</p><p> -27% 0FF </p><p>$49.49</p><a href="https://www.amazon.com/dp/B08G3DCPYM?tag=eloabder-20&linkCode=osi&th=1&psc=1">View Product</a></div><div class="product"><a href="https://www.amazon.com/dp/B0BRWWTS3M?tag=eloabder-20&linkCode=osi&th=1&psc=1"><img src="https://m.media-amazon.com/images/I/51WZGfoIsvL._SL500_.jpg" alt="Product Image"></a><p>The Peanutshell 3 Piece Baby Crib Bedding Set for Girls - Newborn, Infant & Toddler Nursery Bed Set Decor with Fitted Crib Sheet, Dust Ruffle, Crib Comforter - Wildest Dreams</p><p> -10% 0FF </p><p>$44.99</p><a href="https://www.amazon.com/dp/B0BRWWTS3M?tag=eloabder-20&linkCode=osi&th=1&psc=1">View Product</a></div>
<div class="product"><a href="https://www.amazon.com/dp/B010S7VZI0?tag=eloabder-20&linkCode=osi&th=1&psc=1"><img src="https://m.media-amazon.com/images/I/31Ll01T4-sL._SL500_.jpg" alt="Product Image"></a><p>Graco Premium Crib & Toddler Mattress – GREENGUARD Gold Certified & CertiPUR-US Certified, Fits All Standard Crib & Toddler Beds, Waterproof Sleep Surface, Machine-Washable Outer Cover for Easy Care</p><p> -25% 0FF </p><p>$89.99</p><a href="https://www.amazon.com/dp/B010S7VZI0?tag=eloabder-20&linkCode=osi&th=1&psc=1">View Product</a></div><div class="product"><a href="https://www.amazon.com/dp/B0030V4Z02?tag=eloabder-20&linkCode=osi&th=1&psc=1"><img src="https://m.media-amazon.com/images/I/416srazdlsL._SL500_.jpg" alt="Product Image"></a><p>Dream On Me Honeycomb Orthopedic Firm Fiber Standard Baby Crib Mattress, Greenguard Gold and JPMA Certified, 5” Fiber Core Optimum Support, Fits Crib and Toddler Bed, Waterproof Vinyl Cover</p><p> -7% 0FF </p><p>$59.87</p><a href="https://www.amazon.com/dp/B0030V4Z02?tag=eloabder-20&linkCode=osi&th=1&psc=1">View Product</a></div><div class="product"><a href="https://www.amazon.com/dp/B0BLK39GTG?tag=eloabder-20&linkCode=osi&th=1&psc=1"><img src="https://m.media-amazon.com/images/I/41U0AL73RKL._SL500_.jpg" alt="Product Image"></a><p>Letmxiu Premium Dual-Sided Crib & Toddler Mattress,100% Knitted Fabric,Premium Fleece-Hypoallergenic,5" Firm Soft Crib Mattress, Non-Toxic Toddler Bed Mattress Fits Standard Cribs & Toddler Beds</p><p> -14% 0FF </p><p>$59.99</p><a href="https://www.amazon.com/dp/B0BLK39GTG?tag=eloabder-20&linkCode=osi&th=1&psc=1">View Product</a></div><div class="product"><a href="https://www.amazon.com/dp/B0BWDRBYL4?tag=eloabder-20&linkCode=osi&th=1&psc=1"><img src="https://m.media-amazon.com/images/I/41dkngPyPEL._SL500_.jpg" alt="Product Image"></a><p>Tiankehan Premium Dual-Sided Baby Crib Mattress and Toddler Mattress - 52" x 27.6" x 5" - Breathable - Firm Soft - Fits Standard Cribs and Toddler Beds</p><p> -14% 0FF </p><p>$59.98</p><a href="https://www.amazon.com/dp/B0BWDRBYL4?tag=eloabder-20&linkCode=osi&th=1&psc=1">View Product</a></div>
<div class="product"><a href="https://www.amazon.com/dp/B0C7T23J3Y?tag=eloabder-20&linkCode=osi&th=1&psc=1"><img src="https://m.media-amazon.com/images/I/41wcurEQD3L._SL500_.jpg" alt="Product Image"></a><p>The Peanutshell Crib Mobile for Girls - Pink and White Musical Baby Crib Mobile with 12 Lullabies, Forest Baby Mobile Crib Little Forest Nursery Decor</p><p> -16% 0FF </p><p>$37.69</p><a href="https://www.amazon.com/dp/B0C7T23J3Y?tag=eloabder-20&linkCode=osi&th=1&psc=1">View Product</a></div><div class="product"><a href="https://www.amazon.com/dp/B0C7SC34Z3?tag=eloabder-20&linkCode=osi&th=1&psc=1"><img src="https://m.media-amazon.com/images/I/41i+L053hPL._SL500_.jpg" alt="Product Image"></a><p>The Peanutshell Crib Mobile for Boys or Girls - Light and Dark Blue Musical Baby Crib Mobile with 12 Lullabies, Ocean Baby Mobile Crib Nautical Nursery Decor</p><p> -11% 0FF </p><p>$39.99</p><a href="https://www.amazon.com/dp/B0C7SC34Z3?tag=eloabder-20&linkCode=osi&th=1&psc=1">View Product</a></div>
<div class="product"><a href="https://www.amazon.com/dp/B07K594Q7W?tag=eloabder-20&linkCode=osi&th=1&psc=1"><img src="https://m.media-amazon.com/images/I/41chCOFT3fL._SL500_.jpg" alt="Product Image"></a><p>Burt's Bees Baby Print Fitted Crib Sheet Organic Cotton BEESNUG - Hello Moon! Prints, Fits Unisex Standard Bed and Toddler Mattress, Infant Essentials, 52 x 28 Inch 1-Pack</p><p> -34% 0FF </p><p>$13.80</p><a href="https://www.amazon.com/dp/B07K594Q7W?tag=eloabder-20&linkCode=osi&th=1&psc=1">View Product</a></div><div class="product"><a href="https://www.amazon.com/dp/B08HYS8HCQ?tag=eloabder-20&linkCode=osi&th=1&psc=1"><img src="https://m.media-amazon.com/images/I/41OJxVS5clL._SL500_.jpg" alt="Product Image"></a><p>KeaBabies 2-Pack Organic Crib Sheets for Boys, Girls, Jersey Fitted Crib Sheet, Baby Crib Sheets Neutral, Cotton Breathable Crib Sheet, Cute Printed Crib Mattress Sheet, Baby Mattress Sheets(Woodland)</p><p> -27% 0FF </p><p>$21.96</p><a href="https://www.amazon.com/dp/B08HYS8HCQ?tag=eloabder-20&linkCode=osi&th=1&psc=1">View Product</a></div><div class="product"><a href="https://www.amazon.com/dp/B07JBRWPRZ?tag=eloabder-20&linkCode=osi&th=1&psc=1"><img src="https://m.media-amazon.com/images/I/41WkDf7XWaL._SL500_.jpg" alt="Product Image"></a><p>American Baby Company 3 Pack Fitted Mini Crib Sheet 24" x 38", Soft Breathable Neutral 100% Cotton Jersey Portable Sheet, Gray Star/Zigzag, for Boys and Girls, Fits Most Pack N Play Mattresses</p><p> -20% 0FF </p><p>$14.34</p><a href="https://www.amazon.com/dp/B07JBRWPRZ?tag=eloabder-20&linkCode=osi&th=1&psc=1">View Product</a></div><div class="product"><a href="https://www.amazon.com/dp/B0BGWX27FP?tag=eloabder-20&linkCode=osi&th=1&psc=1"><img src="https://m.media-amazon.com/images/I/41tRk-EAY-L._SL500_.jpg" alt="Product Image"></a><p>4-Pack Fitted Crib Sheets for Boys and Girls - Breathable, Soft Microfiber Baby Sheets in Grey, Navy and White</p><p> -9% 0FF </p><p>$19.99 ($5.00 / Count)</p><a href="https://www.amazon.com/dp/B0BGWX27FP?tag=eloabder-20&linkCode=osi&th=1&psc=1">View Product</a></div>
<div class="product"><a href="https://www.amazon.com/dp/B082WW1FCQ?tag=eloabder-20&linkCode=osi&th=1&psc=1"><img src="https://m.media-amazon.com/images/I/416EVH-FKwL._SL500_.jpg" alt="Product Image"></a><p>Crib Bed Skirt 28” x 52” with 14” Drop Pleated Dust Ruffle for Baby Boys Girls Elastic Adjustable Fit Toddler Bedskirt Easy On/Off Soft Nursery Standard Crib Bedding Skirts Solid White Crib Skirt</p><p> -18% 0FF </p><p>$17.99</p><a href="https://www.amazon.com/dp/B082WW1FCQ?tag=eloabder-20&linkCode=osi&th=1&psc=1">View Product</a></div><div class="product"><a href="https://www.amazon.com/dp/B000YFU77W?tag=eloabder-20&linkCode=osi&th=1&psc=1"><img src="https://m.media-amazon.com/images/I/31R9qJzse7L._SL500_.jpg" alt="Product Image"></a><p>American Baby Company 100% Natural Cotton Percale Ruffled Crib Skirt, Cream, 52"L x 28"W + 13.5"</p><p> -33% 0FF </p><p>$16.79</p><a href="https://www.amazon.com/dp/B000YFU77W?tag=eloabder-20&linkCode=osi&th=1&psc=1">View Product</a></div><div class="product"><a href="https://www.amazon.com/dp/B0B5YML25P?tag=eloabder-20&linkCode=osi&th=1&psc=1"><img src="https://m.media-amazon.com/images/I/31DyVARAxlL._SL500_.jpg" alt="Product Image"></a><p>Lush Decor Ruffle Crib Skirt, 16" Drop, White</p><p> -26% 0FF </p><p>$28.19</p><a href="https://www.amazon.com/dp/B0B5YML25P?tag=eloabder-20&linkCode=osi&th=1&psc=1">View Product</a></div>
<div class="product"><a href="https://www.amazon.com/dp/B0D8B4FNHF?tag=eloabder-20&linkCode=osi&th=1&psc=1"><img src="https://m.media-amazon.com/images/I/41gmkYMTEaL._SL500_.jpg" alt="Product Image"></a><p>CHICWAY Baby Patter for Sleep, Baby Sleep Soother, Baby Vibrating Soother 3 Vibration Modes & Intensities Help Baby Sleep, Crib Toy, Crib Accessory, Registry Gift, Shower Gift, Newborn Baby Essentials</p><p> -54% 0FF </p><p>$22.91</p><a href="https://www.amazon.com/dp/B0D8B4FNHF?tag=eloabder-20&linkCode=osi&th=1&psc=1">View Product</a></div><div class="product"><a href="https://www.amazon.com/dp/B009UPUFCY?tag=eloabder-20&linkCode=osi&th=1&psc=1"><img src="https://m.media-amazon.com/images/I/41MuYdMqcXL._SL500_.jpg" alt="Product Image"></a><p>Munchkin® Lulla-Vibe™ Vibrating Mattress Pad Sleep Soother</p><p> -9% 0FF </p><p>$27.25</p><a href="https://www.amazon.com/dp/B009UPUFCY?tag=eloabder-20&linkCode=osi&th=1&psc=1">View Product</a></div>

<div class="product"><a href="https://www.amazon.com/dp/B098TWMRNV?tag=eloabder-20&linkCode=osi&th=1&psc=1"><img src="https://m.media-amazon.com/images/I/51eBNBdbFPL._SL500_.jpg" alt="Product Image"></a><p>PILLANI Baby Diaper Bag Backpack - Baby Bag for Boys & Girls - Diaper Backpack - Large Travel Diaper Bags w/Changing Pad - Baby Registry Search & Shower Gifts Newborn Essentials & Items for Mom, Gray</p><p> -37% 0FF </p><p>$34.99</p><a href="https://www.amazon.com/dp/B098TWMRNV?tag=eloabder-20&linkCode=osi&th=1&psc=1">View Product</a></div><div class="product"><a href="https://www.amazon.com/dp/B07HL6FV5F?tag=eloabder-20&linkCode=osi&th=1&psc=1"><img src="https://m.media-amazon.com/images/I/41CpqR1T2iL._SL500_.jpg" alt="Product Image"></a><p>RUVALINO Diaper Bag Backpack - Multifunction Waterproof Travel Essentials, Maternity Baby Bag with Changing Pad & Stroller D-Ring & Pacifier Case - Baby Registry Search/Items & Shower Gifts - Black</p><p> -51% 0FF </p><p>$43.99</p><a href="https://www.amazon.com/dp/B07HL6FV5F?tag=eloabder-20&linkCode=osi&th=1&psc=1">View Product</a></div><div class="product"><a href="https://www.amazon.com/dp/B0BSKZFV8Z?tag=eloabder-20&linkCode=osi&th=1&psc=1"><img src="https://m.media-amazon.com/images/I/41kJJGd0-KL._SL500_.jpg" alt="Product Image"></a><p>Skip Hop Diaper Bag Backpack: Forma, Multi-Function Baby Travel Bag with Changing Pad & Stroller Attachment, Sage</p><p> -6% 0FF </p><p>$74.49</p><a href="https://www.amazon.com/dp/B0BSKZFV8Z?tag=eloabder-20&linkCode=osi&th=1&psc=1">View Product</a></div>
<div class="product"><a href="https://www.amazon.com/dp/B00569GU18?tag=eloabder-20&linkCode=osi&th=1&psc=1"><img src="https://m.media-amazon.com/images/I/41Zx990UFlL._SL500_.jpg" alt="Product Image"></a><p>Boudreaux's Butt Paste Maximum Strength Diaper Rash Cream, Ointment for Baby, 4 oz Tube</p><p> -12% 0FF </p><p>$7.48 ($1.87 / Ounce)</p><a href="https://www.amazon.com/dp/B00569GU18?tag=eloabder-20&linkCode=osi&th=1&psc=1">View Product</a></div><div class="product"><a href="https://www.amazon.com/dp/B00ZQXT4EY?tag=eloabder-20&linkCode=osi&th=1&psc=1"><img src="https://m.media-amazon.com/images/I/31SXI-cW6IL._SL500_.jpg" alt="Product Image"></a><p>Desitin Maximum Strength Baby Diaper Rash Cream, 40% Zinc Oxide for Treatment, Relief & Prevention, Hypoallergenic, Phthalate- & Paraben-Free Paste, Protects Skin for 12 Hours, 4.8 oz</p><p> -38% 0FF </p><p>$7.33 ($1.53 / Ounce)</p><a href="https://www.amazon.com/dp/B00ZQXT4EY?tag=eloabder-20&linkCode=osi&th=1&psc=1">View Product</a></div><div class="product"><a href="https://www.amazon.com/dp/B082QBB8KQ?tag=eloabder-20&linkCode=osi&th=1&psc=1"><img src="https://m.media-amazon.com/images/I/51vNnfQ6MmL._SL500_.jpg" alt="Product Image"></a><p>Aquaphor Baby Diaper Rash Paste - For Serious Diaper Rash and Flare-ups - 3.5 Oz. Tube</p><p> -5% 0FF </p><p>$7.87 ($2.25 / Ounce)</p><a href="https://www.amazon.com/dp/B082QBB8KQ?tag=eloabder-20&linkCode=osi&th=1&psc=1">View Product</a></div><div class="product"><a href="https://www.amazon.com/dp/B00M0N9J20?tag=eloabder-20&linkCode=osi&th=1&psc=1"><img src="https://m.media-amazon.com/images/I/41t50K+y9yL._SL500_.jpg" alt="Product Image"></a><p>Desitin Daily Defense Baby Diaper Rash Cream with Zinc Oxide to Treat, Relieve & Prevent diaper rash, Hypoallergenic, Dye-, Phthalate- & Paraben-Free, 4 oz</p><p> -42% 0FF </p><p>$5.39 ($1.35 / Ounce)</p><a href="https://www.amazon.com/dp/B00M0N9J20?tag=eloabder-20&linkCode=osi&th=1&psc=1">View Product</a></div><div class="product"><a href="https://www.amazon.com/dp/B00Q2MYU9W?tag=eloabder-20&linkCode=osi&th=1&psc=1"><img src="https://m.media-amazon.com/images/I/51PiNmf+vpL._SL500_.jpg" alt="Product Image"></a><p>Aquaphor Baby Diaper Rash Cream, 3-in-1 Diaper Rash Relief, 3.5 Oz Tube</p><p> -17% 0FF </p><p>$18.69 ($1.78 / Ounce)</p><a href="https://www.amazon.com/dp/B00Q2MYU9W?tag=eloabder-20&linkCode=osi&th=1&psc=1">View Product</a></div><div class="product"><a href="https://www.amazon.com/dp/B0B4PNGXFS?tag=eloabder-20&linkCode=osi&th=1&psc=1"><img src="https://m.media-amazon.com/images/I/51BB218LJpL._SL500_.jpg" alt="Product Image"></a><p>Triple Paste Diaper Rash Cream for Baby - 3 oz Tube - Zinc Oxide Ointment Treats, Soothes and Prevents Diaper Rash - Pediatrician-Recommended Hypoallergenic Formula with Soothing Botanicals</p><p> -25% 0FF </p><p>$8.96 ($2.99 / Ounce)</p><a href="https://www.amazon.com/dp/B0B4PNGXFS?tag=eloabder-20&linkCode=osi&th=1&psc=1">View Product</a></div><div class="product"><a href="https://www.amazon.com/dp/B00KFITCXS?tag=eloabder-20&linkCode=osi&th=1&psc=1"><img src="https://m.media-amazon.com/images/I/41Upagho5nL._SL500_.jpg" alt="Product Image"></a><p>The Honest Company Hypoallergenic Diaper Rash Cream | Moisturizing + Calming Zinc Oxide Ointment | NEA Recognized, Cruelty Free | 2.5 oz</p><p> -7% 0FF </p><p>$10.25 ($4.10 / Ounce)</p><a href="https://www.amazon.com/dp/B00KFITCXS?tag=eloabder-20&linkCode=osi&th=1&psc=1">View Product</a></div><div class="product"><a href="https://www.amazon.com/dp/B000LTJRQ8?tag=eloabder-20&linkCode=osi&th=1&psc=1"><img src="https://m.media-amazon.com/images/I/51z4dtHfCgL._SL500_.jpg" alt="Product Image"></a><p>Triple Paste Diaper Rash Cream for Baby - 8 Oz Tub - Zinc Oxide Ointment Treats, Soothes and Prevents Diaper Rash - Pediatrician-Recommended Hypoallergenic Formula with Soothing Botanicals</p><p> -27% 0FF </p><p>$14.53 ($1.82 / Ounce)</p><a href="https://www.amazon.com/dp/B000LTJRQ8?tag=eloabder-20&linkCode=osi&th=1&psc=1">View Product</a></div><div class="product"><a href="https://www.amazon.com/dp/B00BH0PZBG?tag=eloabder-20&linkCode=osi&th=1&psc=1"><img src="https://m.media-amazon.com/images/I/41nENIiSAHL._SL500_.jpg" alt="Product Image"></a><p>Desitin Maximum Strength Baby Diaper Rash Cream with 40% Zinc Oxide for Treatment, Relief & Prevention, Hypoallergenic, Phthalate- & Paraben-Free Paste, 16 oz</p><p> -31% 0FF </p><p>$18.44 ($1.15 / Ounce)</p><a href="https://www.amazon.com/dp/B00BH0PZBG?tag=eloabder-20&linkCode=osi&th=1&psc=1">View Product</a></div><div class="product"><a href="https://www.amazon.com/dp/B000V3MFUY?tag=eloabder-20&linkCode=osi&th=1&psc=1"><img src="https://m.media-amazon.com/images/I/31To+A+IRQL._SL500_.jpg" alt="Product Image"></a><p>Weleda Baby Calendula Diaper Cream, 2.8 Fluid Ounce, Plant Rich Protection with Calendula, Chamomile, Sweet Almond Oil, Lanolin and Zinc Oxide</p><p> -12% 0FF </p><p>$12.32 ($4.40 / Ounce)</p><a href="https://www.amazon.com/dp/B000V3MFUY?tag=eloabder-20&linkCode=osi&th=1&psc=1">View Product</a></div>
<div class="product"><a href="https://www.amazon.com/dp/B012UFN9T6?tag=eloabder-20&linkCode=osi&th=1&psc=1"><img src="https://m.media-amazon.com/images/I/51SxpJF694L._SL500_.jpg" alt="Product Image"></a><p>Nuby Diaper Disposal Bags for Baby - (6-Pack) 50 Count Disposable Bags - Fresh Baby Powder Scent - Blue</p><p> -10% 0FF </p><p>$16.15</p><a href="https://www.amazon.com/dp/B012UFN9T6?tag=eloabder-20&linkCode=osi&th=1&psc=1">View Product</a></div>
<div class="product"><a href="https://www.amazon.com/dp/B0CPR2N8FD?tag=eloabder-20&linkCode=osi&th=1&psc=1"><img src="https://m.media-amazon.com/images/I/41uXmeS+P5L._SL500_.jpg" alt="Product Image"></a><p>Diaper Genie Select Pail Registry Gift Set (White) | Made of Durable Stainless Steel Metal | Includes 2 Jumbo Refills | Holds 1620 Newborn Diapers</p><p> -20% 0FF </p><p>$59.99</p><a href="https://www.amazon.com/dp/B0CPR2N8FD?tag=eloabder-20&linkCode=osi&th=1&psc=1">View Product</a></div><div class="product"><a href="https://www.amazon.com/dp/B0CNS3R8T7?tag=eloabder-20&linkCode=osi&th=1&psc=1"><img src="https://m.media-amazon.com/images/I/31BIw9M8SwL._SL500_.jpg" alt="Product Image"></a><p>Diaper Genie Classic Pail Includes 1 Starter Square Refill That can Hold up to 165 Newborn-Sized Diapers.</p><p> -20% 0FF </p><p>$23.99</p><a href="https://www.amazon.com/dp/B0CNS3R8T7?tag=eloabder-20&linkCode=osi&th=1&psc=1">View Product</a></div><div class="product"><a href="https://www.amazon.com/dp/B0BWGZ7J7W?tag=eloabder-20&linkCode=osi&th=1&psc=1"><img src="https://m.media-amazon.com/images/I/41pqvAOekFL._SL500_.jpg" alt="Product Image"></a><p>Diaper Genie Signature Gift Set | Includes Easy Roll Refill with 48 Bags | Holds Up to 2256 Newborn Diapers</p><p> -41% 0FF </p><p>$52.79</p><a href="https://www.amazon.com/dp/B0BWGZ7J7W?tag=eloabder-20&linkCode=osi&th=1&psc=1">View Product</a></div><div class="product"><a href="https://www.amazon.com/dp/B00821FLT4?tag=eloabder-20&linkCode=osi&th=1&psc=1"><img src="https://m.media-amazon.com/images/I/21an29pWMkL._SL500_.jpg" alt="Product Image"></a><p>Ubbi Steel Diaper Pail, Odor Locking, No Special Bag Required, Award-Winning, Registry Must-Have, White</p><p> -30% 0FF </p><p>$55.99</p><a href="https://www.amazon.com/dp/B00821FLT4?tag=eloabder-20&linkCode=osi&th=1&psc=1">View Product</a></div><div class="product"><a href="https://www.amazon.com/dp/B0BWGWZ2J4?tag=eloabder-20&linkCode=osi&th=1&psc=1"><img src="https://m.media-amazon.com/images/I/317sppbydxL._SL500_.jpg" alt="Product Image"></a><p>Diaper Genie Signature Pail (Grey) Includes 1 Easy Roll Refill with 18 Bags | Holds Up to 846 Newborn-Sized Diapers Per Refill</p><p> -20% 0FF </p><p>$47.99</p><a href="https://www.amazon.com/dp/B0BWGWZ2J4?tag=eloabder-20&linkCode=osi&th=1&psc=1">View Product</a></div>
<div class="product"><a href="https://www.amazon.com/dp/B0083973FK?tag=eloabder-20&linkCode=osi&th=1&psc=1"><img src="https://m.media-amazon.com/images/I/51c+QHPetfL._SL500_.jpg" alt="Product Image"></a><p>Sposie Booster Pads, Stop Overnight Diaper Leaks, Adhesive-Free for Easy repositioning, Helps Reduce Nighttime Diaper Changes and Diaper Rash, Use with Sizes 4-6, 90 ct.</p><p> -20% 0FF </p><p>$39.99 ($0.44 / Count)</p><a href="https://www.amazon.com/dp/B0083973FK?tag=eloabder-20&linkCode=osi&th=1&psc=1">View Product</a></div><div class="product"><a href="https://www.amazon.com/dp/B07V4MZF2W?tag=eloabder-20&linkCode=osi&th=1&psc=1"><img src="https://m.media-amazon.com/images/I/51u-l608rTL._SL500_.jpg" alt="Product Image"></a><p>Dimples Booster Pads, Baby Diaper Doubler with Adhesive - 1 Size Fits All Diapers - Boosts Diaper Absorbency - No More leaks 90 Count (with Adhesive for Secure Fit)</p><p> -15% 0FF </p><p>$27.99 ($0.31 / Count)</p><a href="https://www.amazon.com/dp/B07V4MZF2W?tag=eloabder-20&linkCode=osi&th=1&psc=1">View Product</a></div><div class="product"><a href="https://www.amazon.com/dp/B0CBQQKMS2?tag=eloabder-20&linkCode=osi&th=1&psc=1"><img src="https://m.media-amazon.com/images/I/51IK5dDp++L._SL500_.jpg" alt="Product Image"></a><p>Inspire Ultra Dimples Diaper Booster Pads | Our Most Absorbent Diaper Inserts Ever | Diaper Pads Inserts Overnight or Daytime | Diaper Liners Turn Any Diaper into Super Overnight Diapers for Babies</p><p> -17% 0FF </p><p>$9.99 ($0.48 / Count)</p><a href="https://www.amazon.com/dp/B0CBQQKMS2?tag=eloabder-20&linkCode=osi&th=1&psc=1">View Product</a></div>
<div class="product"><a href="https://www.amazon.com/dp/B0B5WF7S9F?tag=eloabder-20&linkCode=osi&th=1&psc=1"><img src="https://m.media-amazon.com/images/I/41vB5uYpocL._SL500_.jpg" alt="Product Image"></a><p>Mr. Pen- Baby Diaper Caddy Organizer, Car Caddy, Portable Organizer for Changing Table, Nursery</p><p> -14% 0FF </p><p>$12.85</p><a href="https://www.amazon.com/dp/B0B5WF7S9F?tag=eloabder-20&linkCode=osi&th=1&psc=1">View Product</a></div><div class="product"><a href="https://www.amazon.com/dp/B0734LPFJR?tag=eloabder-20&linkCode=osi&th=1&psc=1"><img src="https://m.media-amazon.com/images/I/51TCskU5lyL._SL500_.jpg" alt="Product Image"></a><p>Lily Miles Baby Diaper Caddy - Large Organizer Tote Bag for Baby essentials Boy or Girl - Baby Shower Basket - Nursery Must Haves - Registry Favorites - Newborn Caddie Car Travel</p><p> -17% 0FF </p><p>$24.95</p><a href="https://www.amazon.com/dp/B0734LPFJR?tag=eloabder-20&linkCode=osi&th=1&psc=1">View Product</a></div><div class="product"><a href="https://www.amazon.com/dp/B0D4LRZW48?tag=eloabder-20&linkCode=osi&th=1&psc=1"><img src="https://m.media-amazon.com/images/I/41NadHwjJlL._SL500_.jpg" alt="Product Image"></a><p>KEETDY Large Diaper Pocket Over the Door Organizer for Nursery, Closet Door Hanging Storage, Baby Organizers and Storage for Newborn Essentials & Diaper Organizer, Beige</p><p> -19% 0FF </p><p>$16.99</p><a href="https://www.amazon.com/dp/B0D4LRZW48?tag=eloabder-20&linkCode=osi&th=1&psc=1">View Product</a></div>
<div class="product"><a href="https://www.amazon.com/dp/B01BDQDIGM?tag=eloabder-20&linkCode=osi&th=1&psc=1"><img src="https://m.media-amazon.com/images/I/41ym1o+HI0L._SL500_.jpg" alt="Product Image"></a><p>Munchkin® STEP™ Diaper Pail Powered by Arm & Hammer, #1 in Odor Control, Award-Winning, Includes 1 Snap, Seal & Toss™ Bag, 1 Starter Refill Ring, and 1 PUCK™ Baking Soda Cartridge</p><p> -19% 0FF </p><p>$59.99</p><a href="https://www.amazon.com/dp/B01BDQDIGM?tag=eloabder-20&linkCode=osi&th=1&psc=1">View Product</a></div><div class="product"><a href="https://www.amazon.com/dp/B0CNS3NMT5?tag=eloabder-20&linkCode=osi&th=1&psc=1"><img src="https://m.media-amazon.com/images/I/41VFasXJE-L._SL500_.jpg" alt="Product Image"></a><p>Diaper Genie Select Pail (Blue) is Made of Durable Stainless Steel and Includes 1 Starter Square Refill That can Hold up to 165 Newborn-Sized Diapers.</p><p> -34% 0FF </p><p>$32.79</p><a href="https://www.amazon.com/dp/B0CNS3NMT5?tag=eloabder-20&linkCode=osi&th=1&psc=1">View Product</a></div><div class="product"><a href="https://www.amazon.com/dp/B000RLQZD8?tag=eloabder-20&linkCode=osi&th=1&psc=1"><img src="https://m.media-amazon.com/images/I/41vuQVcyESL._SL500_.jpg" alt="Product Image"></a><p>Diaper Dekor Plus Hands-Free Diaper Pail | White | Easiest to Use | Just Step–Drop–Done | Doesn’t Absorb Odors | 20 Second Bag Change | Most Economical Refill System | Great for Cloth Diapers</p><p> -9% 0FF </p><p>$49.95</p><a href="https://www.amazon.com/dp/B000RLQZD8?tag=eloabder-20&linkCode=osi&th=1&psc=1">View Product</a></div>
<div class="product"><a href="https://www.amazon.com/dp/B016N3PHBO?tag=eloabder-20&linkCode=osi&th=1&psc=1"><img src="https://m.media-amazon.com/images/I/31X8EAoIwzL._SL500_.jpg" alt="Product Image"></a><p>A+D Zinc Oxide Diaper Rash Treatment Cream, Dimenthicone 1%, Zinc Oxide 10%, Easy Spreading Baby Skin Care, 4 Ounce Tube (Packaging May Vary)</p><p> -9% 0FF </p><p>$5.47 ($0.98 / Ounce)</p><a href="https://www.amazon.com/dp/B016N3PHBO?tag=eloabder-20&linkCode=osi&th=1&psc=1">View Product</a></div>
<div class="product"><a href="https://www.amazon.com/dp/B073V5XZHZ?tag=eloabder-20&linkCode=osi&th=1&psc=1"><img src="https://m.media-amazon.com/images/I/41FJH3vX0xL._SL500_.jpg" alt="Product Image"></a><p>hiccapop Hanging Diaper Organizer for Changing Table, Cribs and Walls, Diaper Stacker and Nursery Organizer | Hanging Storage Caddy Organizer for Baby Essentials |</p><p> -14% 0FF </p><p>$29.92</p><a href="https://www.amazon.com/dp/B073V5XZHZ?tag=eloabder-20&linkCode=osi&th=1&psc=1">View Product</a></div>

<div class="product"><a href="https://www.amazon.com/dp/B07MB5PZBF?tag=eloabder-20&linkCode=osi&th=1&psc=1"><img src="https://m.media-amazon.com/images/I/51JYyHL1KML._SL500_.jpg" alt="Product Image"></a><p>Huggies Size 1 Diapers, Little Snugglers Newborn Diapers, Size 1 (8-14 lbs), 32 Count</p><p> -19% 0FF </p><p>$9.94 ($0.31 / Count)</p><a href="https://www.amazon.com/dp/B07MB5PZBF?tag=eloabder-20&linkCode=osi&th=1&psc=1">View Product</a></div><div class="product"><a href="https://www.amazon.com/dp/B07T4WQRNJ?tag=eloabder-20&linkCode=osi&th=1&psc=1"><img src="https://m.media-amazon.com/images/I/41yeY7iBMEL._SL500_.jpg" alt="Product Image"></a><p>Amazon Brand - Mama Bear Gentle Touch Diapers, Hypoallergenic, Size 5, 33 Count, White</p><p> -9% 0FF </p><p>$11.61</p><a href="https://www.amazon.com/dp/B07T4WQRNJ?tag=eloabder-20&linkCode=osi&th=1&psc=1">View Product</a></div><div class="product"><a href="https://www.amazon.com/dp/B0CKV3GLS2?tag=eloabder-20&linkCode=osi&th=1&psc=1"><img src="https://m.media-amazon.com/images/I/51zE6kc5RWL._SL500_.jpg" alt="Product Image"></a><p>The Honest Company Clean Conscious Diapers | Plant-Based, Sustainable | Young at Heart + Rose Blossom | Club Box, Size 2 (12-18 lbs), 72 Count</p><p> -15% 0FF </p><p>$25.49 ($0.35 / Count)</p><a href="https://www.amazon.com/dp/B0CKV3GLS2?tag=eloabder-20&linkCode=osi&th=1&psc=1">View Product</a></div><div class="product"><a href="https://www.amazon.com/dp/B0CHGJ4YVM?tag=eloabder-20&linkCode=osi&th=1&psc=1"><img src="https://m.media-amazon.com/images/I/51eBhAfAr+L._SL500_.jpg" alt="Product Image"></a><p>Huggies Size 1 Diapers, Skin Essentials Baby Diapers, Size 1 (8-14 lbs), 32 Count</p><p> -19% 0FF </p><p>$9.94 ($0.31 / Count)</p><a href="https://www.amazon.com/dp/B0CHGJ4YVM?tag=eloabder-20&linkCode=osi&th=1&psc=1">View Product</a></div>
<div class="product"><a href="https://www.amazon.com/dp/B005OSHTXO?tag=eloabder-20&linkCode=osi&th=1&psc=1"><img src="https://m.media-amazon.com/images/I/41MQMmwwDUL._SL500_.jpg" alt="Product Image"></a><p>Badger Basket Modern Baby Changing Table with Laundry Hamper, 3 Storage Drawers and Pad, Diaper Change Station - Espresso/Ecru</p><p> -35% 0FF </p><p>$122.99</p><a href="https://www.amazon.com/dp/B005OSHTXO?tag=eloabder-20&linkCode=osi&th=1&psc=1">View Product</a></div><div class="product"><a href="https://www.amazon.com/dp/B0C84T1L1F?tag=eloabder-20&linkCode=osi&th=1&psc=1"><img src="https://m.media-amazon.com/images/I/31VUJhNc2fL._SL500_.jpg" alt="Product Image"></a><p>Portable Baby Changing Table with 2 Storage Baskets, BabyBond Foldable Changing Table Dresser Waterproof Diaper Changing Table Height Adjustable Changing Station for Infant and Newborn(Beige)</p><p> -10% 0FF </p><p>$143.99</p><a href="https://www.amazon.com/dp/B0C84T1L1F?tag=eloabder-20&linkCode=osi&th=1&psc=1">View Product</a></div><div class="product"><a href="https://www.amazon.com/dp/B002ACCC52?tag=eloabder-20&linkCode=osi&th=1&psc=1"><img src="https://m.media-amazon.com/images/I/415B3nyWlOS._SL500_.jpg" alt="Product Image"></a><p>Delta Children Eclipse Changing Table with Changing Pad, Black Cherry</p><p> -24% 0FF </p><p>$106.98</p><a href="https://www.amazon.com/dp/B002ACCC52?tag=eloabder-20&linkCode=osi&th=1&psc=1">View Product</a></div>
<div class="product"><a href="https://www.amazon.com/dp/B01AZ20SSQ?tag=eloabder-20&linkCode=osi&th=1&psc=1"><img src="https://m.media-amazon.com/images/I/51gIZq6E8lL._SL500_.jpg" alt="Product Image"></a><p>Baby Trend Sit N' Stand Double Stroller, Onyx</p><p> -30% 0FF </p><p>$139.99</p><a href="https://www.amazon.com/dp/B01AZ20SSQ?tag=eloabder-20&linkCode=osi&th=1&psc=1">View Product</a></div><div class="product"><a href="https://www.amazon.com/dp/B07B7QC8DV?tag=eloabder-20&linkCode=osi&th=1&psc=1"><img src="https://m.media-amazon.com/images/I/41bHbNU6jhL._SL500_.jpg" alt="Product Image"></a><p>Jeep Destination Ultralight Side x Side Double Stroller, Midnight</p><p> -15% 0FF </p><p>$254.00</p><a href="https://www.amazon.com/dp/B07B7QC8DV?tag=eloabder-20&linkCode=osi&th=1&psc=1">View Product</a></div><div class="product"><a href="https://www.amazon.com/dp/B00GJIXW2K?tag=eloabder-20&linkCode=osi&th=1&psc=1"><img src="https://m.media-amazon.com/images/I/518kAj+pzjL._SL500_.jpg" alt="Product Image"></a><p>Delta Children LX Side by Side Stroller - with Recline, Storage & Compact Fold, Grey</p><p> -33% 0FF </p><p>$74.00</p><a href="https://www.amazon.com/dp/B00GJIXW2K?tag=eloabder-20&linkCode=osi&th=1&psc=1">View Product</a></div><div class="product"><a href="https://www.amazon.com/dp/B01L7C479Y?tag=eloabder-20&linkCode=osi&th=1&psc=1"><img src="https://m.media-amazon.com/images/I/51QBKRK7LwL._SL500_.jpg" alt="Product Image"></a><p>Jeep Scout Double Stroller, Charcoal Galaxy</p><p> -8% 0FF </p><p>$109.99</p><a href="https://www.amazon.com/dp/B01L7C479Y?tag=eloabder-20&linkCode=osi&th=1&psc=1">View Product</a></div><div class="product"><a href="https://www.amazon.com/dp/B07BVMSHTZ?tag=eloabder-20&linkCode=osi&th=1&psc=1"><img src="https://m.media-amazon.com/images/I/41arpDdiGJL._SL500_.jpg" alt="Product Image"></a><p>Baby Trend Expedition Double Jogger Stroller, Griffin</p><p> -12% 0FF </p><p>$219.99</p><a href="https://www.amazon.com/dp/B07BVMSHTZ?tag=eloabder-20&linkCode=osi&th=1&psc=1">View Product</a></div><div class="product"><a href="https://www.amazon.com/dp/B095JMDHG1?tag=eloabder-20&linkCode=osi&th=1&psc=1"><img src="https://m.media-amazon.com/images/I/41RzxXFC3zL._SL500_.jpg" alt="Product Image"></a><p>Summer Infant 3Dlite Folding Lightweight Side by Side Double Stroller with 5-Point Safety Harness for Infants and Toddlers, Black</p><p> -10% 0FF </p><p>$143.99</p><a href="https://www.amazon.com/dp/B095JMDHG1?tag=eloabder-20&linkCode=osi&th=1&psc=1">View Product</a></div>
<div class="product"><a href="https://www.amazon.com/dp/B08SQ88X9F?tag=eloabder-20&linkCode=osi&th=1&psc=1"><img src="https://m.media-amazon.com/images/I/614bujHCtPL._SL500_.jpg" alt="Product Image"></a><p>One Fire Night Light for Kids, 96 Lighting Modes Star Projector 360° Rotating+6 Films Kids Night Light Projector,Rechargeable Baby Night Light Ceiling Projector for Bedroom,Kids Gifts&Kids Room Decor</p><p> -29% 0FF </p><p>$14.98</p><a href="https://www.amazon.com/dp/B08SQ88X9F?tag=eloabder-20&linkCode=osi&th=1&psc=1">View Product</a></div><div class="product"><a href="https://www.amazon.com/dp/B07NZN2ZYN?tag=eloabder-20&linkCode=osi&th=1&psc=1"><img src="https://m.media-amazon.com/images/I/51PBHAO+ngL._SL500_.jpg" alt="Product Image"></a><p>Night Light for Kids,Unicorn Night Light Star Projector Gifts for Kids Toddlers,Night Lights Projector for Baby,Unicorn Lamp Ceiling Lights for Girls Bedroom,Night Light for Kids Bedroom(Light Pink)</p><p> -25% 0FF </p><p>$14.99</p><a href="https://www.amazon.com/dp/B07NZN2ZYN?tag=eloabder-20&linkCode=osi&th=1&psc=1">View Product</a></div><div class="product"><a href="https://www.amazon.com/dp/B01LQX0BXA?tag=eloabder-20&linkCode=osi&th=1&psc=1"><img src="https://m.media-amazon.com/images/I/41BcHezl7XL._SL500_.jpg" alt="Product Image"></a><p>Emotionlite Plug in Night Light, Warm White LED Nightlights, Dusk to Dawn Sensor, Kids, Nursery, Bedroom, Bathroom,Hallway, Stairs, Kitchen, UL Listed, 4 Pack</p><p> -17% 0FF </p><p>$9.99 ($2.50 / Count)</p><a href="https://www.amazon.com/dp/B01LQX0BXA?tag=eloabder-20&linkCode=osi&th=1&psc=1">View Product</a></div><div class="product"><a href="https://www.amazon.com/dp/B07H71NHYM?tag=eloabder-20&linkCode=osi&th=1&psc=1"><img src="https://m.media-amazon.com/images/I/412t0Nzaz2L._SL500_.jpg" alt="Product Image"></a><p>2 Pack Sensor LED Night Lights, Color Changing Plug-in Led Mushroom Dream Bed Lamp for Kids Children Adults, Dusk to Dawn Sensor Auto On/Off, Funny Wall Decor Gifts for Nursery Baby Bed Flower Lamp</p><p> -20% 0FF </p><p>$7.99 ($4.00 / Count)</p><a href="https://www.amazon.com/dp/B07H71NHYM?tag=eloabder-20&linkCode=osi&th=1&psc=1">View Product</a></div>
<div class="product"><a href="https://www.amazon.com/dp/B07N1JP56L?tag=eloabder-20&linkCode=osi&th=1&psc=1"><img src="https://m.media-amazon.com/images/I/31R-qSPlk8L._SL500_.jpg" alt="Product Image"></a><p>Fisher-Price Baby Toy Soothe 'n Snuggle Otter Portable Plush Sound Machine with Music Lights & Breathing Motion for Newborns 0+ Months</p><p> -14% 0FF </p><p>$36.99</p><a href="https://www.amazon.com/dp/B07N1JP56L?tag=eloabder-20&linkCode=osi&th=1&psc=1">View Product</a></div><div class="product"><a href="https://www.amazon.com/dp/B006YBHE6M?tag=eloabder-20&linkCode=osi&th=1&psc=1"><img src="https://m.media-amazon.com/images/I/51xjlvsIJlL._SL500_.jpg" alt="Product Image"></a><p>Baby Einstein Sea Dreams Soother, Crib Mount</p><p> -15% 0FF </p><p>$53.99</p><a href="https://www.amazon.com/dp/B006YBHE6M?tag=eloabder-20&linkCode=osi&th=1&psc=1">View Product</a></div><div class="product"><a href="https://www.amazon.com/dp/B075LRC7Z4?tag=eloabder-20&linkCode=osi&th=1&psc=1"><img src="https://m.media-amazon.com/images/I/51n2YwyhfIL._SL500_.jpg" alt="Product Image"></a><p>Soft Dreams Elephant Music and Glow Soother, Grey/Mint</p><p> -17% 0FF </p><p>$19.99</p><a href="https://www.amazon.com/dp/B075LRC7Z4?tag=eloabder-20&linkCode=osi&th=1&psc=1">View Product</a></div><div class="product"><a href="https://www.amazon.com/dp/B0C98SMC3J?tag=eloabder-20&linkCode=osi&th=1&psc=1"><img src="https://m.media-amazon.com/images/I/41FqmVxcrYL._SL500_.jpg" alt="Product Image"></a><p>Baby Sleep Soother Pillow Pets Dream Lites Dinosaur Projector Plush Toys for Boys Girls Baby Sound Machine Stuffed Animal Machine Pillow Ceiling Toys for Toddler</p><p> -17% 0FF </p><p>$19.99</p><a href="https://www.amazon.com/dp/B0C98SMC3J?tag=eloabder-20&linkCode=osi&th=1&psc=1">View Product</a></div>
<div class="product"><a href="https://www.amazon.com/dp/B01HP0JU2G?tag=eloabder-20&linkCode=osi&th=1&psc=1"><img src="https://m.media-amazon.com/images/I/51VRUtudnyL._SL500_.jpg" alt="Product Image"></a><p>Braun ThermoScan 5 Ear Thermometer</p><p> -11% 0FF </p><p>$31.00</p><a href="https://www.amazon.com/dp/B01HP0JU2G?tag=eloabder-20&linkCode=osi&th=1&psc=1">View Product</a></div><div class="product"><a href="https://www.amazon.com/dp/B07YYMBVVC?tag=eloabder-20&linkCode=osi&th=1&psc=1"><img src="https://m.media-amazon.com/images/I/41eqvQ9sQ-L._SL500_.jpg" alt="Product Image"></a><p>Alcedo Forehead and Ear Thermometer for Adults, Kids, and Baby | Digital Infrared Thermometer for Fever | Touchless, Instant Read, Medical Grade | Pouch and Batteries Included</p><p> -17% 0FF </p><p>$24.95</p><a href="https://www.amazon.com/dp/B07YYMBVVC?tag=eloabder-20&linkCode=osi&th=1&psc=1">View Product</a></div>
<div class="product"><a href="https://www.amazon.com/dp/B077QBJNVM?tag=eloabder-20&linkCode=osi&th=1&psc=1"><img src="https://m.media-amazon.com/images/I/41Rrkn2-CKL._SL500_.jpg" alt="Product Image"></a><p>Baby Nail Trimmer 21 in 1, with Labeled case, Includes 13 Extra Replacement Tools, Royal Angels Baby Electric Nail Kit, Baby Nail Care, Nail File Newborn Toddler Toes & Fingernails Clipper (Blue)</p><p> -49% 0FF </p><p>$15.19</p><a href="https://www.amazon.com/dp/B077QBJNVM?tag=eloabder-20&linkCode=osi&th=1&psc=1">View Product</a></div><div class="product"><a href="https://www.amazon.com/dp/B0CL4G33BX?tag=eloabder-20&linkCode=osi&th=1&psc=1"><img src="https://m.media-amazon.com/images/I/41ciCj+3ozL._SL500_.jpg" alt="Product Image"></a><p>Momcozy Baby Nail File Electric, Gentle Baby Nail Trimmer Electric Rechargeable, Baby Nail Clipper Electric, 7 Grinding Head Replacement Pads</p><p> -17% 0FF </p><p>$24.99</p><a href="https://www.amazon.com/dp/B0CL4G33BX?tag=eloabder-20&linkCode=osi&th=1&psc=1">View Product</a></div><div class="product"><a href="https://www.amazon.com/dp/B07B2C8DJD?tag=eloabder-20&linkCode=osi&th=1&psc=1"><img src="https://m.media-amazon.com/images/I/41fgXtsyDWL._SL500_.jpg" alt="Product Image"></a><p>Baby Nail Trimmer Electric Nail File Baby Nail Clippers, Safe Nail Filer Grinder Kit for Newborn Infant Toddler Kids or Adults Toes Fingernails Care Trim Polish, with Led Light and 10 Grinding Heads</p><p> -8% 0FF </p><p>$14.99</p><a href="https://www.amazon.com/dp/B07B2C8DJD?tag=eloabder-20&linkCode=osi&th=1&psc=1">View Product</a></div><div class="product"><a href="https://www.amazon.com/dp/B0D6R6ZPPF?tag=eloabder-20&linkCode=osi&th=1&psc=1"><img src="https://m.media-amazon.com/images/I/41f5Kh-OjGL._SL500_.jpg" alt="Product Image"></a><p>Electric Baby Nail Clippers - 3 in 1 Fingernail Trimmer, Polisher & Clip Storage with Led, USB Rechargeable & 2 Speeds for Baby, Kids, Adult, Seniors, Caregivers</p><p> -15% 0FF </p><p>$23.58</p><a href="https://www.amazon.com/dp/B0D6R6ZPPF?tag=eloabder-20&linkCode=osi&th=1&psc=1">View Product</a></div>
<div class="product"><a href="https://www.amazon.com/dp/B07WY1PGQC?tag=eloabder-20&linkCode=osi&th=1&psc=1"><img src="https://m.media-amazon.com/images/I/414iv2EhSgL._SL500_.jpg" alt="Product Image"></a><p>Dr. Brown's Natural Flow Anti-Colic Options+ Narrow Glass Baby Bottle 8 oz/250 mL, with Level 1 Slow Flow Nipple, 2 Pack, 0m+</p><p> -6% 0FF </p><p>$15.98</p><a href="https://www.amazon.com/dp/B07WY1PGQC?tag=eloabder-20&linkCode=osi&th=1&psc=1">View Product</a></div><div class="product"><a href="https://www.amazon.com/dp/B000WPVCQE?tag=eloabder-20&linkCode=osi&th=1&psc=1"><img src="https://m.media-amazon.com/images/I/41sXQF4JFtL._SL500_.jpg" alt="Product Image"></a><p>Medela Slow Flow Feeding & Storage Bottles, 3 Pack of 5 Ounce Bottle with Nipple, Lids, Wide Base Collars, and Travel Caps, Made Without BPA</p><p> -37% 0FF </p><p>$14.98</p><a href="https://www.amazon.com/dp/B000WPVCQE?tag=eloabder-20&linkCode=osi&th=1&psc=1">View Product</a></div><div class="product"><a href="https://www.amazon.com/dp/B08XNYS46K?tag=eloabder-20&linkCode=osi&th=1&psc=1"><img src="https://m.media-amazon.com/images/I/31bCTm8z+KL._SL500_.jpg" alt="Product Image"></a><p>Sassy 2pk Baby Food Nursers- 3 Nipples, Multi</p><p> -15% 0FF </p><p>$11.04</p><a href="https://www.amazon.com/dp/B08XNYS46K?tag=eloabder-20&linkCode=osi&th=1&psc=1">View Product</a></div>
<div class="product"><a href="https://www.amazon.com/dp/B004RIBVTK?tag=eloabder-20&linkCode=osi&th=1&psc=1"><img src="https://m.media-amazon.com/images/I/41qLfV5gyYL._SL500_.jpg" alt="Product Image"></a><p>First Aid Only 12-110 Alcohol Wipes, Individually Wrapped, 100 Per Box</p><p> -9% 0FF </p><p>$5.29 ($0.05 / Count)</p><a href="https://www.amazon.com/dp/B004RIBVTK?tag=eloabder-20&linkCode=osi&th=1&psc=1">View Product</a></div><div class="product"><a href="https://www.amazon.com/dp/B09YN8K3TH?tag=eloabder-20&linkCode=osi&th=1&psc=1"><img src="https://m.media-amazon.com/images/I/51uaWltWJiL._SL500_.jpg" alt="Product Image"></a><p>Baby Healthcare and Grooming Kit, Portable Baby Safety Care Set, Baby Essentials kit for Newborn (Blue 26 in 1)</p><p> -6% 0FF </p><p>$16.99</p><a href="https://www.amazon.com/dp/B09YN8K3TH?tag=eloabder-20&linkCode=osi&th=1&psc=1">View Product</a></div><div class="product"><a href="https://www.amazon.com/dp/B09FFT9BL2?tag=eloabder-20&linkCode=osi&th=1&psc=1"><img src="https://m.media-amazon.com/images/I/51mTQI4FDBL._SL500_.jpg" alt="Product Image"></a><p>Smart Care Fisher-Price 6-Piece Baby Healthcare Kit, Newborn Essentials, Baby Gift Set, Includes Medicine Dispensers, Aspirator, Baby Nail Clippers, Baby Thermometer</p><p> -23% 0FF </p><p>$10.73</p><a href="https://www.amazon.com/dp/B09FFT9BL2?tag=eloabder-20&linkCode=osi&th=1&psc=1">View Product</a></div>

<div class="product"><a href="https://www.amazon.com/dp/B07GTMWP8R?tag=eloabder-20&linkCode=osi&th=1&psc=1"><img src="https://m.media-amazon.com/images/I/412oB-MFGOL._SL500_.jpg" alt="Product Image"></a><p>Matyz Versatile Baby Food Maker Set - Toddler Food Mills with Mash Bowl, Hand Masher, Citrus Juicer, Grater - Making Homemade Baby Food - Fruits and Vegetables Masher - No BPA (Yellow)</p><p> -36% 0FF </p><p>$15.99</p><a href="https://www.amazon.com/dp/B07GTMWP8R?tag=eloabder-20&linkCode=osi&th=1&psc=1">View Product</a></div><div class="product"><a href="https://www.amazon.com/dp/B00FWSQ55E?tag=eloabder-20&linkCode=osi&th=1&psc=1"><img src="https://m.media-amazon.com/images/I/316TAIMF4qL._SL500_.jpg" alt="Product Image"></a><p>NUK Fresh Foods Masher & Bowl, colour pistachio</p><p> -10% 0FF </p><p>$17.99</p><a href="https://www.amazon.com/dp/B00FWSQ55E?tag=eloabder-20&linkCode=osi&th=1&psc=1">View Product</a></div>
<div class="product"><a href="https://www.amazon.com/dp/B07MYW28QR?tag=eloabder-20&linkCode=osi&th=1&psc=1"><img src="https://m.media-amazon.com/images/I/315j5b08H9L._SL500_.jpg" alt="Product Image"></a><p>Baby Brezza New and Improved Formula Pro Advanced Formula Dispenser Machine - Automatically Mix a Warm Formula Bottle Instantly - Easily Make Bottle with Automatic Powder Blending, White</p><p> -20% 0FF </p><p>$184.99</p><a href="https://www.amazon.com/dp/B07MYW28QR?tag=eloabder-20&linkCode=osi&th=1&psc=1">View Product</a></div>
<div class="product"><a href="https://www.amazon.com/dp/B0B2KVK1QS?tag=eloabder-20&linkCode=osi&th=1&psc=1"><img src="https://m.media-amazon.com/images/I/31JCp0AmlBL._SL500_.jpg" alt="Product Image"></a><p>Dr. Brown's Baby Formula Mixing Pitcher with Adjustable Stopper, Locking Lid, & No Drip Spout, 32oz, BPA Free, Teal</p><p> -9% 0FF </p><p>$9.97</p><a href="https://www.amazon.com/dp/B0B2KVK1QS?tag=eloabder-20&linkCode=osi&th=1&psc=1">View Product</a></div><div class="product"><a href="https://www.amazon.com/dp/B0CM5J4JWT?tag=eloabder-20&linkCode=osi&th=1&psc=1"><img src="https://m.media-amazon.com/images/I/31VSt6TaXAL._SL500_.jpg" alt="Product Image"></a><p>Electric Baby Formula Mixing Pitcher, NehNeh Baby Bi-directional Alternating Stirring Mixer | No Air Bubble | No Clumps | No Drip Spout | Locking Lid | Fridge Storage 36oz, BPA Free -Green</p><p> -27% 0FF </p><p>$21.99</p><a href="https://www.amazon.com/dp/B0CM5J4JWT?tag=eloabder-20&linkCode=osi&th=1&psc=1">View Product</a></div><div class="product"><a href="https://www.amazon.com/dp/B0D1C9D91Q?tag=eloabder-20&linkCode=osi&th=1&psc=1"><img src="https://m.media-amazon.com/images/I/41MGIga8RYL._SL500_.jpg" alt="Product Image"></a><p>Electric Bottle Brush Cleaner Baby, Silicone Electric Baby Bottle Brush Set with Nipple Brush/Baby Formula Mixer USB Rechargeable & 2 Mode 360° Spinning Cleaner. Essential Feeding Supplies for Moms</p><p> -24% 0FF </p><p>$21.99</p><a href="https://www.amazon.com/dp/B0D1C9D91Q?tag=eloabder-20&linkCode=osi&th=1&psc=1">View Product</a></div>
<div class="product"><a href="https://www.amazon.com/dp/B0823FX2SL?tag=eloabder-20&linkCode=osi&th=1&psc=1"><img src="https://m.media-amazon.com/images/I/41i+ptDBdcL._SL500_.jpg" alt="Product Image"></a><p>Frida Baby Grooming Kit | Baby Essentials Gift Set Includes Finger Brush with Storage Stand, Hair Brush with Case, Styling Hair Comb, Easy Grip Nail Scissors with Nail File and Case</p><p> -39% 0FF </p><p>$15.26</p><a href="https://www.amazon.com/dp/B0823FX2SL?tag=eloabder-20&linkCode=osi&th=1&psc=1">View Product</a></div><div class="product"><a href="https://www.amazon.com/dp/B08PFCJWLF?tag=eloabder-20&linkCode=osi&th=1&psc=1"><img src="https://m.media-amazon.com/images/I/41ugdN8QcEL._SL500_.jpg" alt="Product Image"></a><p>OTTOLIVES Baby Healthcare and Grooming Kit, 24 in 1 Baby Electric Nail Trimmer Set Newborn Nursery Health Care Set for Newborn Infant Toddlers Baby Boys Girls Kids Haircut Tools (0-3 Years+) (Pink)</p><p> -17% 0FF </p><p>$24.99</p><a href="https://www.amazon.com/dp/B08PFCJWLF?tag=eloabder-20&linkCode=osi&th=1&psc=1">View Product</a></div>
<div class="product"><a href="https://www.amazon.com/dp/B074W7SKZ2?tag=eloabder-20&linkCode=osi&th=1&psc=1"><img src="https://m.media-amazon.com/images/I/31KOO0YFRdL._SL500_.jpg" alt="Product Image"></a><p>Mibote Baby Growth Height Chart Handing Ruler Wall Decor for Kids, Canvas Removable Height Growth Chart 79" x 7.9" (Black & White)</p><p> -18% 0FF </p><p>$7.99</p><a href="https://www.amazon.com/dp/B074W7SKZ2?tag=eloabder-20&linkCode=osi&th=1&psc=1">View Product</a></div><div class="product"><a href="https://www.amazon.com/dp/B073V6JFZ1?tag=eloabder-20&linkCode=osi&th=1&psc=1"><img src="https://m.media-amazon.com/images/I/31Fr48bMYdL._SL500_.jpg" alt="Product Image"></a><p>Kate and Laurel Growth Chart 6.5' Wood Wall Ruler, Rustic Brown</p><p> -12% 0FF </p><p>$52.99</p><a href="https://www.amazon.com/dp/B073V6JFZ1?tag=eloabder-20&linkCode=osi&th=1&psc=1">View Product</a></div><div class="product"><a href="https://www.amazon.com/dp/B08PTVQ1W5?tag=eloabder-20&linkCode=osi&th=1&psc=1"><img src="https://m.media-amazon.com/images/I/31m1GJZxGtS._SL500_.jpg" alt="Product Image"></a><p>PandaEar Baby Height Growth Chart Ruler| Kids Boys Girls | Removable Wall Decor Measurement 79" x 7.9" (White)</p><p> -16% 0FF </p><p>$7.59</p><a href="https://www.amazon.com/dp/B08PTVQ1W5?tag=eloabder-20&linkCode=osi&th=1&psc=1">View Product</a></div><div class="product"><a href="https://www.amazon.com/dp/B08TVT93RY?tag=eloabder-20&linkCode=osi&th=1&psc=1"><img src="https://m.media-amazon.com/images/I/41kME5mTgKL._SL500_.jpg" alt="Product Image"></a><p>SUJAYU Growth Chart for Kids, Canvas Height Chart Ruler Removable Wood Hanging Wall Ruler Measurement Chart for Home Decoration (White)</p><p> -13% 0FF </p><p>$6.99</p><a href="https://www.amazon.com/dp/B08TVT93RY?tag=eloabder-20&linkCode=osi&th=1&psc=1">View Product</a></div><div class="product"><a href="https://www.amazon.com/dp/B0D2N5HN9K?tag=eloabder-20&linkCode=osi&th=1&psc=1"><img src="https://m.media-amazon.com/images/I/41rYpem0a5L._SL500_.jpg" alt="Product Image"></a><p>Growth Chart for Wall Wooden Height Chart for Kids Unicorn Castle Height Measurement for Wall Kids Height Wall Chart Kids Room Nursery Wall Decor</p><p> -19% 0FF </p><p>$21.99</p><a href="https://www.amazon.com/dp/B0D2N5HN9K?tag=eloabder-20&linkCode=osi&th=1&psc=1">View Product</a></div>
<div class="product"><a href="https://www.amazon.com/dp/B01N1PTHED?tag=eloabder-20&linkCode=osi&th=1&psc=1"><img src="https://m.media-amazon.com/images/I/31l11tL5deL._SL500_.jpg" alt="Product Image"></a><p>Natemia Baby Hair Brush - Soft Bristle Hair Brush Baby, Baby Registry Gift, Soft Baby Brush, Toddler Hair Brush for Boys & Girls, Newborn Baby Essentials, Newborn Hair Brush, Baby Wooden Brush</p><p> -28% 0FF </p><p>$12.94</p><a href="https://www.amazon.com/dp/B01N1PTHED?tag=eloabder-20&linkCode=osi&th=1&psc=1">View Product</a></div><div class="product"><a href="https://www.amazon.com/dp/B07V6VN1V8?tag=eloabder-20&linkCode=osi&th=1&psc=1"><img src="https://m.media-amazon.com/images/I/415TTdnE6ZL._SL500_.jpg" alt="Product Image"></a><p>Baby Hair Brush - Baby Brush with Soft Goat Bristles, Cradle Cap Brush, Perfect Scalp Grooming Product for Infant, Toddler, Kids, Newborns, Baby Girls, Boys (Walnut, Oval)</p><p> -32% 0FF </p><p>$12.96</p><a href="https://www.amazon.com/dp/B07V6VN1V8?tag=eloabder-20&linkCode=osi&th=1&psc=1">View Product</a></div><div class="product"><a href="https://www.amazon.com/dp/B07XPS253G?tag=eloabder-20&linkCode=osi&th=1&psc=1"><img src="https://m.media-amazon.com/images/I/41Yb4VpbnkS._SL500_.jpg" alt="Product Image"></a><p>Molylove Baby Hair Brush, Wooden Goat Bristles Hair Brush for Newborns & Toddlers, Ideal for Cradle Cap, Perfect Baby Registry Gift, Hypoallergenic, 1 Count</p><p> -33% 0FF </p><p>$5.99</p><a href="https://www.amazon.com/dp/B07XPS253G?tag=eloabder-20&linkCode=osi&th=1&psc=1">View Product</a></div><div class="product"><a href="https://www.amazon.com/dp/B0D68KKVN2?tag=eloabder-20&linkCode=osi&th=1&psc=1"><img src="https://m.media-amazon.com/images/I/41M35gnwy-L._SL500_.jpg" alt="Product Image"></a><p>ROMY RO Soft Wooden Baby Hair Brush for Newborns & Toddlers in Chic Gift Box - Ultra Soft Natural Goat Hair - Perfect Registry Gift (Goat hair brush - Oval)</p><p> -48% 0FF </p><p>$12.94</p><a href="https://www.amazon.com/dp/B0D68KKVN2?tag=eloabder-20&linkCode=osi&th=1&psc=1">View Product</a></div>
<div class="product"><a href="https://www.amazon.com/dp/B08BPD2RHF?tag=eloabder-20&linkCode=osi&th=1&psc=1"><img src="https://m.media-amazon.com/images/I/41lSftNLw1L._SL500_.jpg" alt="Product Image"></a><p>Yoocaa Car Headrest Pillow, Road Pal Headrest, Adjustable Car Seat Head Neck Support, U Shaped Car Sleeping Pillow for Kids & Adults, Only Suitable for Car Seat Headrest with Poles, Black</p><p> -9% 0FF </p><p>$29.99</p><a href="https://www.amazon.com/dp/B08BPD2RHF?tag=eloabder-20&linkCode=osi&th=1&psc=1">View Product</a></div><div class="product"><a href="https://www.amazon.com/dp/B07LF8G768?tag=eloabder-20&linkCode=osi&th=1&psc=1"><img src="https://m.media-amazon.com/images/I/21e1Tt6BFrL._SL500_.jpg" alt="Product Image"></a><p>Car Head Support Toddle Car Neck Relief Baby Child Car Seat Adjustable Head and Neck Support Band - A Comfortable Sleep Solution (Gray)</p><p> -13% 0FF </p><p>$12.99</p><a href="https://www.amazon.com/dp/B07LF8G768?tag=eloabder-20&linkCode=osi&th=1&psc=1">View Product</a></div><div class="product"><a href="https://www.amazon.com/dp/B09ZL3P26Z?tag=eloabder-20&linkCode=osi&th=1&psc=1"><img src="https://m.media-amazon.com/images/I/31zv-UP+MDL._SL500_.jpg" alt="Product Image"></a><p>Pro Goleem Car Seat Head Support Infant, Soft Infant Car Seat Insert, 2 in 1 Carseat Head Support for Newborn, Perfect for Car Seat, Stroller, Swing, Bouncer, Gray and Black</p><p> -21% 0FF </p><p>$18.99</p><a href="https://www.amazon.com/dp/B09ZL3P26Z?tag=eloabder-20&linkCode=osi&th=1&psc=1">View Product</a></div>
<div class="product"><a href="https://www.amazon.com/dp/B0CLM3ZNJ6?tag=eloabder-20&linkCode=osi&th=1&psc=1"><img src="https://m.media-amazon.com/images/I/4131cOAl1wL._SL500_.jpg" alt="Product Image"></a><p>Toddler Bath Towel Baby Bath Towels Hooded Kids Towels for Boy Girl 0-5 Year, 2-Pack Thick Absorbent Toddler Towels Hooded Baby Towels with Hood, Large 50''x32'' Baby Hooded Towel for Kids Bath Towel</p><p> -20% 0FF </p><p>$23.99</p><a href="https://www.amazon.com/dp/B0CLM3ZNJ6?tag=eloabder-20&linkCode=osi&th=1&psc=1">View Product</a></div>
<div class="product"><a href="https://www.amazon.com/dp/B094YGQNSV?tag=eloabder-20&linkCode=osi&th=1&psc=1"><img src="https://m.media-amazon.com/images/I/31BKhmVToOL._SL500_.jpg" alt="Product Image"></a><p>Westinghouse Ultrasonic Cool Mist Humidifier, 4.5L Top Filling Quiet Air Humidifier with Low Water Alarm, Adjustable Mist Humidifier for Bedrooms</p><p> -60% 0FF </p><p>$25.00</p><a href="https://www.amazon.com/dp/B094YGQNSV?tag=eloabder-20&linkCode=osi&th=1&psc=1">View Product</a></div><div class="product"><a href="https://www.amazon.com/dp/B000056HL5?tag=eloabder-20&linkCode=osi&th=1&psc=1"><img src="https://m.media-amazon.com/images/I/41ad8kyAgJL._SL500_.jpg" alt="Product Image"></a><p>Vicks Ultrasonic Humidifier Cool Mist Humidifier to Help Relieve Cold and Flu Symptoms</p><p> -27% 0FF </p><p>$44.00</p><a href="https://www.amazon.com/dp/B000056HL5?tag=eloabder-20&linkCode=osi&th=1&psc=1">View Product</a></div><div class="product"><a href="https://www.amazon.com/dp/B000GWJD0A?tag=eloabder-20&linkCode=osi&th=1&psc=1"><img src="https://m.media-amazon.com/images/I/3124anf96JL._SL500_.jpg" alt="Product Image"></a><p>Crane Adorables Ultrasonic Humidifiers for Bedroom and Baby Nursery, 1 Gallon Cool Mist Air Humidifier for Large Room or Kid's Room, Humidifier Filters Optional, Penguin</p><p> -28% 0FF </p><p>$43.20</p><a href="https://www.amazon.com/dp/B000GWJD0A?tag=eloabder-20&linkCode=osi&th=1&psc=1">View Product</a></div><div class="product"><a href="https://www.amazon.com/dp/B06XP1GMDY?tag=eloabder-20&linkCode=osi&th=1&psc=1"><img src="https://m.media-amazon.com/images/I/31g-+ypTSrL._SL500_.jpg" alt="Product Image"></a><p>Babymoov Hygro Plus Cool Mist Humidifier 3-in-1 Humidity Control, Multicolored Night Light & Essential Oil Diffuser Easy Use and Care-Blue(NO Filter Needed)</p><p> -22% 0FF </p><p>$69.99</p><a href="https://www.amazon.com/dp/B06XP1GMDY?tag=eloabder-20&linkCode=osi&th=1&psc=1">View Product</a></div><div class="product"><a href="https://www.amazon.com/dp/B009COIFAC?tag=eloabder-20&linkCode=osi&th=1&psc=1"><img src="https://m.media-amazon.com/images/I/415IUpVHxDL._SL500_.jpg" alt="Product Image"></a><p>Guardian Technologies Pure Guardian H920BL Ultrasonic Cool Mist Humidifier, 10 Hrs. Run Time, 210 Sq. Ft. Coverage, Small Rooms, Quiet, Filter Free, Treated Tank Resists</p><p> -50% 0FF </p><p>$19.99</p><a href="https://www.amazon.com/dp/B009COIFAC?tag=eloabder-20&linkCode=osi&th=1&psc=1">View Product</a></div>
<div class="product"><a href="https://www.amazon.com/dp/B08847QPWV?tag=eloabder-20&linkCode=osi&th=1&psc=1"><img src="https://m.media-amazon.com/images/I/41I9zGsqR2L._SL500_.jpg" alt="Product Image"></a><p>Graco SnugFit 35 Infant Car Seat with Simply Safe Adjust Harness System | Baby Car Seat with Anti Rebound Bar, Gotham</p><p> -30% 0FF </p><p>$118.99</p><a href="https://www.amazon.com/dp/B08847QPWV?tag=eloabder-20&linkCode=osi&th=1&psc=1">View Product</a></div>
<div class="product"><a href="https://www.amazon.com/dp/B09DLGM21Q?tag=eloabder-20&linkCode=osi&th=1&psc=1"><img src="https://m.media-amazon.com/images/I/4161UIlOUcL._SL500_.jpg" alt="Product Image"></a><p>Fisher-Price Portable Baby Chair Sit-Me-Up Floor Seat with Developmental Toys & Machine Washable Seat Pad, Rainbow Sprinkles</p><p> -6% 0FF </p><p>$40.49</p><a href="https://www.amazon.com/dp/B09DLGM21Q?tag=eloabder-20&linkCode=osi&th=1&psc=1">View Product</a></div><div class="product"><a href="https://www.amazon.com/dp/B0C2V717QN?tag=eloabder-20&linkCode=osi&th=1&psc=1"><img src="https://m.media-amazon.com/images/I/413QFmg9NwL._SL500_.jpg" alt="Product Image"></a><p>EKEPE Inflatable Baby Seat for Babies 3 Months & Up, Baby Floor Seats for Sitting Up, Baby Seats for Infants, Blow Up Baby Chair with Built in Air Pump - Bear</p><p> -20% 0FF </p><p>$21.59</p><a href="https://www.amazon.com/dp/B0C2V717QN?tag=eloabder-20&linkCode=osi&th=1&psc=1">View Product</a></div>

<div class="product"><a href="https://www.amazon.com/dp/B01M6YVW7B?tag=eloabder-20&linkCode=osi&th=1&psc=1"><img src="https://m.media-amazon.com/images/I/41HXEU0eLLL._SL500_.jpg" alt="Product Image"></a><p>Angelcare Baby Bath Support (Gray) | Ideal for Babies Less Than 6 Months Old</p><p> -33% 0FF </p><p>$19.99</p><a href="https://www.amazon.com/dp/B01M6YVW7B?tag=eloabder-20&linkCode=osi&th=1&psc=1">View Product</a></div><div class="product"><a href="https://www.amazon.com/dp/B0D9JLFDWL?tag=eloabder-20&linkCode=osi&th=1&psc=1"><img src="https://m.media-amazon.com/images/I/41t4fYIsNiL._SL500_.jpg" alt="Product Image"></a><p>GloTika Foldable Baby Bathtub Support, Ergonomic Mesh Infant Bathtub, Portable Baby Bath Tub for Newborn Babies 0-6 Months, Grey</p><p> -31% 0FF </p><p>$19.99</p><a href="https://www.amazon.com/dp/B0D9JLFDWL?tag=eloabder-20&linkCode=osi&th=1&psc=1">View Product</a></div><div class="product"><a href="https://www.amazon.com/dp/B000XW65SG?tag=eloabder-20&linkCode=osi&th=1&psc=1"><img src="https://m.media-amazon.com/images/I/41Nyw2TWaWL._SL500_.jpg" alt="Product Image"></a><p>The First Years Newborn to Toddler Baby Bath Tub - Convertible 3-in-1 Baby Tub with Removable Sling - Ages 0 to 24 Months - Sure Comfort - Pink</p><p> -37% 0FF </p><p>$22.00</p><a href="https://www.amazon.com/dp/B000XW65SG?tag=eloabder-20&linkCode=osi&th=1&psc=1">View Product</a></div><div class="product"><a href="https://www.amazon.com/dp/B0CGD46P4F?tag=eloabder-20&linkCode=osi&th=1&psc=1"><img src="https://m.media-amazon.com/images/I/41lNJLni9PL._SL500_.jpg" alt="Product Image"></a><p>AVIDOR Baby Bathtub,Collapsible Bathtub for Newborn to Toddler,Durable Essential Infant Bath Tub,Portable Travel Baby Bathtub with Soft Cushion,No-Slip Hanging and Detachable Bathtub,Green</p><p> -18% 0FF </p><p>$32.99</p><a href="https://www.amazon.com/dp/B0CGD46P4F?tag=eloabder-20&linkCode=osi&th=1&psc=1">View Product</a></div>
<div class="product"><a href="https://www.amazon.com/dp/B0CKWN7R3N?tag=eloabder-20&linkCode=osi&th=1&psc=1"><img src="https://m.media-amazon.com/images/I/31Z12rMqZ6L._SL500_.jpg" alt="Product Image"></a><p>Itzy Ritzy Insulated Bottle Bag – Keeps Bottles Warm or Cool - Holds 3 Bottles & Features Interior Pocket for Ice Pack (Not Included), Milk & Honey</p><p> -29% 0FF </p><p>$24.99</p><a href="https://www.amazon.com/dp/B0CKWN7R3N?tag=eloabder-20&linkCode=osi&th=1&psc=1">View Product</a></div>
<div class="product"><a href="https://www.amazon.com/dp/B002GKC4AG?tag=eloabder-20&linkCode=osi&th=1&psc=1"><img src="https://m.media-amazon.com/images/I/4195Qc9-38L._SL500_.jpg" alt="Product Image"></a><p>My Brest Friend Professional Nursing Pillow | Ergonomic Breastfeeding Pillows | Ideal for Lactation Consultants, NICUs & More | Breastfeeding Essentials | Handy Side Pocket & Easily Wipes Clean, Blue</p><p> -6% 0FF </p><p>$51.50</p><a href="https://www.amazon.com/dp/B002GKC4AG?tag=eloabder-20&linkCode=osi&th=1&psc=1">View Product</a></div><div class="product"><a href="https://www.amazon.com/dp/B0BT6TTHK6?tag=eloabder-20&linkCode=osi&th=1&psc=1"><img src="https://m.media-amazon.com/images/I/51GP+4wNoZL._SL500_.jpg" alt="Product Image"></a><p>Boppy Nursing Pillow Best Latch, Mocha Half Domes, Created with Lactation Consultant, Firm Contoured and Plush Sides for Two Breastfeeding Options, Padded Belt, Plus Sized to Petite, Machine Washable</p><p> -20% 0FF </p><p>$40.00</p><a href="https://www.amazon.com/dp/B0BT6TTHK6?tag=eloabder-20&linkCode=osi&th=1&psc=1">View Product</a></div>
<div class="product"><a href="https://www.amazon.com/dp/B01GGLV4V0?tag=eloabder-20&linkCode=osi&th=1&psc=1"><img src="https://m.media-amazon.com/images/I/41KKABFTw+L._SL500_.jpg" alt="Product Image"></a><p>Zote Pink Soap Pack of 3 Total 7 oz</p><p> -10% 0FF </p><p>$6.30</p><a href="https://www.amazon.com/dp/B01GGLV4V0?tag=eloabder-20&linkCode=osi&th=1&psc=1">View Product</a></div><div class="product"><a href="https://www.amazon.com/dp/B08MPWSBRR?tag=eloabder-20&linkCode=osi&th=1&psc=1"><img src="https://m.media-amazon.com/images/I/31gvg0Il4bL._SL500_.jpg" alt="Product Image"></a><p>Grangers Down Wash/Detergent for Down Insulated Clothing, Sleeping Bags and Bedding (12 Washes), 10 oz</p><p> -6% 0FF </p><p>$13.45 ($1.34 / Fl Oz)</p><a href="https://www.amazon.com/dp/B08MPWSBRR?tag=eloabder-20&linkCode=osi&th=1&psc=1">View Product</a></div><div class="product"><a href="https://www.amazon.com/dp/B08Y9691J6?tag=eloabder-20&linkCode=osi&th=1&psc=1"><img src="https://m.media-amazon.com/images/I/31wqAyGiS-L._SL500_.jpg" alt="Product Image"></a><p>WHOLENATURALS Pure Castile Soap Liquid, EWG Verified & Certified Palm Oil Free Unscented, Natural, Mild & Gentle Non-gmo & Vegan - Organic Body Wash, Laundry, and Baby Soap - 64 Fl Oz</p><p> -17% 0FF </p><p>$28.89 ($0.45 / Fl Oz)</p><a href="https://www.amazon.com/dp/B08Y9691J6?tag=eloabder-20&linkCode=osi&th=1&psc=1">View Product</a></div>
<div class="product"><a href="https://www.amazon.com/dp/B01JK164JU?tag=eloabder-20&linkCode=osi&th=1&psc=1"><img src="https://m.media-amazon.com/images/I/31tGM0o-n7L._SL500_.jpg" alt="Product Image"></a><p>The Honest Company Hydrating Face + Body Lotion | Fast Absorbing, Naturally Derived, Hypoallergenic | Lavender Calm, 8.5 fl oz</p><p> -8% 0FF </p><p>$10.99 ($1.29 / Fl Oz)</p><a href="https://www.amazon.com/dp/B01JK164JU?tag=eloabder-20&linkCode=osi&th=1&psc=1">View Product</a></div><div class="product"><a href="https://www.amazon.com/dp/B0018CK3VK?tag=eloabder-20&linkCode=osi&th=1&psc=1"><img src="https://m.media-amazon.com/images/I/41+wBu0geAL._SL500_.jpg" alt="Product Image"></a><p>Avalon Organics Hand & Body Lotion, Aloe Unscented, 32 Oz</p><p> -12% 0FF </p><p>$17.19 ($0.54 / Ounce)</p><a href="https://www.amazon.com/dp/B0018CK3VK?tag=eloabder-20&linkCode=osi&th=1&psc=1">View Product</a></div><div class="product"><a href="https://www.amazon.com/dp/B0013DIZL4?tag=eloabder-20&linkCode=osi&th=1&psc=1"><img src="https://m.media-amazon.com/images/I/31bPmcqX7+L._SL500_.jpg" alt="Product Image"></a><p>Lubriderm Intense Dry Skin Repair Lotion + Pro-Ceramide with Vitamin E & Minerals Helps to Repair Rough, Dry Skin, Fast Absorbing Lotion is Fragrance-Free and Non-Greasy, 16 fl. oz</p><p> -24% 0FF </p><p>$9.34 ($0.58 / Fl Oz)</p><a href="https://www.amazon.com/dp/B0013DIZL4?tag=eloabder-20&linkCode=osi&th=1&psc=1">View Product</a></div>
<div class="product"><a href="https://www.amazon.com/dp/B0BPHJN972?tag=eloabder-20&linkCode=osi&th=1&psc=1"><img src="https://m.media-amazon.com/images/I/41np1V18sQL._SL500_.jpg" alt="Product Image"></a><p>Pro Goleem Loveys for Babies - Soft Security Blanket Baby Snuggle Toy Newborn Stuffed Animals Baby Gifts for Boys and Girls, Lion 16 Inch</p><p> -37% 0FF </p><p>$9.48</p><a href="https://www.amazon.com/dp/B0BPHJN972?tag=eloabder-20&linkCode=osi&th=1&psc=1">View Product</a></div><div class="product"><a href="https://www.amazon.com/dp/B01MRVHKP1?tag=eloabder-20&linkCode=osi&th=1&psc=1"><img src="https://m.media-amazon.com/images/I/5183CyG7XSL._SL500_.jpg" alt="Product Image"></a><p>Mary Meyer Putty Nursery Character Blanket, Hound Dog, 1 Pack</p><p> -9% 0FF </p><p>$19.96</p><a href="https://www.amazon.com/dp/B01MRVHKP1?tag=eloabder-20&linkCode=osi&th=1&psc=1">View Product</a></div><div class="product"><a href="https://www.amazon.com/dp/B00PKP4JUM?tag=eloabder-20&linkCode=osi&th=1&psc=1"><img src="https://m.media-amazon.com/images/I/41OzmBpx8bL._SL500_.jpg" alt="Product Image"></a><p>Mary Meyer Lovey Soft Toy, 13-Inches, Oatmeal Bunny</p><p> -14% 0FF </p><p>$17.96</p><a href="https://www.amazon.com/dp/B00PKP4JUM?tag=eloabder-20&linkCode=osi&th=1&psc=1">View Product</a></div><div class="product"><a href="https://www.amazon.com/dp/B08PP8S8KZ?tag=eloabder-20&linkCode=osi&th=1&psc=1"><img src="https://m.media-amazon.com/images/I/41kmsE51naL._SL500_.jpg" alt="Product Image"></a><p>Pro Goleem Dog Security Blanket Brown Soft Puppy Lovey for Boys and Girls Unisex Lovie Baby Gifts for Toddler and Infant Snuggle Toy Stuffed Animal 16 Inch</p><p> -25% 0FF </p><p>$14.99</p><a href="https://www.amazon.com/dp/B08PP8S8KZ?tag=eloabder-20&linkCode=osi&th=1&psc=1">View Product</a></div><div class="product"><a href="https://www.amazon.com/dp/B08SZD1XXG?tag=eloabder-20&linkCode=osi&th=1&psc=1"><img src="https://m.media-amazon.com/images/I/41M7mPD9ieL._SL500_.jpg" alt="Product Image"></a><p>Itzy Ritzy - Itzy Lovey Including Teether - Baby Lovey with Teether, Textured Ribbons & Dangle Arms - Features Crinkle Sound, Sherpa Fabric and Minky Plush (Sloth)</p><p> -31% 0FF </p><p>$8.90</p><a href="https://www.amazon.com/dp/B08SZD1XXG?tag=eloabder-20&linkCode=osi&th=1&psc=1">View Product</a></div>
<div class="product"><a href="https://www.amazon.com/dp/B0B5Z89FZW?tag=eloabder-20&linkCode=osi&th=1&psc=1"><img src="https://m.media-amazon.com/images/I/31HOhMzLqbL._SL500_.jpg" alt="Product Image"></a><p>Yoofoss Waterproof Crib Mattress Protector 2 Pack, Quilted Crib Mattress Pad Cover Ultra Soft and Breathable, Machine Washable Toddler Mattress Protector for Standard Baby Crib Size 52''x28''</p><p> -17% 0FF </p><p>$19.99</p><a href="https://www.amazon.com/dp/B0B5Z89FZW?tag=eloabder-20&linkCode=osi&th=1&psc=1">View Product</a></div><div class="product"><a href="https://www.amazon.com/dp/B0CFG4G839?tag=eloabder-20&linkCode=osi&th=1&psc=1"><img src="https://m.media-amazon.com/images/I/41tYoYajqyL._SL500_.jpg" alt="Product Image"></a><p>SafeRest Sleepure 100% Waterproof Crib Size Mattress Protector - Viscose Derived from Bamboo - Fitted with Stretchable Pockets - Machine Washable Cotton Mattress Cover for Bed</p><p> -40% 0FF </p><p>$20.99</p><a href="https://www.amazon.com/dp/B0CFG4G839?tag=eloabder-20&linkCode=osi&th=1&psc=1">View Product</a></div><div class="product"><a href="https://www.amazon.com/dp/B09B1NNPP9?tag=eloabder-20&linkCode=osi&th=1&psc=1"><img src="https://m.media-amazon.com/images/I/31P+e7ESa8L._SL500_.jpg" alt="Product Image"></a><p>Bassinet Mattress Pad Cover 2 Pack Quilted Bassinet Mattress Protector Waterproof Bassinet Sheets (32"x17") for Boys & Girls, Fit for Hourglass/Oval Bassinet Mattress, White</p><p> -15% 0FF </p><p>$14.23</p><a href="https://www.amazon.com/dp/B09B1NNPP9?tag=eloabder-20&linkCode=osi&th=1&psc=1">View Product</a></div>
<div class="product"><a href="https://www.amazon.com/dp/B07WW1CT4W?tag=eloabder-20&linkCode=osi&th=1&psc=1"><img src="https://m.media-amazon.com/images/I/51jnxJGkipL._SL500_.jpg" alt="Product Image"></a><p>Luka&Lily Month Milestone Blanket- 60"x40" for Baby Boys - First Year Calendar Monthly Growth Chart, Moon - Shower Gifts</p><p> -14% 0FF </p><p>$29.99</p><a href="https://www.amazon.com/dp/B07WW1CT4W?tag=eloabder-20&linkCode=osi&th=1&psc=1">View Product</a></div><div class="product"><a href="https://www.amazon.com/dp/B07BNBTGHD?tag=eloabder-20&linkCode=osi&th=1&psc=1"><img src="https://m.media-amazon.com/images/I/4143Q79bsYL._SL500_.jpg" alt="Product Image"></a><p>Organic Baby Monthly Milestone Blanket Boy or Girl - Months Blanket with Wood Frame and Newborn Announcement Disc - Growth Chart Milestone Blanket Neutral, 1-12 Month Milestones, 47”x47”</p><p> -21% 0FF </p><p>$25.99</p><a href="https://www.amazon.com/dp/B07BNBTGHD?tag=eloabder-20&linkCode=osi&th=1&psc=1">View Product</a></div><div class="product"><a href="https://www.amazon.com/dp/B07SW75W4Q?tag=eloabder-20&linkCode=osi&th=1&psc=1"><img src="https://m.media-amazon.com/images/I/41JMlZBEbQL._SL500_.jpg" alt="Product Image"></a><p>Kate & Milo Baby Monthly Milestone Blanket, Infant Milestone Markers, Newborn Photoshoot Photo Props, Baby Girl or Baby Boy Gift, Large Blanket</p><p> -19% 0FF </p><p>$12.21</p><a href="https://www.amazon.com/dp/B07SW75W4Q?tag=eloabder-20&linkCode=osi&th=1&psc=1">View Product</a></div><div class="product"><a href="https://www.amazon.com/dp/B0986S52N1?tag=eloabder-20&linkCode=osi&th=1&psc=1"><img src="https://m.media-amazon.com/images/I/51v8Yn1ycsL._SL500_.jpg" alt="Product Image"></a><p>Popfavors, Yuzioey Safari Baby Monthly Milestone Blanket, Jungle Animals Baby Month Blanket , Baby Boy Blanket Growth Chart Nursery Decor, Includes Marker, White, 50Inx40In</p><p> -5% 0FF </p><p>$18.99</p><a href="https://www.amazon.com/dp/B0986S52N1?tag=eloabder-20&linkCode=osi&th=1&psc=1">View Product</a></div><div class="product"><a href="https://www.amazon.com/dp/B0CX9W8SND?tag=eloabder-20&linkCode=osi&th=1&psc=1"><img src="https://m.media-amazon.com/images/I/41r8vCzGa2L._SL500_.jpg" alt="Product Image"></a><p>Pearhead Hello World Milestone Blanket and Prop, Baby Monthly Milestone Updates, Growth Blanket with Photo Posing Props, Ideal Mother's Day Gift, Perfect Newborn Gift and Nursery Decor</p><p> -6% 0FF </p><p>$18.79</p><a href="https://www.amazon.com/dp/B0CX9W8SND?tag=eloabder-20&linkCode=osi&th=1&psc=1">View Product</a></div><div class="product"><a href="https://www.amazon.com/dp/B07JKN43H6?tag=eloabder-20&linkCode=osi&th=1&psc=1"><img src="https://m.media-amazon.com/images/I/511MIyg00lL._SL500_.jpg" alt="Product Image"></a><p>Bliss n' Baby Monthly Milestone Blanket for Baby Girl - 60"x40" - Wrinkle Free Baby Age Month Blanket with Growth Chart - Washable & Dryable - w/Wreath & Headband - Floral Theme</p><p> -14% 0FF </p><p>$23.99</p><a href="https://www.amazon.com/dp/B07JKN43H6?tag=eloabder-20&linkCode=osi&th=1&psc=1">View Product</a></div>
<div class="product"><a href="https://www.amazon.com/dp/B001E1JKFU?tag=eloabder-20&linkCode=osi&th=1&psc=1"><img src="https://m.media-amazon.com/images/I/41JBWVeh+QL._SL500_.jpg" alt="Product Image"></a><p>Stansport Mosquito Netting Small (705)</p><p> -39% 0FF </p><p>$16.33</p><a href="https://www.amazon.com/dp/B001E1JKFU?tag=eloabder-20&linkCode=osi&th=1&psc=1">View Product</a></div><div class="product"><a href="https://www.amazon.com/dp/B0BV2RNTR7?tag=eloabder-20&linkCode=osi&th=1&psc=1"><img src="https://m.media-amazon.com/images/I/51-iyQhcHsL._SL500_.jpg" alt="Product Image"></a><p>Mosquito Net for Bed,Large Mosquito Netting Tent Canopy for Beds,Folding Portable Design Travel POP UP Mosquito Netting for Bed,L80*W72*H60inch Queen King Size Mosquito Net</p><p> -14% 0FF </p><p>$31.99</p><a href="https://www.amazon.com/dp/B0BV2RNTR7?tag=eloabder-20&linkCode=osi&th=1&psc=1">View Product</a></div><div class="product"><a href="https://www.amazon.com/dp/B0D8HLQJ5G?tag=eloabder-20&linkCode=osi&th=1&psc=1"><img src="https://m.media-amazon.com/images/I/31hFeMp1LQL._SL500_.jpg" alt="Product Image"></a><p>77 * 30 * 23 Inch Large Pop Up Mosquito Tent, Portable Foldable Mosquito Net for Bed Camping Travel Patio</p><p> -6% 0FF </p><p>$29.99</p><a href="https://www.amazon.com/dp/B0D8HLQJ5G?tag=eloabder-20&linkCode=osi&th=1&psc=1">View Product</a></div><div class="product"><a href="https://www.amazon.com/dp/B0C2YQKF71?tag=eloabder-20&linkCode=osi&th=1&psc=1"><img src="https://m.media-amazon.com/images/I/41yDl7W2ZNL._SL500_.jpg" alt="Product Image"></a><p>Portable Mosquito Net Tent, Folding Mosquito Head Net, Pop Up Mosquito Tent Netting for Bedding Camping Traveling Patio (1 Pack, Large)</p><p> -20% 0FF </p><p>$15.99</p><a href="https://www.amazon.com/dp/B0C2YQKF71?tag=eloabder-20&linkCode=osi&th=1&psc=1">View Product</a></div>
<div class="product"><a href="https://www.amazon.com/dp/B0CL9SJ88Z?tag=eloabder-20&linkCode=osi&th=1&psc=1"><img src="https://m.media-amazon.com/images/I/41iQwRq8cBL._SL500_.jpg" alt="Product Image"></a><p>Muslin Swaddle Blankets for Newborn, 3 Pack Breathable Soft Receiving Blanket, Large 38 x 40 inches Swaddle Wrap Burping Clothes, Essentials Infant Shower Items, Toddler Gift (Bright Colors)</p><p> -5% 0FF </p><p>$18.99</p><a href="https://www.amazon.com/dp/B0CL9SJ88Z?tag=eloabder-20&linkCode=osi&th=1&psc=1">View Product</a></div><div class="product"><a href="https://www.amazon.com/dp/B0C6GP7NXF?tag=eloabder-20&linkCode=osi&th=1&psc=1"><img src="https://m.media-amazon.com/images/I/51vjlWRLQjL._SL500_.jpg" alt="Product Image"></a><p>Konssy 2 Pack Muslin Swaddle Blankets for Baby Boys Girls, Receiving Blanket Large 47 x 47 inches, Soft Breathable Muslin Baby Blanket for Unisex Newborn(Pink, Floral)</p><p> -19% 0FF </p><p>$21.99 ($11.00 / Count)</p><a href="https://www.amazon.com/dp/B0C6GP7NXF?tag=eloabder-20&linkCode=osi&th=1&psc=1">View Product</a></div>
<div class="product"><a href="https://www.amazon.com/dp/B0B8TCTXBV?tag=eloabder-20&linkCode=osi&th=1&psc=1"><img src="https://m.media-amazon.com/images/I/41j61T25VcL._SL500_.jpg" alt="Product Image"></a><p>aden + anais Essentials Swaddle Blanket, Boutique Muslin Blankets for Girls & Boys, Baby Receiving Swaddles, Ideal Newborn & Infant Swaddling Set, Perfect Shower Gifts, 4 Pack, Alphabet Animals</p><p> -29% 0FF </p><p>$28.49</p><a href="https://www.amazon.com/dp/B0B8TCTXBV?tag=eloabder-20&linkCode=osi&th=1&psc=1">View Product</a></div>
<div class="product"><a href="https://www.amazon.com/dp/B0D475YDF5?tag=eloabder-20&linkCode=osi&th=1&psc=1"><img src="https://m.media-amazon.com/images/I/31TAYPOHywL._SL500_.jpg" alt="Product Image"></a><p>Electric Nail Clipper with Nail File, 2 in 1 Rechargeable & Gentle Nail Trimmer with LED Light for Baby and Seniors</p><p> -37% 0FF </p><p>$12.00 ($1.13 / Ounce)</p><a href="https://www.amazon.com/dp/B0D475YDF5?tag=eloabder-20&linkCode=osi&th=1&psc=1">View Product</a></div><div class="product"><a href="https://www.amazon.com/dp/B0D6BCSLNQ?tag=eloabder-20&linkCode=osi&th=1&psc=1"><img src="https://m.media-amazon.com/images/I/413w5b8GCzL._SL500_.jpg" alt="Product Image"></a><p>Automatic Nail Clipper, 2 in-1 Electric Nail Clipper and Nail Polisher, Electric Baby Nail Clippers with Light,USB Rechargeable Suitable for Babies,Women Manicure,Kids, Adults and Seniors（Orange）</p><p> -23% 0FF </p><p>$16.99</p><a href="https://www.amazon.com/dp/B0D6BCSLNQ?tag=eloabder-20&linkCode=osi&th=1&psc=1">View Product</a></div>

<div class="product"><a href="https://www.amazon.com/dp/B0037SEU7Q?tag=eloabder-20&linkCode=osi&th=1&psc=1"><img src="https://m.media-amazon.com/images/I/41yN94m-XlL._SL500_.jpg" alt="Product Image"></a><p>Bepanthen Nappy Care Ointment 5 Percent, 30 g</p><p> -13% 0FF </p><p>$6.79 ($6.47 / Ounce)</p><a href="https://www.amazon.com/dp/B0037SEU7Q?tag=eloabder-20&linkCode=osi&th=1&psc=1">View Product</a></div><div class="product"><a href="https://www.amazon.com/dp/B0BTTT6VW2?tag=eloabder-20&linkCode=osi&th=1&psc=1"><img src="https://m.media-amazon.com/images/I/41cBqj0Z9tL._SL500_.jpg" alt="Product Image"></a><p>Weleda Baby Calendula Diaper Cream, 2.8 Fluid Ounce (Pack of 3), Plant Rich Protection with Calendula, Chamomile, Sweet Almond Oil, Lanolin and Zinc Oxide</p><p> -13% 0FF </p><p>$32.29 ($3.84 / Fl Oz)</p><a href="https://www.amazon.com/dp/B0BTTT6VW2?tag=eloabder-20&linkCode=osi&th=1&psc=1">View Product</a></div><div class="product"><a href="https://www.amazon.com/dp/B074YXP676?tag=eloabder-20&linkCode=osi&th=1&psc=1"><img src="https://m.media-amazon.com/images/I/41y8VvUNCLL._SL500_.jpg" alt="Product Image"></a><p>Nappy Styles Napping Creme Paste</p><p> -12% 0FF </p><p>$14.36 ($1.80 / Ounce)</p><a href="https://www.amazon.com/dp/B074YXP676?tag=eloabder-20&linkCode=osi&th=1&psc=1">View Product</a></div>
<div class="product"><a href="https://www.amazon.com/dp/B00821FLSU?tag=eloabder-20&linkCode=osi&th=1&psc=1"><img src="https://m.media-amazon.com/images/I/31MQYDa7dYL._SL500_.jpg" alt="Product Image"></a><p>Ubbi Steel Diaper Pail, Odor Locking, No Special Bag Required, Award-Winning, Registry Must-Have, Gray</p><p> -12% 0FF </p><p>$69.99</p><a href="https://www.amazon.com/dp/B00821FLSU?tag=eloabder-20&linkCode=osi&th=1&psc=1">View Product</a></div><div class="product"><a href="https://www.amazon.com/dp/B0CNS2FRMZ?tag=eloabder-20&linkCode=osi&th=1&psc=1"><img src="https://m.media-amazon.com/images/I/31O+tXnLaXL._SL500_.jpg" alt="Product Image"></a><p>Diaper Genie Select Pail is Made of Durable Stainless Steel and Includes 1 Starter Square Refill That can Hold up to 165 Newborn-Sized Diapers.</p><p> -20% 0FF </p><p>$35.99</p><a href="https://www.amazon.com/dp/B0CNS2FRMZ?tag=eloabder-20&linkCode=osi&th=1&psc=1">View Product</a></div><div class="product"><a href="https://www.amazon.com/dp/B08XNVW9TW?tag=eloabder-20&linkCode=osi&th=1&psc=1"><img src="https://m.media-amazon.com/images/I/41U7mL6nXRL._SL500_.jpg" alt="Product Image"></a><p>Sassy 250 Count Disposable Diaper Sacks, Lavender Scented, Easy-To-Tie, Diaper Disposal or Pet Waste Bags</p><p> -11% 0FF </p><p>$9.80</p><a href="https://www.amazon.com/dp/B08XNVW9TW?tag=eloabder-20&linkCode=osi&th=1&psc=1">View Product</a></div>


<div class="product"><a href="https://www.amazon.com/dp/B0CTKK5YY5?tag=eloabder-20&linkCode=osi&th=1&psc=1"><img src="https://m.media-amazon.com/images/I/31OhvT5rWmL._SL500_.jpg" alt="Product Image"></a><p>Koalababy Large Flow Electric Nasal Aspirator, Newest Baby Nose Sucker, Nose Cleaner for Toddlers with 3 Suction Levels, Soothing Music and Light, Space Gray</p><p> -33% 0FF </p><p>$29.99</p><a href="https://www.amazon.com/dp/B0CTKK5YY5?tag=eloabder-20&linkCode=osi&th=1&psc=1">View Product</a></div>
<div class="product"><a href="https://www.amazon.com/dp/B07GG1R9WC?tag=eloabder-20&linkCode=osi&th=1&psc=1"><img src="https://m.media-amazon.com/images/I/31T-p4V5gsL._SL500_.jpg" alt="Product Image"></a><p>Gerber Unisex Baby Multi-Pack Long-Sleeve Onesies Bodysuit Mitten Cuff Sizes 6-Pack Mitten Cuff Newborn</p><p> -12% 0FF </p><p>$15.81</p><a href="https://www.amazon.com/dp/B07GG1R9WC?tag=eloabder-20&linkCode=osi&th=1&psc=1">View Product</a></div><div class="product"><a href="https://www.amazon.com/dp/B0BVMXF1DJ?tag=eloabder-20&linkCode=osi&th=1&psc=1"><img src="https://m.media-amazon.com/images/I/31aJYRwZ+-L._SL500_.jpg" alt="Product Image"></a><p>HonestBaby Baby Boys 3-pack Organic Cotton Long Sleeve Side-snap Kimono Bodysuits And Toddler T-Shirt Set, Honestly Pure White, Newborn US</p><p> -63% 0FF </p><p>$11.19</p><a href="https://www.amazon.com/dp/B0BVMXF1DJ?tag=eloabder-20&linkCode=osi&th=1&psc=1">View Product</a></div>
<div class="product"><a href="https://www.amazon.com/dp/B01N47M3V0?tag=eloabder-20&linkCode=osi&th=1&psc=1"><img src="https://m.media-amazon.com/images/I/31WVThyEEcL._SL500_.jpg" alt="Product Image"></a><p>Uigos LED Night Light Lamp with Smart Sensor Dusk to Dawn Sensor, Daylight White, 0.5W Plug-in, 6-Pack</p><p> -23% 0FF </p><p>$9.99</p><a href="https://www.amazon.com/dp/B01N47M3V0?tag=eloabder-20&linkCode=osi&th=1&psc=1">View Product</a></div><div class="product"><a href="https://www.amazon.com/dp/B09B1B6J9S?tag=eloabder-20&linkCode=osi&th=1&psc=1"><img src="https://m.media-amazon.com/images/I/11rEGPdWq7L._SL500_.jpg" alt="Product Image"></a><p>Anico EASZZZ Baby Night Light, Nursery Night Lamp for Breastfeeding, Soft BPA Free Silicone Touch Night Lamp, Eye Caring, Easy Flip Design, Stepless Dimming, 1-Pack</p><p> -25% 0FF </p><p>$29.99</p><a href="https://www.amazon.com/dp/B09B1B6J9S?tag=eloabder-20&linkCode=osi&th=1&psc=1">View Product</a></div><div class="product"><a href="https://www.amazon.com/dp/B097YP171M?tag=eloabder-20&linkCode=osi&th=1&psc=1"><img src="https://m.media-amazon.com/images/I/21jYMKqhB3L._SL500_.jpg" alt="Product Image"></a><p>JolyWell Night Light for Kids, Egg Light for Nursery with 7 RGB Colors Changeable & Stepless Dimming, Rechargeable Tap Light with 1h Timer & Touch Control, Portable Night Light for Babies BPA Free</p><p> -14% 0FF </p><p>$25.99</p><a href="https://www.amazon.com/dp/B097YP171M?tag=eloabder-20&linkCode=osi&th=1&psc=1">View Product</a></div><div class="product"><a href="https://www.amazon.com/dp/B077X48B8Q?tag=eloabder-20&linkCode=osi&th=1&psc=1"><img src="https://m.media-amazon.com/images/I/31TiV9umK-L._SL500_.jpg" alt="Product Image"></a><p>REMINDA 4 Pack Night Light Lamp with Dusk to Dawn Sensor, Plug in, Blue Led Night Light</p><p> -19% 0FF </p><p>$12.99</p><a href="https://www.amazon.com/dp/B077X48B8Q?tag=eloabder-20&linkCode=osi&th=1&psc=1">View Product</a></div>
<div class="product"><a href="https://www.amazon.com/dp/B005MI648C?tag=eloabder-20&linkCode=osi&th=1&psc=1"><img src="https://m.media-amazon.com/images/I/41IsNMYojbL._SL500_.jpg" alt="Product Image"></a><p>Lansinoh Lanolin Nipple Cream Safe for Breastfeeding Baby, 100% Natural Nipple Butter for Mom, Breastfeeding Essentials, 1.41 Ounces</p><p> -17% 0FF </p><p>$8.99 ($6.38 / Ounce)</p><a href="https://www.amazon.com/dp/B005MI648C?tag=eloabder-20&linkCode=osi&th=1&psc=1">View Product</a></div><div class="product"><a href="https://www.amazon.com/dp/B000JVCBBG?tag=eloabder-20&linkCode=osi&th=1&psc=1"><img src="https://m.media-amazon.com/images/I/41TljzHSgHL._SL500_.jpg" alt="Product Image"></a><p>Earth Mama Organic Nipple Butter™ | Nipple Cream Safe for Breastfeeding | Postpartum Essentials for Nursing | Non Lanolin Nipple Cream, 2-Fluid Ounce</p><p> -7% 0FF </p><p>$13.99 ($7.00 / Fl Oz)</p><a href="https://www.amazon.com/dp/B000JVCBBG?tag=eloabder-20&linkCode=osi&th=1&psc=1">View Product</a></div><div class="product"><a href="https://www.amazon.com/dp/B08L68WR4B?tag=eloabder-20&linkCode=osi&th=1&psc=1"><img src="https://m.media-amazon.com/images/I/41qRTIl9vqL._SL500_.jpg" alt="Product Image"></a><p>Medela Purelan Lanolin Nipple Cream for Breastfeeding, 100% All Natural Single Ingredient, Hypoallergenic, Soothing Protection, Safe for Nursing Mom and Baby, 1.3 Ounce Tube</p><p> -29% 0FF </p><p>$7.37</p><a href="https://www.amazon.com/dp/B08L68WR4B?tag=eloabder-20&linkCode=osi&th=1&psc=1">View Product</a></div><div class="product"><a href="https://www.amazon.com/dp/B07X53WM1H?tag=eloabder-20&linkCode=osi&th=1&psc=1"><img src="https://m.media-amazon.com/images/I/41sh4NHSA1L._SL500_.jpg" alt="Product Image"></a><p>Lansinoh Organic Nipple Butter, Nipple Cream Safe for Breastfeeding Baby, Postpartum Essentials for Mom, 2 Ounces</p><p> -37% 0FF </p><p>$9.37</p><a href="https://www.amazon.com/dp/B07X53WM1H?tag=eloabder-20&linkCode=osi&th=1&psc=1">View Product</a></div><div class="product"><a href="https://www.amazon.com/dp/B08PXP59L6?tag=eloabder-20&linkCode=osi&th=1&psc=1"><img src="https://m.media-amazon.com/images/I/31ABi-XhpOL._SL500_.jpg" alt="Product Image"></a><p>The Honest Company Honest Mama Calm Your Nip Balm | USDA Certified Organic Nipple Cream | 1.75 fl oz</p><p> -10% 0FF </p><p>$13.49 ($7.71 / Fl Oz)</p><a href="https://www.amazon.com/dp/B08PXP59L6?tag=eloabder-20&linkCode=osi&th=1&psc=1">View Product</a></div><div class="product"><a href="https://www.amazon.com/dp/B001EPQ1US?tag=eloabder-20&linkCode=osi&th=1&psc=1"><img src="https://m.media-amazon.com/images/I/412ol1D5gFL._SL500_.jpg" alt="Product Image"></a><p>Lansinoh Breast Cream, 1.41 Ounce Tube (Pack of 3)</p><p> -20% 0FF </p><p>$23.99 ($5.67 / Ounce)</p><a href="https://www.amazon.com/dp/B001EPQ1US?tag=eloabder-20&linkCode=osi&th=1&psc=1">View Product</a></div>
<div class="product"><a href="https://www.amazon.com/dp/B0116SFIXS?tag=eloabder-20&linkCode=osi&th=1&psc=1"><img src="https://m.media-amazon.com/images/I/41IXnMjSMRL._SL500_.jpg" alt="Product Image"></a><p>Lansinoh Contact Nipple Shields for Breastfeeding, 2 Nipple Shields (24mm) and Case</p><p> -9% 0FF </p><p>$8.22</p><a href="https://www.amazon.com/dp/B0116SFIXS?tag=eloabder-20&linkCode=osi&th=1&psc=1">View Product</a></div><div class="product"><a href="https://www.amazon.com/dp/B000067PQ0?tag=eloabder-20&linkCode=osi&th=1&psc=1"><img src="https://m.media-amazon.com/images/I/31Bc7JjDLBL._SL500_.jpg" alt="Product Image"></a><p>Medela Contact Nipple Shield, 24mm Medium, Nippleshield for Breastfeeding with Latch Difficulties or Flat or Inverted Nipples, Made Without BPA</p><p> -32% 0FF </p><p>$7.35</p><a href="https://www.amazon.com/dp/B000067PQ0?tag=eloabder-20&linkCode=osi&th=1&psc=1">View Product</a></div><div class="product"><a href="https://www.amazon.com/dp/B08VKRMXGZ?tag=eloabder-20&linkCode=osi&th=1&psc=1"><img src="https://m.media-amazon.com/images/I/41jploOEeaL._SL500_.jpg" alt="Product Image"></a><p>Moogco The Original Silver Nursing Cups - Nipple Shields for Nursing Newborn - Breastfeeding Essentials - Newborn Essentials Must Haves - Nipple Covers Breastfeeding - 925 Silver</p><p> -28% 0FF </p><p>$35.90</p><a href="https://www.amazon.com/dp/B08VKRMXGZ?tag=eloabder-20&linkCode=osi&th=1&psc=1">View Product</a></div><div class="product"><a href="https://www.amazon.com/dp/B07ND58735?tag=eloabder-20&linkCode=osi&th=1&psc=1"><img src="https://m.media-amazon.com/images/I/41EpWEiqvyL._SL500_.jpg" alt="Product Image"></a><p>Koala Babycare The Original Silver Nursing Cups - Nipple Shields for Nursing Newborn -Breastfeeding Essentials - Protect and Soothe - Tri-Laminate Silver - Standard Size</p><p> -13% 0FF </p><p>$34.75</p><a href="https://www.amazon.com/dp/B07ND58735?tag=eloabder-20&linkCode=osi&th=1&psc=1">View Product</a></div>
<div class="product"><a href="https://www.amazon.com/dp/B091FL1QFK?tag=eloabder-20&linkCode=osi&th=1&psc=1"><img src="https://m.media-amazon.com/images/I/41TUb4BsK-L._SL500_.jpg" alt="Product Image"></a><p>Syringe Nasal Irrigator, Professional Baby Nasal Irrigator Portable Infant Nose Cleaner Rinsing Device Fast All Natural Relief-Nasal Irrigation/Nasal Spray/Nasal Hygiene (2 pièces)</p><p> -67% 0FF </p><p>$3.25</p><a href="https://www.amazon.com/dp/B091FL1QFK?tag=eloabder-20&linkCode=osi&th=1&psc=1">View Product</a></div><div class="product"><a href="https://www.amazon.com/dp/B09137WF8K?tag=eloabder-20&linkCode=osi&th=1&psc=1"><img src="https://m.media-amazon.com/images/I/41v2GMmUbZL._SL500_.jpg" alt="Product Image"></a><p>Two Pack 3 in 1 Baby Nose and Ear Gadget, Safe Baby Booger Remover, Nose Cleaning Tweezers, Nose Cleaner for Baby Infants and Toddlers, Dual Earwax and Snot Removal Baby Must Have Items</p><p> -50% 0FF </p><p>$9.95</p><a href="https://www.amazon.com/dp/B09137WF8K?tag=eloabder-20&linkCode=osi&th=1&psc=1">View Product</a></div><div class="product"><a href="https://www.amazon.com/dp/B09Q61B4MM?tag=eloabder-20&linkCode=osi&th=1&psc=1"><img src="https://m.media-amazon.com/images/I/310TWo+qPRL._SL500_.jpg" alt="Product Image"></a><p>Haakaa Silicone Baby Nasal Aspirator | Nose Bulb Syringe | Easy-Squeezy Baby Nose Cleaner, Newborn Infant &Toddler - BPA Free Silicone</p><p> -5% 0FF </p><p>$9.39</p><a href="https://www.amazon.com/dp/B09Q61B4MM?tag=eloabder-20&linkCode=osi&th=1&psc=1">View Product</a></div>
<div class="product"><a href="https://www.amazon.com/dp/B002K6F7AK?tag=eloabder-20&linkCode=osi&th=1&psc=1"><img src="https://m.media-amazon.com/images/I/411elwPHIqL._SL500_.jpg" alt="Product Image"></a><p>Lamaze womens Cotton Spandex Sleep for Nursing and Maternity Full Coverage Bra, Heather Grey, Large US</p><p> -32% 0FF </p><p>$12.28</p><a href="https://www.amazon.com/dp/B002K6F7AK?tag=eloabder-20&linkCode=osi&th=1&psc=1">View Product</a></div>

<div class="product"><a href="https://www.amazon.com/dp/B06XPHR7DF?tag=eloabder-20&linkCode=osi&th=1&psc=1"><img src="https://m.media-amazon.com/images/I/31sNH-POFUL._SL500_.jpg" alt="Product Image"></a><p>Lansinoh Stay Dry Disposable Nursing Pads, Soft and Super Absorbent Breast Pads, Breastfeeding Essentials for Moms, 200 Count</p><p> -21% 0FF </p><p>$18.51</p><a href="https://www.amazon.com/dp/B06XPHR7DF?tag=eloabder-20&linkCode=osi&th=1&psc=1">View Product</a></div><div class="product"><a href="https://www.amazon.com/dp/B0DB3G8G37?tag=eloabder-20&linkCode=osi&th=1&psc=1"><img src="https://m.media-amazon.com/images/I/31Z7+iKhAKL._SL500_.jpg" alt="Product Image"></a><p>Lansinoh Washable Nursing Pads, Made with Organic Bamboo Viscose, Reusable Breast Pads for Breastfeeding with Wash Bag, Breastfeeding Essentials, 10 Count</p><p> -11% 0FF </p><p>$14.28</p><a href="https://www.amazon.com/dp/B0DB3G8G37?tag=eloabder-20&linkCode=osi&th=1&psc=1">View Product</a></div>
<div class="product"><a href="https://www.amazon.com/dp/B09T6V8YH2?tag=eloabder-20&linkCode=osi&th=1&psc=1"><img src="https://m.media-amazon.com/images/I/21knizL1Y1L._SL500_.jpg" alt="Product Image"></a><p>Nursing Pillow and Positioner with Cover for Breastfeeding and Bottle Feeding, Propping Baby, Tummy Time, Baby Sitting Support, Awake-Time Support (Pillow Only, 22" x 17.7" x 5.9")</p><p> -32% 0FF </p><p>$20.49</p><a href="https://www.amazon.com/dp/B09T6V8YH2?tag=eloabder-20&linkCode=osi&th=1&psc=1">View Product</a></div>
<div class="product"><a href="https://www.amazon.com/dp/B00B7TCX0I?tag=eloabder-20&linkCode=osi&th=1&psc=1"><img src="https://m.media-amazon.com/images/I/51n0rXJe9iL._SL500_.jpg" alt="Product Image"></a><p>Leading Lady Women's Nursing Tank Stylish Cami with Inner Shelf Bra, Black Stripe, Large</p><p> -59% 0FF </p><p>$13.98</p><a href="https://www.amazon.com/dp/B00B7TCX0I?tag=eloabder-20&linkCode=osi&th=1&psc=1">View Product</a></div><div class="product"><a href="https://www.amazon.com/dp/B07K72T7Q3?tag=eloabder-20&linkCode=osi&th=1&psc=1"><img src="https://m.media-amazon.com/images/I/31J5oWrxf6L._SL500_.jpg" alt="Product Image"></a><p>Lansinoh Reusable Nursing Pads, Nursing Essentials for Breastfeeding Mothers, 4 Absorbent Nursing Pads With Mesh Wash Bag, White Pads</p><p> -25% 0FF </p><p>$11.99</p><a href="https://www.amazon.com/dp/B07K72T7Q3?tag=eloabder-20&linkCode=osi&th=1&psc=1">View Product</a></div>

<div class="product"><a href="https://www.amazon.com/dp/B086134T3T?tag=eloabder-20&linkCode=osi&th=1&psc=1"><img src="https://m.media-amazon.com/images/I/41KhXKDGe-L._SL500_.jpg" alt="Product Image"></a><p>4our Kiddies Baby-Proof Outlet Covers (60 Pack) - Child Safety Electric Plug Protectors to Prevent Power Shock</p><p> -23% 0FF </p><p>$9.99</p><a href="https://www.amazon.com/dp/B086134T3T?tag=eloabder-20&linkCode=osi&th=1&psc=1">View Product</a></div><div class="product"><a href="https://www.amazon.com/dp/B08FBNKDKB?tag=eloabder-20&linkCode=osi&th=1&psc=1"><img src="https://m.media-amazon.com/images/I/318PTNFomwL._SL500_.jpg" alt="Product Image"></a><p>Outlet Cover Box for Child Safety (2 Pack) Duplex & Decorator Electrical Outlet Plates, Concealed Access Buttons, and Spacious Compartment - Jool Baby</p><p> -35% 0FF </p><p>$14.99</p><a href="https://www.amazon.com/dp/B08FBNKDKB?tag=eloabder-20&linkCode=osi&th=1&psc=1">View Product</a></div>
<div class="product"><a href="https://www.amazon.com/dp/B07TDN9MKC?tag=eloabder-20&linkCode=osi&th=1&psc=1"><img src="https://m.media-amazon.com/images/I/41K55mCBTsL._SL500_.jpg" alt="Product Image"></a><p>Philips Avent Soothie Orthodontic Baby Pacifiers, 100% Silicone Pacifiers, One Piece, BPA-Free, for Babies 0-3 Months, Green, 4 Pack, Model SCF190/41</p><p> -25% 0FF </p><p>$8.94</p><a href="https://www.amazon.com/dp/B07TDN9MKC?tag=eloabder-20&linkCode=osi&th=1&psc=1">View Product</a></div><div class="product"><a href="https://www.amazon.com/dp/B08177ZPKM?tag=eloabder-20&linkCode=osi&th=1&psc=1"><img src="https://m.media-amazon.com/images/I/41+0ETqpizL._SL500_.jpg" alt="Product Image"></a><p>Tommee Tippee Ultra-Light Silicone Pacifier, 0-6 Months, Symmetrical One-Piece Design, BPA-Free Silicone Binkies, Clear/Blue/Green, Pack of 4</p><p> -38% 0FF </p><p>$10.39</p><a href="https://www.amazon.com/dp/B08177ZPKM?tag=eloabder-20&linkCode=osi&th=1&psc=1">View Product</a></div><div class="product"><a href="https://www.amazon.com/dp/B09XJJB478?tag=eloabder-20&linkCode=osi&th=1&psc=1"><img src="https://m.media-amazon.com/images/I/31vbtPyMOGL._SL500_.jpg" alt="Product Image"></a><p>Dr. Brown's HappyPaci 100% Silicone Baby Pacifier, Contoured One-Piece Design, White, Blue, Light Blue, 0-6m, BPA-Free, 3 Pack</p><p> -17% 0FF </p><p>$4.97</p><a href="https://www.amazon.com/dp/B09XJJB478?tag=eloabder-20&linkCode=osi&th=1&psc=1">View Product</a></div><div class="product"><a href="https://www.amazon.com/dp/B09F6YC4MS?tag=eloabder-20&linkCode=osi&th=1&psc=1"><img src="https://m.media-amazon.com/images/I/31j7FmFh-9L._SL500_.jpg" alt="Product Image"></a><p>Itzy Ritzy Natural Rubber Pacifiers, Set of 2 – Natural Rubber Newborn Pacifiers with Cherry-Shaped Nipple & Large Air Holes for Added Safety; Set of 2 in Coconut & Toast, Ages 0 – 6 Months</p><p> -10% 0FF </p><p>$8.97</p><a href="https://www.amazon.com/dp/B09F6YC4MS?tag=eloabder-20&linkCode=osi&th=1&psc=1">View Product</a></div><div class="product"><a href="https://www.amazon.com/dp/B0835TX9TH?tag=eloabder-20&linkCode=osi&th=1&psc=1"><img src="https://m.media-amazon.com/images/I/413oViQleDL._SL500_.jpg" alt="Product Image"></a><p>NUK Orthodontic Pacifier Value Pack</p><p> -48% 0FF </p><p>$6.29</p><a href="https://www.amazon.com/dp/B0835TX9TH?tag=eloabder-20&linkCode=osi&th=1&psc=1">View Product</a></div><div class="product"><a href="https://www.amazon.com/dp/B0BJ4Q64L9?tag=eloabder-20&linkCode=osi&th=1&psc=1"><img src="https://m.media-amazon.com/images/I/31T4DaO7KeL._SL500_.jpg" alt="Product Image"></a><p>Tommee Tippee Ultra-light Silicone Pacifier, Symmetrical One-Piece Design, BPA-Free Silicone Binkies, 6-18 months, Pack of 4 Pacifiers</p><p> -32% 0FF </p><p>$11.51</p><a href="https://www.amazon.com/dp/B0BJ4Q64L9?tag=eloabder-20&linkCode=osi&th=1&psc=1">View Product</a></div><div class="product"><a href="https://www.amazon.com/dp/B0C5B1SLFL?tag=eloabder-20&linkCode=osi&th=1&psc=1"><img src="https://m.media-amazon.com/images/I/41XLQFTsedL._SL500_.jpg" alt="Product Image"></a><p>Philips Avent Ultra Soft Pacifier - 4 x Soft and Flexible Baby Pacifiers for Babies Aged 0-6 Months, BPA Free with Sterilizer Carry Case, SCF091/23</p><p> -7% 0FF </p><p>$12.94</p><a href="https://www.amazon.com/dp/B0C5B1SLFL?tag=eloabder-20&linkCode=osi&th=1&psc=1">View Product</a></div><div class="product"><a href="https://www.amazon.com/dp/B09H7LR2K2?tag=eloabder-20&linkCode=osi&th=1&psc=1"><img src="https://m.media-amazon.com/images/I/31J6KoAN3IL._SL500_.jpg" alt="Product Image"></a><p>MAM Original Start Matte Newborn Baby Pacifier, Best Pacifier for Breastfed Babies, Sterilizer Case, Girl, 0-3 Months (Pack of 2)</p><p> -38% 0FF </p><p>$4.99</p><a href="https://www.amazon.com/dp/B09H7LR2K2?tag=eloabder-20&linkCode=osi&th=1&psc=1">View Product</a></div>
<div class="product"><a href="https://www.amazon.com/dp/B0C98MM24R?tag=eloabder-20&linkCode=osi&th=1&psc=1"><img src="https://m.media-amazon.com/images/I/411zeOj8dIL._SL500_.jpg" alt="Product Image"></a><p>Silicone Pacifier Clip, Seposeve Pack of 3 Baby Pacifier Teether Clip with 4 Texture, Soft Flexible Silicone Pacifier Leashes & Cases for Boy and Girl, Keeps Pacifier Clean, Purple Pink White</p><p> -29% 0FF </p><p>$4.99</p><a href="https://www.amazon.com/dp/B0C98MM24R?tag=eloabder-20&linkCode=osi&th=1&psc=1">View Product</a></div><div class="product"><a href="https://www.amazon.com/dp/B0828BFK15?tag=eloabder-20&linkCode=osi&th=1&psc=1"><img src="https://m.media-amazon.com/images/I/41OXr2mKwYL._SL500_.jpg" alt="Product Image"></a><p>PandaEar Baby Pacifier Clips Solid Color, 4 Pack Universal Holder Leash for Boys and Girls, Teething Toys Teethers (Neutral)</p><p> -17% 0FF </p><p>$4.98</p><a href="https://www.amazon.com/dp/B0828BFK15?tag=eloabder-20&linkCode=osi&th=1&psc=1">View Product</a></div>
<div class="product"><a href="https://www.amazon.com/dp/B09JCJKMF2?tag=eloabder-20&linkCode=osi&th=1&psc=1"><img src="https://m.media-amazon.com/images/I/21hMAxonL8L._SL500_.jpg" alt="Product Image"></a><p>Ubbi On-The-Go Dual Pacifier Holder, Keep's Baby's Binkies Clean and Accessible, Portable for Travel, Diaper Bag Accessory Must Have for Newborns, Sage Green</p><p> -17% 0FF </p><p>$4.99</p><a href="https://www.amazon.com/dp/B09JCJKMF2?tag=eloabder-20&linkCode=osi&th=1&psc=1">View Product</a></div><div class="product"><a href="https://www.amazon.com/dp/B0BG8J1JJR?tag=eloabder-20&linkCode=osi&th=1&psc=1"><img src="https://m.media-amazon.com/images/I/31fDalcDyyL._SL500_.jpg" alt="Product Image"></a><p>PandaEar Pacifier Nipple Holder Case Container Boxes (4 Pack)| Universal Accessories Holders| Travel Cases| BPA Free</p><p> -17% 0FF </p><p>$4.95</p><a href="https://www.amazon.com/dp/B0BG8J1JJR?tag=eloabder-20&linkCode=osi&th=1&psc=1">View Product</a></div>
<div class="product"><a href="https://www.amazon.com/dp/B08625PRQL?tag=eloabder-20&linkCode=osi&th=1&psc=1"><img src="https://m.media-amazon.com/images/I/31PUIalU9CL._SL500_.jpg" alt="Product Image"></a><p>GROWNSY Pacifier Sanitizer Portable, UV Light Sanitizer on The Go, USB Charging Sanitizer Case, Mini Pacifier Sanitizer 99.99% Cleaned in 59 Seconds (White)</p><p> -10% 0FF </p><p>$26.95</p><a href="https://www.amazon.com/dp/B08625PRQL?tag=eloabder-20&linkCode=osi&th=1&psc=1">View Product</a></div><div class="product"><a href="https://www.amazon.com/dp/B0035LQNNE?tag=eloabder-20&linkCode=osi&th=1&psc=1"><img src="https://m.media-amazon.com/images/I/41DJ3x+h47L._SL500_.jpg" alt="Product Image"></a><p>Dr. Brown's Microwave Steam Sterilizer Bags for Baby Bottles, Pacifiers, Pump Parts and Accessories, Travel Baby Bottle Sterilizer, 30 Uses per Bag, 5 Count (Pack of 1)</p><p> -40% 0FF </p><p>$5.99</p><a href="https://www.amazon.com/dp/B0035LQNNE?tag=eloabder-20&linkCode=osi&th=1&psc=1">View Product</a></div>
<div class="product"><a href="https://www.amazon.com/dp/B0CRF9L25B?tag=eloabder-20&linkCode=osi&th=1&psc=1"><img src="https://m.media-amazon.com/images/I/41WW0AQ61YL._SL500_.jpg" alt="Product Image"></a><p>Comfy Cubs Baby Play Gym Set, Wooden Baby Playgym, Interactive Activity Center Hanging Bar with Gym Toys, Foldable for Infants, Newborn Gift for Baby Girl and Boy</p><p> -33% 0FF </p><p>$39.99</p><a href="https://www.amazon.com/dp/B0CRF9L25B?tag=eloabder-20&linkCode=osi&th=1&psc=1">View Product</a></div>
<div class="product"><a href="https://www.amazon.com/dp/B0BCVRHFX8?tag=eloabder-20&linkCode=osi&th=1&psc=1"><img src="https://m.media-amazon.com/images/I/41EoxD6Jb4L._SL500_.jpg" alt="Product Image"></a><p>Baby Playpen,Playpen, Playpen for Babies and Toddlers, Play Pen for Kids, Play Pens for Babies and Toddlers for Apartment (47 * 47 inch Grey with mat)</p><p> -23% 0FF </p><p>$46.21</p><a href="https://www.amazon.com/dp/B0BCVRHFX8?tag=eloabder-20&linkCode=osi&th=1&psc=1">View Product</a></div><div class="product"><a href="https://www.amazon.com/dp/B0BR7NFYTV?tag=eloabder-20&linkCode=osi&th=1&psc=1"><img src="https://m.media-amazon.com/images/I/41fdC8D+84L._SL500_.jpg" alt="Product Image"></a><p>COMOMY Playpens for Babies and Toddlers, Small Baby Play Pens, Activity Center for Baby Safe and Non-Slip Baby Fence, Full Mesh Design, Indoor & Outdoor Kids Activity Center (Dark Grey, 36"x36")</p><p> -20% 0FF </p><p>$39.99</p><a href="https://www.amazon.com/dp/B0BR7NFYTV?tag=eloabder-20&linkCode=osi&th=1&psc=1">View Product</a></div><div class="product"><a href="https://www.amazon.com/dp/B09ZDQ3C2Y?tag=eloabder-20&linkCode=osi&th=1&psc=1"><img src="https://m.media-amazon.com/images/I/41cGSa5tbrL._SL500_.jpg" alt="Product Image"></a><p>Pamo Babe Portable Crib Baby Playpen with Mattress and Carry Bag (Grey)</p><p> -29% 0FF </p><p>$48.99</p><a href="https://www.amazon.com/dp/B09ZDQ3C2Y?tag=eloabder-20&linkCode=osi&th=1&psc=1">View Product</a></div><div class="product"><a href="https://www.amazon.com/dp/B08BT16TH5?tag=eloabder-20&linkCode=osi&th=1&psc=1"><img src="https://m.media-amazon.com/images/I/41T3gWQReTL._SL500_.jpg" alt="Product Image"></a><p>Dream On Me Nest Portable Playard in Black with Carrybag an Shoulder Strap, Lightweight, Packable and Easy Setup Baby Playard, Breathable Mesh Sides and Soft Fabric - Comes with a Removable Padded Mat</p><p> -29% 0FF </p><p>$49.99</p><a href="https://www.amazon.com/dp/B08BT16TH5?tag=eloabder-20&linkCode=osi&th=1&psc=1">View Product</a></div>
<div class="product"><a href="https://www.amazon.com/dp/B07964SFW4?tag=eloabder-20&linkCode=osi&th=1&psc=1"><img src="https://m.media-amazon.com/images/I/415S7evTplL._SL500_.jpg" alt="Product Image"></a><p>Baby Trend Lil' Snooze Deluxe II Nursery Center, Twinkle Twinkle Little Moon</p><p> -10% 0FF </p><p>$89.99</p><a href="https://www.amazon.com/dp/B07964SFW4?tag=eloabder-20&linkCode=osi&th=1&psc=1">View Product</a></div><div class="product"><a href="https://www.amazon.com/dp/B0BMFQFZSH?tag=eloabder-20&linkCode=osi&th=1&psc=1"><img src="https://m.media-amazon.com/images/I/41tYFE0RalL._SL500_.jpg" alt="Product Image"></a><p>Pamo Babe Deluxe Nursery Center, Foldable Playard for Baby & Toddler, Bassinet, Mattress, Changing Table for Newborn(Black)</p><p> -22% 0FF </p><p>$155.99</p><a href="https://www.amazon.com/dp/B0BMFQFZSH?tag=eloabder-20&linkCode=osi&th=1&psc=1">View Product</a></div><div class="product"><a href="https://www.amazon.com/dp/B07HYV86RH?tag=eloabder-20&linkCode=osi&th=1&psc=1"><img src="https://m.media-amazon.com/images/I/41GWwVT9TQL._SL500_.jpg" alt="Product Image"></a><p>Baby Trend Trend-E Nursery Center® Playard, April</p><p> -20% 0FF </p><p>$79.99</p><a href="https://www.amazon.com/dp/B07HYV86RH?tag=eloabder-20&linkCode=osi&th=1&psc=1">View Product</a></div>
<div class="product"><a href="https://www.amazon.com/dp/B0BZQGQVD1?tag=eloabder-20&linkCode=osi&th=1&psc=1"><img src="https://m.media-amazon.com/images/I/41DuYrM0FML._SL500_.jpg" alt="Product Image"></a><p>Kopi Baby Portable Diaper Changing Pad - Baby Changing Pad & Diaper Changer Travel Bag, Smart Design Baby Changing Mat, Portable Changing Pad for Baby - Baby Changing Station, Infant Gift - Grey</p><p> -31% 0FF </p><p>$26.99</p><a href="https://www.amazon.com/dp/B0BZQGQVD1?tag=eloabder-20&linkCode=osi&th=1&psc=1">View Product</a></div><div class="product"><a href="https://www.amazon.com/dp/B085PXT49C?tag=eloabder-20&linkCode=osi&th=1&psc=1"><img src="https://m.media-amazon.com/images/I/51vXCxx-lHL._SL500_.jpg" alt="Product Image"></a><p>Portable Changing Pad for Baby|Travel Baby Changing Pads for Moms, Dads|Waterproof Portable Changing Mat with Built-in Pillow|Excellent Baby Shower/Registry Gifts</p><p> -19% 0FF </p><p>$12.99</p><a href="https://www.amazon.com/dp/B085PXT49C?tag=eloabder-20&linkCode=osi&th=1&psc=1">View Product</a></div><div class="product"><a href="https://www.amazon.com/dp/B082FZ4232?tag=eloabder-20&linkCode=osi&th=1&psc=1"><img src="https://m.media-amazon.com/images/I/51beBs2MbBL._SL500_.jpg" alt="Product Image"></a><p>First Landings Portable Diaper Changing Pad - Convenient Travel Changing Pad and Wipe Holder - Portable Changing Pad - Navy</p><p> -58% 0FF </p><p>$9.99</p><a href="https://www.amazon.com/dp/B082FZ4232?tag=eloabder-20&linkCode=osi&th=1&psc=1">View Product</a></div><div class="product"><a href="https://www.amazon.com/dp/B08N4W4CFC?tag=eloabder-20&linkCode=osi&th=1&psc=1"><img src="https://m.media-amazon.com/images/I/51vHXXugc9L._SL500_.jpg" alt="Product Image"></a><p>Portable Diaper Changing Pad for Baby, Detachable Travel Changing Pad with Baby Wipes Pocket, Gifts for Baby Shower, Newborn Girls and Boys (Grey)</p><p> -29% 0FF </p><p>$19.79</p><a href="https://www.amazon.com/dp/B08N4W4CFC?tag=eloabder-20&linkCode=osi&th=1&psc=1">View Product</a></div><div class="product"><a href="https://www.amazon.com/dp/B0CM9ZDFT7?tag=eloabder-20&linkCode=osi&th=1&psc=1"><img src="https://m.media-amazon.com/images/I/511OkyACRAL._SL500_.jpg" alt="Product Image"></a><p>Portable Changing Pad for Baby, Travel Diaper Changing Pad for Newborn, Large Waterproof Baby Changing Mat, Foldable & Detachable Diaper Changing Station with Baby Wipes Pockets, Baby Stuff by Pillani</p><p> -37% 0FF </p><p>$18.99</p><a href="https://www.amazon.com/dp/B0CM9ZDFT7?tag=eloabder-20&linkCode=osi&th=1&psc=1">View Product</a></div>
<div class="product"><a href="https://www.amazon.com/dp/B00AKKDSNG?tag=eloabder-20&linkCode=osi&th=1&psc=1"><img src="https://m.media-amazon.com/images/I/51nqUmC7OaL._SL500_.jpg" alt="Product Image"></a><p>Guava Lotus Travel Crib with Lightweight Backpack Design | Certified Baby Safe Portable Crib | Folding Play Yard with Comfy Mattress for Babies & Toddlers | Compact Baby Travel Bed</p><p> -18% 0FF </p><p>$229.95</p><a href="https://www.amazon.com/dp/B00AKKDSNG?tag=eloabder-20&linkCode=osi&th=1&psc=1">View Product</a></div><div class="product"><a href="https://www.amazon.com/dp/B07RZQC1T1?tag=eloabder-20&linkCode=osi&th=1&psc=1"><img src="https://m.media-amazon.com/images/I/41EMWNVnnYL._SL500_.jpg" alt="Product Image"></a><p>Pamo Babe Portable Crib for Baby, Portable Baby Playpen with Bassinet and Changing Table</p><p> -15% 0FF </p><p>$109.99</p><a href="https://www.amazon.com/dp/B07RZQC1T1?tag=eloabder-20&linkCode=osi&th=1&psc=1">View Product</a></div><div class="product"><a href="https://www.amazon.com/dp/B01F9FLEL4?tag=eloabder-20&linkCode=osi&th=1&psc=1"><img src="https://m.media-amazon.com/images/I/51HNrjQ09pL._SL500_.jpg" alt="Product Image"></a><p>Baby Trend Nursery Center® Playard, Tanzania</p><p> -20% 0FF </p><p>$79.99</p><a href="https://www.amazon.com/dp/B01F9FLEL4?tag=eloabder-20&linkCode=osi&th=1&psc=1">View Product</a></div>
<div class="product"><a href="https://www.amazon.com/dp/B0CXY9DDW9?tag=eloabder-20&linkCode=osi&th=1&psc=1"><img src="https://m.media-amazon.com/images/I/31MFNOwDz8L._SL500_.jpg" alt="Product Image"></a><p>Bluey Playtime Floor Potty Trainer w/Sound</p><p> -20% 0FF </p><p>$31.99</p><a href="https://www.amazon.com/dp/B0CXY9DDW9?tag=eloabder-20&linkCode=osi&th=1&psc=1">View Product</a></div>


<div class="product"><a href="https://www.amazon.com/dp/B0825YNHG9?tag=eloabder-20&linkCode=osi&th=1&psc=1"><img src="https://m.media-amazon.com/images/I/515zQEdiriL._SL500_.jpg" alt="Product Image"></a><p>wegreeco Cloth Diapers 6 Pack with 6 Inserts & 1 Wet Bag, Washable Cloth Diapers for Babies, One Size Adjustable Reusable Diapers Baby (Flower)</p><p> -17% 0FF </p><p>$31.85</p><a href="https://www.amazon.com/dp/B0825YNHG9?tag=eloabder-20&linkCode=osi&th=1&psc=1">View Product</a></div><div class="product"><a href="https://www.amazon.com/dp/B0D5HMWY6V?tag=eloabder-20&linkCode=osi&th=1&psc=1"><img src="https://m.media-amazon.com/images/I/41U1XPfqxlL._SL500_.jpg" alt="Product Image"></a><p>Smarbore Baby Cloth Diapers Set-4 Pack Diapers with 4 Inserts & 1 Wet Dry Separation Bag, Reusable Infant Toddler Nappy, Adjustable Pocket Diapers for Baby Boys and Girls(6-33 pounds,0-3 Years)</p><p> -7% 0FF </p><p>$25.99 ($2.89 / Count)</p><a href="https://www.amazon.com/dp/B0D5HMWY6V?tag=eloabder-20&linkCode=osi&th=1&psc=1">View Product</a></div>
<div class="product"><a href="https://www.amazon.com/dp/B0CG1T96CP?tag=eloabder-20&linkCode=osi&th=1&psc=1"><img src="https://m.media-amazon.com/images/I/41Zc2WoVYUL._SL500_.jpg" alt="Product Image"></a><p>Yaheetech Upholstered Rocking Chair, Boucle Glider Chair Nursery Chair with High Back and Side Pocket, Rocking Accent Armchair with Rubber Wood Legs for Living Room/Bedroom/Nursery, Ivory</p><p> -41% 0FF </p><p>$99.99</p><a href="https://www.amazon.com/dp/B0CG1T96CP?tag=eloabder-20&linkCode=osi&th=1&psc=1">View Product</a></div><div class="product"><a href="https://www.amazon.com/dp/B0815ZR4LN?tag=eloabder-20&linkCode=osi&th=1&psc=1"><img src="https://m.media-amazon.com/images/I/31z4fzPBkHL._SL500_.jpg" alt="Product Image"></a><p>Evolur Raleigh Upholstered Nursery Glider, Swivel, Rock, Recliner, Tool Free Assembly, Greenguard Gold Certified Misty Grey</p><p> -43% 0FF </p><p>$199.99</p><a href="https://www.amazon.com/dp/B0815ZR4LN?tag=eloabder-20&linkCode=osi&th=1&psc=1">View Product</a></div><div class="product"><a href="https://www.amazon.com/dp/B01N4KL7QS?tag=eloabder-20&linkCode=osi&th=1&psc=1"><img src="https://m.media-amazon.com/images/I/51EIu4gTPDL._SL500_.jpg" alt="Product Image"></a><p>Angel Line Windsor Glider and Ottoman, Natural and Gray</p><p> -21% 0FF </p><p>$139.00</p><a href="https://www.amazon.com/dp/B01N4KL7QS?tag=eloabder-20&linkCode=osi&th=1&psc=1">View Product</a></div><div class="product"><a href="https://www.amazon.com/dp/B0DF2PJ5KH?tag=eloabder-20&linkCode=osi&th=1&psc=1"><img src="https://m.media-amazon.com/images/I/51wf3SLefBL._SL500_.jpg" alt="Product Image"></a><p>VECELO High Back Nursery Rocking Chair with Foot Rest, Teddy Upholstered Reclining Glider Rocker, Comfy Armchair Padded Seat Removable Side Pockets for Living Room, Bedroom, Balcony, White</p><p> -7% 0FF </p><p>$129.99</p><a href="https://www.amazon.com/dp/B0DF2PJ5KH?tag=eloabder-20&linkCode=osi&th=1&psc=1">View Product</a></div>
<div class="product"><a href="https://www.amazon.com/dp/B0D4YY8V2Z?tag=eloabder-20&linkCode=osi&th=1&psc=1"><img src="https://m.media-amazon.com/images/I/41ckUZsbOhL._SL500_.jpg" alt="Product Image"></a><p>JXM Safety Harness for Active Childs with Quick Grab Handle, Teens Youth Secure Walking Harness with Autism Awareness and Pouch, Adjustable Tether Leash for Autism ADHD Special Needs Child Kids</p><p> -11% 0FF </p><p>$24.99</p><a href="https://www.amazon.com/dp/B0D4YY8V2Z?tag=eloabder-20&linkCode=osi&th=1&psc=1">View Product</a></div><div class="product"><a href="https://www.amazon.com/dp/B0CMTXJ956?tag=eloabder-20&linkCode=osi&th=1&psc=1"><img src="https://m.media-amazon.com/images/I/41isiqOFw+L._SL500_.jpg" alt="Product Image"></a><p>Kanayu 2 Pcs Walking Harness for Older Children with Handle and Pouch Safety Harness for Autism ADHD Special Needs Child Kids(8-12 Years)</p><p> -12% 0FF </p><p>$22.99</p><a href="https://www.amazon.com/dp/B0CMTXJ956?tag=eloabder-20&linkCode=osi&th=1&psc=1">View Product</a></div><div class="product"><a href="https://www.amazon.com/dp/B0CFY3B37N?tag=eloabder-20&linkCode=osi&th=1&psc=1"><img src="https://m.media-amazon.com/images/I/41i7J-tFLEL._SL500_.jpg" alt="Product Image"></a><p>ROSROSE Child Airplane Safety Travel Harness, Airplane Travel Accessories for Kid Toddler, Child Aviation Flight Seat Device/Seat Belt, Safety Restraint System Helps Keep Your Child Safe</p><p> -10% 0FF </p><p>$22.55</p><a href="https://www.amazon.com/dp/B0CFY3B37N?tag=eloabder-20&linkCode=osi&th=1&psc=1">View Product</a></div>
<div class="product"><a href="https://www.amazon.com/dp/B08WDLZ9YF?tag=eloabder-20&linkCode=osi&th=1&psc=1"><img src="https://m.media-amazon.com/images/I/41yh9vV9UTL._SL500_.jpg" alt="Product Image"></a><p>Safety 1st Healthcare On-The-go Kit, Pyramids Aqua</p><p> -27% 0FF </p><p>$9.53</p><a href="https://www.amazon.com/dp/B08WDLZ9YF?tag=eloabder-20&linkCode=osi&th=1&psc=1">View Product</a></div>
<div class="product"><a href="https://www.amazon.com/dp/B0009EXOIM?tag=eloabder-20&linkCode=osi&th=1&psc=1"><img src="https://m.media-amazon.com/images/I/41tq74vnvfL._SL500_.jpg" alt="Product Image"></a><p>Safety 1st 12 Pack Ultra Clear Outlet Plugs</p><p> -55% 0FF </p><p>$2.99</p><a href="https://www.amazon.com/dp/B0009EXOIM?tag=eloabder-20&linkCode=osi&th=1&psc=1">View Product</a></div>
<div class="product"><a href="https://www.amazon.com/dp/B0CNVZN4JY?tag=eloabder-20&linkCode=osi&th=1&psc=1"><img src="https://m.media-amazon.com/images/I/41w4Hn9rrKL._SL500_.jpg" alt="Product Image"></a><p>UBBCARE Bed Rail for Toddlers, 32 Inch Bed Guard Rail, Extra Tall Child Safety Side Crib Rail for Baby, Kids, Fit for Twin, Full, Queen, King Size Beds</p><p> -19% 0FF </p><p>$25.99</p><a href="https://www.amazon.com/dp/B0CNVZN4JY?tag=eloabder-20&linkCode=osi&th=1&psc=1">View Product</a></div><div class="product"><a href="https://www.amazon.com/dp/B0D63187J9?tag=eloabder-20&linkCode=osi&th=1&psc=1"><img src="https://m.media-amazon.com/images/I/41Y5kEXGVpL._SL500_.jpg" alt="Product Image"></a><p>Bed Guard Rail for Toddlers - 32inch Folding up & Adjustable Heights Baby Bed Safety Rails - Portable Toddler Bed Barrier Railing Guard for Kids Twin, Bunk, Queen, Full Size Bed</p><p> -13% 0FF </p><p>$34.99</p><a href="https://www.amazon.com/dp/B0D63187J9?tag=eloabder-20&linkCode=osi&th=1&psc=1">View Product</a></div>

<div class="product"><a href="https://www.amazon.com/dp/B07JDHX9X8?tag=eloabder-20&linkCode=osi&th=1&psc=1"><img src="https://m.media-amazon.com/images/I/41xMC6SqvHL._SL500_.jpg" alt="Product Image"></a><p>Anti-Lost Wrist Link, Blue Reflective Anti-Lost Wrist Chain with Child Lock 6.56 feet.</p><p> -23% 0FF </p><p>$9.99</p><a href="https://www.amazon.com/dp/B07JDHX9X8?tag=eloabder-20&linkCode=osi&th=1&psc=1">View Product</a></div>

<div class="product"><a href="https://www.amazon.com/dp/B0CD42KQ3K?tag=eloabder-20&linkCode=osi&th=1&psc=1"><img src="https://m.media-amazon.com/images/I/41c9zvmFrLL._SL500_.jpg" alt="Product Image"></a><p>TOHIBEE Baby Montessori Sensory Toys for 0-6 6-12 Months, Food Grade Teething Toys for Babies 0 3 6 9 12 18 Months, Newborn Infant Learning Developmental Toys Gifts for 1 2 Year Old Boys Girls</p><p> -50% 0FF </p><p>$9.99</p><a href="https://www.amazon.com/dp/B0CD42KQ3K?tag=eloabder-20&linkCode=osi&th=1&psc=1">View Product</a></div><div class="product"><a href="https://www.amazon.com/dp/B0CNNZKL6Z?tag=eloabder-20&linkCode=osi&th=1&psc=1"><img src="https://m.media-amazon.com/images/I/419qSwSFEIL._SL500_.jpg" alt="Product Image"></a><p>MIUXUESO 3 Pcs Baby Flower Headbands Baby Girls Nylon Headbands Soft Hairbands Hair Accessories for Newborn Infant Toddler Kids (Beige Pink Khaki)</p><p> -11% 0FF </p><p>$8.89 ($2.96 / Count)</p><a href="https://www.amazon.com/dp/B0CNNZKL6Z?tag=eloabder-20&linkCode=osi&th=1&psc=1">View Product</a></div><div class="product"><a href="https://www.amazon.com/dp/B0CRLDXBYN?tag=eloabder-20&linkCode=osi&th=1&psc=1"><img src="https://m.media-amazon.com/images/I/51U5mzLT4CL._SL500_.jpg" alt="Product Image"></a><p>Cute Castle Baby Sleep Sack 0-6 Months - Lightweight 100% Cotton 2-Way Zipper TOG 0.5 Infant Wearable Blanket, Newborn Essentials Toddler Sleep Clothes (3 Pack Green)</p><p> -41% 0FF </p><p>$26.98</p><a href="https://www.amazon.com/dp/B0CRLDXBYN?tag=eloabder-20&linkCode=osi&th=1&psc=1">View Product</a></div><div class="product"><a href="https://www.amazon.com/dp/B0CNSPHBBG?tag=eloabder-20&linkCode=osi&th=1&psc=1"><img src="https://m.media-amazon.com/images/I/41KtLZ6dp3L._SL500_.jpg" alt="Product Image"></a><p>Arnzion Baby Hooded Towels for Babies and Toddlers, Muslin Baby Bath Towel Soft and Absorbent for Boys and Girls (Dark Grey 1 Pack)</p><p> -10% 0FF </p><p>$8.99</p><a href="https://www.amazon.com/dp/B0CNSPHBBG?tag=eloabder-20&linkCode=osi&th=1&psc=1">View Product</a></div><div class="product"><a href="https://www.amazon.com/dp/B0C6Y89H47?tag=eloabder-20&linkCode=osi&th=1&psc=1"><img src="https://m.media-amazon.com/images/I/41SIANIdhkL._SL500_.jpg" alt="Product Image"></a><p>HelloBaby Upgrade 5’’ Baby Monitor with 26-Hour Battery, 2 Cameras Pan-Tilt-Zoom, 1000ft Range Video Audio Baby Monitor No WiFi, VOX, Night Vision, 2-Way Talk, 8 Lullabies and Temperature</p><p> -22% 0FF </p><p>$139.99</p><a href="https://www.amazon.com/dp/B0C6Y89H47?tag=eloabder-20&linkCode=osi&th=1&psc=1">View Product</a></div><div class="product"><a href="https://www.amazon.com/dp/B0CLGCN5ZS?tag=eloabder-20&linkCode=osi&th=1&psc=1"><img src="https://m.media-amazon.com/images/I/41PuaWmW8rL._SL500_.jpg" alt="Product Image"></a><p>Momcozy Baby Carrier Newborn to Toddler - Ergonomic, Cozy and Lightweight Infant Carrier for 7-44lbs, Effortless to Put On, Ideal for Hands-Free Parenting, Enhanced Lumbar Support, Khaki</p><p> -7% 0FF </p><p>$64.99</p><a href="https://www.amazon.com/dp/B0CLGCN5ZS?tag=eloabder-20&linkCode=osi&th=1&psc=1">View Product</a></div>
<div class="product"><a href="https://www.amazon.com/dp/B09B94C44F?tag=eloabder-20&linkCode=osi&th=1&psc=1"><img src="https://m.media-amazon.com/images/I/41mrmM0elVL._SL500_.jpg" alt="Product Image"></a><p>Fisher-Price Baby to Toddler Learning Toy 2-in-1 Like a Boss Activity Center and Play Table with Lights Music and Sounds</p><p> -33% 0FF </p><p>$73.99</p><a href="https://www.amazon.com/dp/B09B94C44F?tag=eloabder-20&linkCode=osi&th=1&psc=1">View Product</a></div><div class="product"><a href="https://www.amazon.com/dp/B08D8RSLXW?tag=eloabder-20&linkCode=osi&th=1&psc=1"><img src="https://m.media-amazon.com/images/I/41CTM7vmqIL._SL500_.jpg" alt="Product Image"></a><p>Smart Steps® Bounce N’ Play 3-in-1 Activity Center, Woodland Walk</p><p> -14% 0FF </p><p>$59.99</p><a href="https://www.amazon.com/dp/B08D8RSLXW?tag=eloabder-20&linkCode=osi&th=1&psc=1">View Product</a></div><div class="product"><a href="https://www.amazon.com/dp/B08WQB3JQW?tag=eloabder-20&linkCode=osi&th=1&psc=1"><img src="https://m.media-amazon.com/images/I/413UkTCXRJL._SL500_.jpg" alt="Product Image"></a><p>Smart Steps® 3-in-1 Bounce N' Play Activity Center Plus with STEM Learning Toys, Tike Hike</p><p> -33% 0FF </p><p>$59.99</p><a href="https://www.amazon.com/dp/B08WQB3JQW?tag=eloabder-20&linkCode=osi&th=1&psc=1">View Product</a></div><div class="product"><a href="https://www.amazon.com/dp/B0B5JJGGTC?tag=eloabder-20&linkCode=osi&th=1&psc=1"><img src="https://m.media-amazon.com/images/I/41hewN3eW6L._SL500_.jpg" alt="Product Image"></a><p>Fisher-Price Baby to Toddler Toy 3-in-1 SnugaPuppy Activity Center and Play Table with Lights Sounds and Developmental Activities</p><p> -23% 0FF </p><p>$99.99</p><a href="https://www.amazon.com/dp/B0B5JJGGTC?tag=eloabder-20&linkCode=osi&th=1&psc=1">View Product</a></div><div class="product"><a href="https://www.amazon.com/dp/B07BF1V8K8?tag=eloabder-20&linkCode=osi&th=1&psc=1"><img src="https://m.media-amazon.com/images/I/51kWbX5t3FL._SL500_.jpg" alt="Product Image"></a><p>Battat - Activity Cube With Farm Theme - Educational Wooden Toys For Toddlers And Kids - 1 Year +</p><p> -42% 0FF </p><p>$59.95</p><a href="https://www.amazon.com/dp/B07BF1V8K8?tag=eloabder-20&linkCode=osi&th=1&psc=1">View Product</a></div>
<div class="product"><a href="https://www.amazon.com/dp/B07MPCCDM7?tag=eloabder-20&linkCode=osi&th=1&psc=1"><img src="https://m.media-amazon.com/images/I/414WzjZL6XL._SL500_.jpg" alt="Product Image"></a><p>Baby Einstein 4-in-1 Kickin' Tunes Music and Language Play Gym and Piano Tummy Time Activity Mat</p><p> -20% 0FF </p><p>$39.98</p><a href="https://www.amazon.com/dp/B07MPCCDM7?tag=eloabder-20&linkCode=osi&th=1&psc=1">View Product</a></div><div class="product"><a href="https://www.amazon.com/dp/B0793D9WBY?tag=eloabder-20&linkCode=osi&th=1&psc=1"><img src="https://m.media-amazon.com/images/I/51SJobuKTzL._SL500_.jpg" alt="Product Image"></a><p>Fisher-Price Baby Playmat Deluxe Kick & Play Piano Gym, Green Musical Learning Toy with 2 Rattle Maracas for Developmental Play Newborns 0+ Months</p><p> -18% 0FF </p><p>$49.49</p><a href="https://www.amazon.com/dp/B0793D9WBY?tag=eloabder-20&linkCode=osi&th=1&psc=1">View Product</a></div><div class="product"><a href="https://www.amazon.com/dp/B0B5JXBMZJ?tag=eloabder-20&linkCode=osi&th=1&psc=1"><img src="https://m.media-amazon.com/images/I/51zfjAIFbcL._SL500_.jpg" alt="Product Image"></a><p>Fisher-Price Baby Playmat Kick & Play Piano Gym with Musical and Sensory Toys for Newborn to Toddler, Navy Fawn</p><p> -27% 0FF </p><p>$39.88</p><a href="https://www.amazon.com/dp/B0B5JXBMZJ?tag=eloabder-20&linkCode=osi&th=1&psc=1">View Product</a></div><div class="product"><a href="https://www.amazon.com/dp/B0036RKGHQ?tag=eloabder-20&linkCode=osi&th=1&psc=1"><img src="https://m.media-amazon.com/images/I/51ciJPgVi-L._SL500_.jpg" alt="Product Image"></a><p>Bright Starts Disney Baby Finding Nemo Mr. Ray Ocean Lights & Music Gym, Ages Newborn +</p><p> -18% 0FF </p><p>$69.98</p><a href="https://www.amazon.com/dp/B0036RKGHQ?tag=eloabder-20&linkCode=osi&th=1&psc=1">View Product</a></div>
<div class="product"><a href="https://www.amazon.com/dp/B0C8HGTL8Y?tag=eloabder-20&linkCode=osi&th=1&psc=1"><img src="https://m.media-amazon.com/images/I/41JRClg8WzL._SL500_.jpg" alt="Product Image"></a><p>Baby Trend Everlast 7-in-1 High Chair, Charcoal Stone</p><p> -50% 0FF </p><p>$49.99</p><a href="https://www.amazon.com/dp/B0C8HGTL8Y?tag=eloabder-20&linkCode=osi&th=1&psc=1">View Product</a></div><div class="product"><a href="https://www.amazon.com/dp/B08DY55SQZ?tag=eloabder-20&linkCode=osi&th=1&psc=1"><img src="https://m.media-amazon.com/images/I/31Gi5M2n0TL._SL500_.jpg" alt="Product Image"></a><p>Evenflo 4-in-1 Eat & Grow Convertible High Chair,Polyester</p><p> -9% 0FF </p><p>$62.99</p><a href="https://www.amazon.com/dp/B08DY55SQZ?tag=eloabder-20&linkCode=osi&th=1&psc=1">View Product</a></div><div class="product"><a href="https://www.amazon.com/dp/B0BDSWVGJN?tag=eloabder-20&linkCode=osi&th=1&psc=1"><img src="https://m.media-amazon.com/images/I/31RKzujFVpL._SL500_.jpg" alt="Product Image"></a><p>Graco EveryStep 6 in 1 High Chair, Babies and Toddlers Portable Slim High Chair with 6 Growing Stages from Infant to Toddler Seating, Convenient for Dining Time, Featured Design in Misty</p><p> -12% 0FF </p><p>$176.99</p><a href="https://www.amazon.com/dp/B0BDSWVGJN?tag=eloabder-20&linkCode=osi&th=1&psc=1">View Product</a></div><div class="product"><a href="https://www.amazon.com/dp/B0DFGSY7D2?tag=eloabder-20&linkCode=osi&th=1&psc=1"><img src="https://m.media-amazon.com/images/I/41LuMCYsLxL._SL500_.jpg" alt="Product Image"></a><p>High Chair,IJHIJH Baby High Chair,Foldable High Chair,High Chair for Babies and Toddlers,Double-Layer Large Tray,Backrest and Height Adjustable,5-Point Safety Belt,Non-Slip Mat,Space Saving</p><p> -23% 0FF </p><p>$99.99</p><a href="https://www.amazon.com/dp/B0DFGSY7D2?tag=eloabder-20&linkCode=osi&th=1&psc=1">View Product</a></div><div class="product"><a href="https://www.amazon.com/dp/B01MRVWGJH?tag=eloabder-20&linkCode=osi&th=1&psc=1"><img src="https://m.media-amazon.com/images/I/41HxUVOWn-L._SL500_.jpg" alt="Product Image"></a><p>Cosco Simple Fold Full Size High Chair With Adjustable Tray, 28.5x23.5x38.7 Inch (Pack of 1)</p><p> -23% 0FF </p><p>$49.99</p><a href="https://www.amazon.com/dp/B01MRVWGJH?tag=eloabder-20&linkCode=osi&th=1&psc=1">View Product</a></div><div class="product"><a href="https://www.amazon.com/dp/B0B1QRSXW9?tag=eloabder-20&linkCode=osi&th=1&psc=1"><img src="https://m.media-amazon.com/images/I/41k+dOKhnqL._SL500_.jpg" alt="Product Image"></a><p>Baby Trend Sit Right 2.0 3-in-1 High Chair - Cozy Grey</p><p> -25% 0FF </p><p>$59.99</p><a href="https://www.amazon.com/dp/B0B1QRSXW9?tag=eloabder-20&linkCode=osi&th=1&psc=1">View Product</a></div><div class="product"><a href="https://www.amazon.com/dp/B08HKPPJPV?tag=eloabder-20&linkCode=osi&th=1&psc=1"><img src="https://m.media-amazon.com/images/I/31cMtIzV9lL._SL500_.jpg" alt="Product Image"></a><p>Graco® Table2Table LX 6-in-1 Highchair, Arrows with Infant Head Support & One-Hand Removable Tray</p><p> -16% 0FF </p><p>$100.99</p><a href="https://www.amazon.com/dp/B08HKPPJPV?tag=eloabder-20&linkCode=osi&th=1&psc=1">View Product</a></div><div class="product"><a href="https://www.amazon.com/dp/B07Y5RY7QT?tag=eloabder-20&linkCode=osi&th=1&psc=1"><img src="https://m.media-amazon.com/images/I/31IiUCIU1JL._SL500_.jpg" alt="Product Image"></a><p>Graco DuoDiner DLX 6-in-1 Highchair, Mathis</p><p> -7% 0FF </p><p>$139.99</p><a href="https://www.amazon.com/dp/B07Y5RY7QT?tag=eloabder-20&linkCode=osi&th=1&psc=1">View Product</a></div><div class="product"><a href="https://www.amazon.com/dp/B091M5MT2L?tag=eloabder-20&linkCode=osi&th=1&psc=1"><img src="https://m.media-amazon.com/images/I/31ukjyiALGL._SL500_.jpg" alt="Product Image"></a><p>Century Dine On 4-in-1 High Chair, Grows with Child with 4 Modes, Metro</p><p> -11% 0FF </p><p>$79.99</p><a href="https://www.amazon.com/dp/B091M5MT2L?tag=eloabder-20&linkCode=osi&th=1&psc=1">View Product</a></div>
<div class="product"><a href="https://www.amazon.com/dp/B000MR4IX6?tag=eloabder-20&linkCode=osi&th=1&psc=1"><img src="https://m.media-amazon.com/images/I/31QxBnnFyKL._SL500_.jpg" alt="Product Image"></a><p>Crane Adorables Ultrasonic Humidifiers for Bedroom and Baby Nursery, 1 Gallon Cool Mist Air Humidifier for Large Room or Kid's Room, Humidifier Filters Optional, Hello Kitty</p><p> -10% 0FF </p><p>$53.99</p><a href="https://www.amazon.com/dp/B000MR4IX6?tag=eloabder-20&linkCode=osi&th=1&psc=1">View Product</a></div><div class="product"><a href="https://www.amazon.com/dp/B001ADL1SG?tag=eloabder-20&linkCode=osi&th=1&psc=1"><img src="https://m.media-amazon.com/images/I/31jxnLUt3iL._SL500_.jpg" alt="Product Image"></a><p>Crane Ultrasonic Cool Mist Humidifier for Bedroom, Baby Nursery, Kids Room, Plants, or Office, Large 1 Gallon Tank, Filter Optional, Blue and White</p><p> -25% 0FF </p><p>$44.99</p><a href="https://www.amazon.com/dp/B001ADL1SG?tag=eloabder-20&linkCode=osi&th=1&psc=1">View Product</a></div><div class="product"><a href="https://www.amazon.com/dp/B089QWNQXC?tag=eloabder-20&linkCode=osi&th=1&psc=1"><img src="https://m.media-amazon.com/images/I/31SHRor76xL._SL500_.jpg" alt="Product Image"></a><p>Dr. Brown's All-in-One Sterilizer and Dryer for Baby Bottles, Parts & Other Newborn Essentials</p><p> -28% 0FF </p><p>$57.99</p><a href="https://www.amazon.com/dp/B089QWNQXC?tag=eloabder-20&linkCode=osi&th=1&psc=1">View Product</a></div><div class="product"><a href="https://www.amazon.com/dp/B008KJEYLO?tag=eloabder-20&linkCode=osi&th=1&psc=1"><img src="https://m.media-amazon.com/images/I/516vqHBFtxL._SL500_.jpg" alt="Product Image"></a><p>WaterWipes Plastic-Free Original Baby Wipes, 99.9% Water Based Wipes, Unscented & Hypoallergenic for Sensitive Skin, 60 Count (Pack of 12), Packaging May Vary</p><p> -13% 0FF </p><p>$39.97 ($5.55 / 100 Count)</p><a href="https://www.amazon.com/dp/B008KJEYLO?tag=eloabder-20&linkCode=osi&th=1&psc=1">View Product</a></div><div class="product"><a href="https://www.amazon.com/dp/B094YK9MB1?tag=eloabder-20&linkCode=osi&th=1&psc=1"><img src="https://m.media-amazon.com/images/I/31h+m99qpwL._SL500_.jpg" alt="Product Image"></a><p>Westinghouse 28-inch Cool Mist Ultrasonic Tower Humidifier, 6L Top Fill Air Humidifier with Essential Oil Diffuser, Adjustable Mist Volume for Large Bedrooms</p><p> -50% 0FF </p><p>$59.99</p><a href="https://www.amazon.com/dp/B094YK9MB1?tag=eloabder-20&linkCode=osi&th=1&psc=1">View Product</a></div>
<div class="product"><a href="https://www.amazon.com/dp/B0961KZ9X2?tag=eloabder-20&linkCode=osi&th=1&psc=1"><img src="https://m.media-amazon.com/images/I/41AUjJ8u93S._SL500_.jpg" alt="Product Image"></a><p>Philips Avent Anti-Colic Baby Bottle with AirFree Vent, 9oz, 4pk, Clear, SCY703/04</p><p> -20% 0FF </p><p>$23.99</p><a href="https://www.amazon.com/dp/B0961KZ9X2?tag=eloabder-20&linkCode=osi&th=1&psc=1">View Product</a></div><div class="product"><a href="https://www.amazon.com/dp/B00K5KVC52?tag=eloabder-20&linkCode=osi&th=1&psc=1"><img src="https://m.media-amazon.com/images/I/411dDDTfnQL._SL500_.jpg" alt="Product Image"></a><p>Tommee Tippee Natural Start Anti-Colic BPA Free Baby Bottles, 9oz, Slow-Flow Breast-Like Nipple for a Natural Latch, Designed for Seamless Transitions Between Bottle and Breast, Fiesta, Pack of 6</p><p> -44% 0FF </p><p>$23.97</p><a href="https://www.amazon.com/dp/B00K5KVC52?tag=eloabder-20&linkCode=osi&th=1&psc=1">View Product</a></div><div class="product"><a href="https://www.amazon.com/dp/B00H0DH2NS?tag=eloabder-20&linkCode=osi&th=1&psc=1"><img src="https://m.media-amazon.com/images/I/41-a1Bfp4SL._SL500_.jpg" alt="Product Image"></a><p>Lansinoh Anti-Colic Baby Bottles for Breastfeeding Babies, 5 Ounces, 3 Count, Includes 3 Slow Flow Nipples, Size S</p><p> -25% 0FF </p><p>$14.99</p><a href="https://www.amazon.com/dp/B00H0DH2NS?tag=eloabder-20&linkCode=osi&th=1&psc=1">View Product</a></div><div class="product"><a href="https://www.amazon.com/dp/B07M6QQP9Z?tag=eloabder-20&linkCode=osi&th=1&psc=1"><img src="https://m.media-amazon.com/images/I/41DGyuAuyJL._SL500_.jpg" alt="Product Image"></a><p>Dr. Brown's Natural Flow Anti-Colic Options+ Wide-Neck Glass Baby Bottles 5 oz/150 mL, with Level 1 Slow Flow Nipple, 3 Pack, 0m+</p><p> -17% 0FF </p><p>$23.99</p><a href="https://www.amazon.com/dp/B07M6QQP9Z?tag=eloabder-20&linkCode=osi&th=1&psc=1">View Product</a></div>
<div class="product"><a href="https://www.amazon.com/dp/B00MN6IGPK?tag=eloabder-20&linkCode=osi&th=1&psc=1"><img src="https://m.media-amazon.com/images/I/41QKUlWUujL._SL500_.jpg" alt="Product Image"></a><p>Pioneer Photo Albums DA-200COLB/B 200-Pocket Embossed Baby Leatherette Frame Cover Album for 4 by 6-Inch Prints, Blue</p><p> -20% 0FF </p><p>$13.58</p><a href="https://www.amazon.com/dp/B00MN6IGPK?tag=eloabder-20&linkCode=osi&th=1&psc=1">View Product</a></div><div class="product"><a href="https://www.amazon.com/dp/B09G9LD7MR?tag=eloabder-20&linkCode=osi&th=1&psc=1"><img src="https://m.media-amazon.com/images/I/41G9dvP0dRL._SL500_.jpg" alt="Product Image"></a><p>Holoary Baby Photo Album 4” x 6” 160 Photos, Newborn Baby Keepsake Gifts for Baby Boy/Girl and New Parents, Woodland Animals Design</p><p> -15% 0FF </p><p>$16.99</p><a href="https://www.amazon.com/dp/B09G9LD7MR?tag=eloabder-20&linkCode=osi&th=1&psc=1">View Product</a></div>
<div class="product"><a href="https://www.amazon.com/dp/B099FM4W4H?tag=eloabder-20&linkCode=osi&th=1&psc=1"><img src="https://m.media-amazon.com/images/I/41oW5RAdkOL._SL500_.jpg" alt="Product Image"></a><p>Frida Baby 4-in-1 Grow-with-Me Baby Bathtub, Baby Tub for Newborns to Toddler with Removable Bath Seat & Backrest for Bath Support in Tub</p><p> -9% 0FF </p><p>$49.97</p><a href="https://www.amazon.com/dp/B099FM4W4H?tag=eloabder-20&linkCode=osi&th=1&psc=1">View Product</a></div><div class="product"><a href="https://www.amazon.com/dp/B008VWVS14?tag=eloabder-20&linkCode=osi&th=1&psc=1"><img src="https://m.media-amazon.com/images/I/41SmMRWIinL._SL500_.jpg" alt="Product Image"></a><p>Angelcare Baby Bath Support (Aqua) | Ideal for Babies Less than 6 Months Old</p><p> -33% 0FF </p><p>$19.99</p><a href="https://www.amazon.com/dp/B008VWVS14?tag=eloabder-20&linkCode=osi&th=1&psc=1">View Product</a></div><div class="product"><a href="https://www.amazon.com/dp/B0856SSQ1X?tag=eloabder-20&linkCode=osi&th=1&psc=1"><img src="https://m.media-amazon.com/images/I/31uBL4LsJbL._SL500_.jpg" alt="Product Image"></a><p>Fisher-Price Baby to Toddler Bath 4-in-1 Sling ‘n Seat Tub with Removable Infant Support and 2 Toys, Pacific Pebble</p><p> -11% 0FF </p><p>$39.99</p><a href="https://www.amazon.com/dp/B0856SSQ1X?tag=eloabder-20&linkCode=osi&th=1&psc=1">View Product</a></div><div class="product"><a href="https://www.amazon.com/dp/B0BFVBMM2Y?tag=eloabder-20&linkCode=osi&th=1&psc=1"><img src="https://m.media-amazon.com/images/I/31HpHQ7IjxL._SL500_.jpg" alt="Product Image"></a><p>The First Years Renewed Baby Bath Tub - Newborn to Toddler 3-in-1 Baby Tub with Removable Sling - Made with 50% Recycled Material - 0 to 25 LBs</p><p> -10% 0FF </p><p>$26.99</p><a href="https://www.amazon.com/dp/B0BFVBMM2Y?tag=eloabder-20&linkCode=osi&th=1&psc=1">View Product</a></div><div class="product"><a href="https://www.amazon.com/dp/B08XYFMK8K?tag=eloabder-20&linkCode=osi&th=1&psc=1"><img src="https://m.media-amazon.com/images/I/41pzMRjTbyS._SL500_.jpg" alt="Product Image"></a><p>The First Years Rain Shower Baby Bathtub — Baby Spa for Newborn to Toddler — includes Convertible Bathtub and Sling with Soothing Spray — Baby Bath Essentials</p><p> -20% 0FF </p><p>$69.99</p><a href="https://www.amazon.com/dp/B08XYFMK8K?tag=eloabder-20&linkCode=osi&th=1&psc=1">View Product</a></div>
<div class="product"><a href="https://www.amazon.com/dp/B08GFCX964?tag=eloabder-20&linkCode=osi&th=1&psc=1"><img src="https://m.media-amazon.com/images/I/41WRO-OeUjL._SL500_.jpg" alt="Product Image"></a><p>PandaEar Set of 3 Silicone Baby Bibs Waterproof, Soft, Unisex, 10-72 Months (Brown/Blue/Green)</p><p> -27% 0FF </p><p>$8.45</p><a href="https://www.amazon.com/dp/B08GFCX964?tag=eloabder-20&linkCode=osi&th=1&psc=1">View Product</a></div><div class="product"><a href="https://www.amazon.com/dp/B0B152XRC4?tag=eloabder-20&linkCode=osi&th=1&psc=1"><img src="https://m.media-amazon.com/images/I/51OYlHgekxL._SL500_.jpg" alt="Product Image"></a><p>8-Pack Organic Baby Bibs for Boys, Girls - Soft Cotton Drooling and Teething Baby Bibs, Baby Girl Bibs, Baby Boy Bibs, Baby Drool Bibs for Baby Girl, Boy, Newborn Infant Bibs (Sweet Charm)</p><p> -39% 0FF </p><p>$16.96</p><a href="https://www.amazon.com/dp/B0B152XRC4?tag=eloabder-20&linkCode=osi&th=1&psc=1">View Product</a></div>
<div class="product"><a href="https://www.amazon.com/dp/B01CJABFKM?tag=eloabder-20&linkCode=osi&th=1&psc=1"><img src="https://m.media-amazon.com/images/I/41Cy6DIfuuL._SL500_.jpg" alt="Product Image"></a><p>Custom Catch Personalized Baby Blanket for Boys - Blue</p><p> -27% 0FF </p><p>$21.94</p><a href="https://www.amazon.com/dp/B01CJABFKM?tag=eloabder-20&linkCode=osi&th=1&psc=1">View Product</a></div><div class="product"><a href="https://www.amazon.com/dp/B098NY9KW8?tag=eloabder-20&linkCode=osi&th=1&psc=1"><img src="https://m.media-amazon.com/images/I/41k5gWkxQgL._SL500_.jpg" alt="Product Image"></a><p>Momcozy Muslin Swaddle Blankets, Swaddle Blanket for Baby Boys and Girls, 4-Pack Breathable and Skin-Friendly Baby Receiving Blankets Swaddle Wrap, Baby Essentials, Registry & Gift, 47 x 47 inches</p><p> -40% 0FF </p><p>$29.99</p><a href="https://www.amazon.com/dp/B098NY9KW8?tag=eloabder-20&linkCode=osi&th=1&psc=1">View Product</a></div><div class="product"><a href="https://www.amazon.com/dp/B0CNPDMD1R?tag=eloabder-20&linkCode=osi&th=1&psc=1"><img src="https://m.media-amazon.com/images/I/41P19H8j35L._SL500_.jpg" alt="Product Image"></a><p>Yurhap Fleece Baby Blanket Heart Checkered Blanket, Ultra Soft Cozy Baby Blankets for Girls Boys, Fluffy Infant Toddler Newborn Receiving Blankets for Crib Stroller 30”×40” (Light Pink)</p><p> -33% 0FF </p><p>$9.99</p><a href="https://www.amazon.com/dp/B0CNPDMD1R?tag=eloabder-20&linkCode=osi&th=1&psc=1">View Product</a></div><div class="product"><a href="https://www.amazon.com/dp/B0B3J7RYTF?tag=eloabder-20&linkCode=osi&th=1&psc=1"><img src="https://m.media-amazon.com/images/I/41xEsOQY4yL._SL500_.jpg" alt="Product Image"></a><p>Konssy Waffle Baby Blankets, Nursery Blankets for Boys Girls, Swaddle Blankets Neutral Soft Lightweight Toddler and Kids Throw Blankets(Oat)</p><p> -23% 0FF </p><p>$22.99</p><a href="https://www.amazon.com/dp/B0B3J7RYTF?tag=eloabder-20&linkCode=osi&th=1&psc=1">View Product</a></div><div class="product"><a href="https://www.amazon.com/dp/B0BD6TPYXR?tag=eloabder-20&linkCode=osi&th=1&psc=1"><img src="https://m.media-amazon.com/images/I/51SPJrzTpKL._SL500_.jpg" alt="Product Image"></a><p>Konssy Baby Blankets for Unisex Boys Girls, Super Soft Nursery Minky Blankets with Muslin Cotton Front and Dotted Fleece Backing, Printed Bed Throws Newborn</p><p> -10% 0FF </p><p>$18.99</p><a href="https://www.amazon.com/dp/B0BD6TPYXR?tag=eloabder-20&linkCode=osi&th=1&psc=1">View Product</a></div>
<div class="product"><a href="https://www.amazon.com/dp/B081FTXL88?tag=eloabder-20&linkCode=osi&th=1&psc=1"><img src="https://m.media-amazon.com/images/I/31S6fvevhIL._SL500_.jpg" alt="Product Image"></a><p>Munchkin® Bristle™ Bottle Brush, Grey</p><p> -23% 0FF </p><p>$4.47</p><a href="https://www.amazon.com/dp/B081FTXL88?tag=eloabder-20&linkCode=osi&th=1&psc=1">View Product</a></div><div class="product"><a href="https://www.amazon.com/dp/B082PZ44M9?tag=eloabder-20&linkCode=osi&th=1&psc=1"><img src="https://m.media-amazon.com/images/I/21NI5khXnaL._SL500_.jpg" alt="Product Image"></a><p>Boon Cacti Bottle Cleaning Brush Set - Includes Bottle Brush, Nipple Brush, Detail Brush, and Straw Brush - Baby Bottle Brush Set for Bottle Drying Rack - Baby Essentials - 4 Count</p><p> -12% 0FF </p><p>$13.49</p><a href="https://www.amazon.com/dp/B082PZ44M9?tag=eloabder-20&linkCode=osi&th=1&psc=1">View Product</a></div><div class="product"><a href="https://www.amazon.com/dp/B0CQKF5CWS?tag=eloabder-20&linkCode=osi&th=1&psc=1"><img src="https://m.media-amazon.com/images/I/31RoBDDbg3L._SL500_.jpg" alt="Product Image"></a><p>Munchkin® Bristle™ Bottle Brush, Modern Design, Grey</p><p> -23% 0FF </p><p>$4.47</p><a href="https://www.amazon.com/dp/B0CQKF5CWS?tag=eloabder-20&linkCode=osi&th=1&psc=1">View Product</a></div><div class="product"><a href="https://www.amazon.com/dp/B01968GERY?tag=eloabder-20&linkCode=osi&th=1&psc=1"><img src="https://m.media-amazon.com/images/I/21rubIV8FNL._SL500_.jpg" alt="Product Image"></a><p>NUK Triple Action Baby Bottle & Nipple Brush, 3 Powerful Cleaning Materials - Bristles, Sponge, & Scruber, Non-Slip Handle, Odor Resistant, Top Rack Dishwasher Safe</p><p> -54% 0FF </p><p>$4.49</p><a href="https://www.amazon.com/dp/B01968GERY?tag=eloabder-20&linkCode=osi&th=1&psc=1">View Product</a></div>
<div class="product"><a href="https://www.amazon.com/dp/B09CGTPJSL?tag=eloabder-20&linkCode=osi&th=1&psc=1"><img src="https://m.media-amazon.com/images/I/31O1L+MYMxL._SL500_.jpg" alt="Product Image"></a><p>Baby Bottle Sterilizer | Esterilizador de Biberones, 6-in-1 HAUTURE Bottle Sterilizer and Dryer, Electric Steam Bottle Sanitizer for Baby Stuffs, Baby Bottles & Breast Pump Accessories</p><p> -10% 0FF </p><p>$69.98</p><a href="https://www.amazon.com/dp/B09CGTPJSL?tag=eloabder-20&linkCode=osi&th=1&psc=1">View Product</a></div><div class="product"><a href="https://www.amazon.com/dp/B007VBXKG2?tag=eloabder-20&linkCode=osi&th=1&psc=1"><img src="https://m.media-amazon.com/images/I/315F64OEQHL._SL500_.jpg" alt="Product Image"></a><p>Philips AVENT Microwave Steam Sterilizer for Baby Bottles, Pacifiers, Cups and More, SCF281/05</p><p> -29% 0FF </p><p>$22.79</p><a href="https://www.amazon.com/dp/B007VBXKG2?tag=eloabder-20&linkCode=osi&th=1&psc=1">View Product</a></div><div class="product"><a href="https://www.amazon.com/dp/B09HJDX5S6?tag=eloabder-20&linkCode=osi&th=1&psc=1"><img src="https://m.media-amazon.com/images/I/41rjM6KCAmL._SL500_.jpg" alt="Product Image"></a><p>Baby Brezza Bottle Sterilizer and Dryer Advanced – Electric Steam Sterilization Machine Universal Sterilizing for All Bottles: Plastic + Glass Pacifiers Breast Pump Parts - HEPA Filtration</p><p> -15% 0FF </p><p>$118.99</p><a href="https://www.amazon.com/dp/B09HJDX5S6?tag=eloabder-20&linkCode=osi&th=1&psc=1">View Product</a></div><div class="product"><a href="https://www.amazon.com/dp/B0D474DSB6?tag=eloabder-20&linkCode=osi&th=1&psc=1"><img src="https://m.media-amazon.com/images/I/41p78Of58KL._SL500_.jpg" alt="Product Image"></a><p>Bottle Sterilizer and Dryer, HIYAKOI Electric Steam Baby Bottle Sterilizer and Dryer, All-in-One Sterilizer 2 Layers Large for Baby Bottles, Parts & Other Newborn Essentials - HEPA Filtration</p><p> -38% 0FF </p><p>$49.99</p><a href="https://www.amazon.com/dp/B0D474DSB6?tag=eloabder-20&linkCode=osi&th=1&psc=1">View Product</a></div><div class="product"><a href="https://www.amazon.com/dp/B0CQQFFQKJ?tag=eloabder-20&linkCode=osi&th=1&psc=1"><img src="https://m.media-amazon.com/images/I/41tQNekOelL._SL500_.jpg" alt="Product Image"></a><p>Momcozy Bottle Sterilizer and Dryer, 8-in-1 Electric Steam Baby Bottle Sterilizer for Baby Bottles, Baby stuffs & Breast Pump Accessories</p><p> -36% 0FF </p><p>$63.99</p><a href="https://www.amazon.com/dp/B0CQQFFQKJ?tag=eloabder-20&linkCode=osi&th=1&psc=1">View Product</a></div><div class="product"><a href="https://www.amazon.com/dp/B09HH7HSGV?tag=eloabder-20&linkCode=osi&th=1&psc=1"><img src="https://m.media-amazon.com/images/I/31tOSRxwFYL._SL500_.jpg" alt="Product Image"></a><p>GROWNSY Bottle Sterilizer and Dryer, 2024 Compact Electric Steam Baby Bottle Sterilizer (Esterilizador de Biberones), Bottle Sanitizer for Baby Bottles, Pacifiers, Pump Parts</p><p> -33% 0FF </p><p>$59.99</p><a href="https://www.amazon.com/dp/B09HH7HSGV?tag=eloabder-20&linkCode=osi&th=1&psc=1">View Product</a></div>
<div class="product"><a href="https://www.amazon.com/dp/B07G4KBQJ7?tag=eloabder-20&linkCode=osi&th=1&psc=1"><img src="https://m.media-amazon.com/images/I/41WM4mOjQiL._SL500_.jpg" alt="Product Image"></a><p>Evenflo Feeding Classic Tinted Plastic Standard Neck Bottles for Baby, Infant and Newborn, Pink/Lavender/Teal, 8 Ounce (Pack of 12)</p><p> -27% 0FF </p><p>$10.19</p><a href="https://www.amazon.com/dp/B07G4KBQJ7?tag=eloabder-20&linkCode=osi&th=1&psc=1">View Product</a></div><div class="product"><a href="https://www.amazon.com/dp/B00N9X4YZW?tag=eloabder-20&linkCode=osi&th=1&psc=1"><img src="https://m.media-amazon.com/images/I/51kDCJ8oQmL._SL500_.jpg" alt="Product Image"></a><p>Evenflo Feeding Classic Tinted Plastic Standard Neck Bottles for Baby, Infant and Newborn - Teal/Green/Blue, 8 Ounce (Pack of 12)</p><p> -31% 0FF </p><p>$9.68</p><a href="https://www.amazon.com/dp/B00N9X4YZW?tag=eloabder-20&linkCode=osi&th=1&psc=1">View Product</a></div><div class="product"><a href="https://www.amazon.com/dp/B07DCQKC33?tag=eloabder-20&linkCode=osi&th=1&psc=1"><img src="https://m.media-amazon.com/images/I/41jfe6zVMgL._SL500_.jpg" alt="Product Image"></a><p>Dr. Brown's Anti-Colic Baby Feeding Set with Slow Flow Nipples, Travel Caps, Silicone Pacifier - Pink</p><p> -20% 0FF </p><p>$18.41</p><a href="https://www.amazon.com/dp/B07DCQKC33?tag=eloabder-20&linkCode=osi&th=1&psc=1">View Product</a></div>
<div class="product"><a href="https://www.amazon.com/dp/B095F28Q6J?tag=eloabder-20&linkCode=osi&th=1&psc=1"><img src="https://m.media-amazon.com/images/I/311FVQReZOL._SL500_.jpg" alt="Product Image"></a><p>Baby Delight Alpine Deluxe Portable Bouncer, Infant, 0-6 Months, 100% GOTS Certified Cotton Fabrics, Organic Oat</p><p> -22% 0FF </p><p>$69.99</p><a href="https://www.amazon.com/dp/B095F28Q6J?tag=eloabder-20&linkCode=osi&th=1&psc=1">View Product</a></div><div class="product"><a href="https://www.amazon.com/dp/B0BLP5G5FJ?tag=eloabder-20&linkCode=osi&th=1&psc=1"><img src="https://m.media-amazon.com/images/I/41F7YHDOEGL._SL500_.jpg" alt="Product Image"></a><p>Bright Starts Playful Paradise Comfy Baby Bouncer Seat with Soothing Vibration and Toys, Unisex, 0-6 Months</p><p> -26% 0FF </p><p>$22.11</p><a href="https://www.amazon.com/dp/B0BLP5G5FJ?tag=eloabder-20&linkCode=osi&th=1&psc=1">View Product</a></div><div class="product"><a href="https://www.amazon.com/dp/B016DAWD3W?tag=eloabder-20&linkCode=osi&th=1&psc=1"><img src="https://m.media-amazon.com/images/I/31SssXA+BHL._SL500_.jpg" alt="Product Image"></a><p>BabyBjörn Bouncer Balance Soft, Cotton/Jersey, Dark Gray/Gray (005084US)</p><p> -14% 0FF </p><p>$179.99</p><a href="https://www.amazon.com/dp/B016DAWD3W?tag=eloabder-20&linkCode=osi&th=1&psc=1">View Product</a></div><div class="product"><a href="https://www.amazon.com/dp/B07C9ZR2VC?tag=eloabder-20&linkCode=osi&th=1&psc=1"><img src="https://m.media-amazon.com/images/I/41wSBC1+j4L._SL500_.jpg" alt="Product Image"></a><p>Smart Steps Trend EZ Bouncer, Bluebell</p><p> -45% 0FF </p><p>$29.99</p><a href="https://www.amazon.com/dp/B07C9ZR2VC?tag=eloabder-20&linkCode=osi&th=1&psc=1">View Product</a></div>
<div class="product"><a href="https://www.amazon.com/dp/B07XMN3SK6?tag=eloabder-20&linkCode=osi&th=1&psc=1"><img src="https://m.media-amazon.com/images/I/41bHS4nTJ2L._SL500_.jpg" alt="Product Image"></a><p>Infantino Flip 4-in-1 Carrier - Ergonomic for Newborns and Older Babies 8-32 lbs</p><p> -21% 0FF </p><p>$29.99</p><a href="https://www.amazon.com/dp/B07XMN3SK6?tag=eloabder-20&linkCode=osi&th=1&psc=1">View Product</a></div><div class="product"><a href="https://www.amazon.com/dp/B0743L6R1T?tag=eloabder-20&linkCode=osi&th=1&psc=1"><img src="https://m.media-amazon.com/images/I/31ZGsR+w+1L._SL500_.jpg" alt="Product Image"></a><p>Ergobaby Omni 360 All-Position Baby Carrier for Newborn to Toddler with Lumbar Support (7-45 Pounds), Pearl Grey, One Size (Pack of 1)</p><p> -39% 0FF </p><p>$110.00</p><a href="https://www.amazon.com/dp/B0743L6R1T?tag=eloabder-20&linkCode=osi&th=1&psc=1">View Product</a></div><div class="product"><a href="https://www.amazon.com/dp/B0CDQ1XH6W?tag=eloabder-20&linkCode=osi&th=1&psc=1"><img src="https://m.media-amazon.com/images/I/41kAV5NXZBL._SL500_.jpg" alt="Product Image"></a><p>Momcozy Baby Carrier Newborn to Toddler - Ergonomic, Cozy and Lightweight Infant Carrier for 7-44lbs, Effortless to Put On, Ideal for Hands-Free Parenting, Enhanced Lumbar Support, Leopard</p><p> -8% 0FF </p><p>$59.99</p><a href="https://www.amazon.com/dp/B0CDQ1XH6W?tag=eloabder-20&linkCode=osi&th=1&psc=1">View Product</a></div><div class="product"><a href="https://www.amazon.com/dp/B005SP2LWW?tag=eloabder-20&linkCode=osi&th=1&psc=1"><img src="https://m.media-amazon.com/images/I/31fYPOjdFrL._SL500_.jpg" alt="Product Image"></a><p>Boba Baby Wrap Carrier - Original Baby Carrier Wrap Sling for Newborns - Baby Wearing Essentials - Newborn Wrap Swaddle Holder, Newborn to Toddler Infant Sling (Grey)</p><p> -19% 0FF </p><p>$32.49</p><a href="https://www.amazon.com/dp/B005SP2LWW?tag=eloabder-20&linkCode=osi&th=1&psc=1">View Product</a></div><div class="product"><a href="https://www.amazon.com/dp/B098X8WS7Y?tag=eloabder-20&linkCode=osi&th=1&psc=1"><img src="https://m.media-amazon.com/images/I/41az3xS82UL._SL500_.jpg" alt="Product Image"></a><p>Momcozy Baby Wrap Carrier, Easy to Wear Infant Carrier Slings, Lightweight Hands Free Baby Sling, Adjustable Baby Carriers for Newborn to Toddler 8-35 lbs, Black</p><p> -28% 0FF </p><p>$32.99</p><a href="https://www.amazon.com/dp/B098X8WS7Y?tag=eloabder-20&linkCode=osi&th=1&psc=1">View Product</a></div>
<div class="product"><a href="https://www.amazon.com/dp/B01N3MYVZM?tag=eloabder-20&linkCode=osi&th=1&psc=1"><img src="https://m.media-amazon.com/images/I/41CLrlYJDnL._SL500_.jpg" alt="Product Image"></a><p>Graco SlimFit 3-in-1 Convertible Car Seat, Ultra-Space-Saving Design, Darcie, Suitable for Rear and Forward-Facing, Highback Booster Seat with 10-Position Headrest</p><p> -21% 0FF </p><p>$157.99</p><a href="https://www.amazon.com/dp/B01N3MYVZM?tag=eloabder-20&linkCode=osi&th=1&psc=1">View Product</a></div><div class="product"><a href="https://www.amazon.com/dp/B07J37RTPG?tag=eloabder-20&linkCode=osi&th=1&psc=1"><img src="https://m.media-amazon.com/images/I/41fGAx7LcGL._SL500_.jpg" alt="Product Image"></a><p>Graco 4Ever DLX 4-in-1 Car Seat, Grey, Infant to Toddler Car Seat, with 10 Years of Use, Rear-facing, Forward-facing and Booster Modes, Safe, Comfortable and Convenient</p><p> -7% 0FF </p><p>$279.00</p><a href="https://www.amazon.com/dp/B07J37RTPG?tag=eloabder-20&linkCode=osi&th=1&psc=1">View Product</a></div><div class="product"><a href="https://www.amazon.com/dp/B07R9H1JC9?tag=eloabder-20&linkCode=osi&th=1&psc=1"><img src="https://m.media-amazon.com/images/I/41NwO9xrBGL._SL500_.jpg" alt="Product Image"></a><p>Graco Grows4Me 4-in-1 Car Seat, Convertible Infant to Toddler Car Seat and Booster, West Point Design, for 10 Years of Safe, Comfortable Journeys</p><p> -29% 0FF </p><p>$199.99</p><a href="https://www.amazon.com/dp/B07R9H1JC9?tag=eloabder-20&linkCode=osi&th=1&psc=1">View Product</a></div>
<div class="product"><a href="https://www.amazon.com/dp/B08RN8G58P?tag=eloabder-20&linkCode=osi&th=1&psc=1"><img src="https://m.media-amazon.com/images/I/41Qid-FWhYL._SL500_.jpg" alt="Product Image"></a><p>Baby Portable Changing Pad Travel - Waterproof Compact Diaper Changing Mat with Built-in Pillow - Lightweight & Foldable Changing Station, Newborn Shower Gifts</p><p> -29% 0FF </p><p>$9.99</p><a href="https://www.amazon.com/dp/B08RN8G58P?tag=eloabder-20&linkCode=osi&th=1&psc=1">View Product</a></div><div class="product"><a href="https://www.amazon.com/dp/B089XVKJSL?tag=eloabder-20&linkCode=osi&th=1&psc=1"><img src="https://m.media-amazon.com/images/I/51qlzLJHUWL._SL500_.jpg" alt="Product Image"></a><p>Portable Diaper Changing Pad - Waterproof Foldable Baby Changing Mat - Travel Diaper Change Mat - Lightweight Changing Pads for Baby - Baby Changer - Machine Washable (Black Geo)</p><p> -7% 0FF </p><p>$12.96</p><a href="https://www.amazon.com/dp/B089XVKJSL?tag=eloabder-20&linkCode=osi&th=1&psc=1">View Product</a></div><div class="product"><a href="https://www.amazon.com/dp/B08PH9Y6QS?tag=eloabder-20&linkCode=osi&th=1&psc=1"><img src="https://m.media-amazon.com/images/I/21cBsus1AHL._SL500_.jpg" alt="Product Image"></a><p>Regalo Baby Basics Infant Changing Pad, White , 31x16x4 Inch (Pack of 1)</p><p> -33% 0FF </p><p>$19.99</p><a href="https://www.amazon.com/dp/B08PH9Y6QS?tag=eloabder-20&linkCode=osi&th=1&psc=1">View Product</a></div>
<div class="product"><a href="https://www.amazon.com/dp/B07GFNVLS2?tag=eloabder-20&linkCode=osi&th=1&psc=1"><img src="https://m.media-amazon.com/images/I/31T-p4V5gsL._SL500_.jpg" alt="Product Image"></a><p>Gerber Unisex Baby Multi-Pack Long-Sleeve Onesies Bodysuit Mitten Cuff Sizes 6-Pack Mitten Cuff 0-3 Months</p><p> -12% 0FF </p><p>$15.81</p><a href="https://www.amazon.com/dp/B07GFNVLS2?tag=eloabder-20&linkCode=osi&th=1&psc=1">View Product</a></div><div class="product"><a href="https://www.amazon.com/dp/B0CP3NQCN3?tag=eloabder-20&linkCode=osi&th=1&psc=1"><img src="https://m.media-amazon.com/images/I/41MpsB3rYcL._SL500_.jpg" alt="Product Image"></a><p>Kaipiclos Newborn Infant Girl Clothes Rib Knit Romper Daisy Print Pants Headband Baby Clothes for Girls 0 3 6 12 18 24 Months</p><p> -10% 0FF </p><p>$14.99</p><a href="https://www.amazon.com/dp/B0CP3NQCN3?tag=eloabder-20&linkCode=osi&th=1&psc=1">View Product</a></div><div class="product"><a href="https://www.amazon.com/dp/B0D88Z7VLZ?tag=eloabder-20&linkCode=osi&th=1&psc=1"><img src="https://m.media-amazon.com/images/I/41Au0yzblbL._SL500_.jpg" alt="Product Image"></a><p>Burt's Bees Baby Baby Boys Pajamas, Sleep and Play Loose Fit, 100% Organic Cotton, Soft One-piece PJs, Diagonal Zip Up Jumpsuit Newborn Essentials with Interior Zipper Guard in sizes NB to 6-9 Months</p><p> -49% 0FF </p><p>$7.60</p><a href="https://www.amazon.com/dp/B0D88Z7VLZ?tag=eloabder-20&linkCode=osi&th=1&psc=1">View Product</a></div>
<div class="product"><a href="https://www.amazon.com/dp/B002FQK8IQ?tag=eloabder-20&linkCode=osi&th=1&psc=1"><img src="https://m.media-amazon.com/images/I/41WTSrhkJ4L._SL500_.jpg" alt="Product Image"></a><p>Safety 1st Easy Grip Brush and Comb, Colors May Vary</p><p> -23% 0FF </p><p>$4.59</p><a href="https://www.amazon.com/dp/B002FQK8IQ?tag=eloabder-20&linkCode=osi&th=1&psc=1">View Product</a></div><div class="product"><a href="https://www.amazon.com/dp/B07T16DQ31?tag=eloabder-20&linkCode=osi&th=1&psc=1"><img src="https://m.media-amazon.com/images/I/41Grt+V3Q7L._SL500_.jpg" alt="Product Image"></a><p>Frida Baby The 3-Step Cradle Cap System, DermaFrida The FlakeFixer, Sponge, Brush, Comb and Storage Stand for Babies with Cradle Cap, White-Blue</p><p> -15% 0FF </p><p>$14.44</p><a href="https://www.amazon.com/dp/B07T16DQ31?tag=eloabder-20&linkCode=osi&th=1&psc=1">View Product</a></div>
<div class="product"><a href="https://www.amazon.com/dp/B071K5T5Q2?tag=eloabder-20&linkCode=osi&th=1&psc=1"><img src="https://m.media-amazon.com/images/I/21rvQFmQBLL._SL500_.jpg" alt="Product Image"></a><p>The Honest Company Silicone-Free Conditioner | Gentle for Baby | Naturally Derived, Tear-free, Hypoallergenic | Fragrance Free Sensitive, 10 fl oz</p><p> -16% 0FF </p><p>$10.10 ($1.01 / Fl Oz)</p><a href="https://www.amazon.com/dp/B071K5T5Q2?tag=eloabder-20&linkCode=osi&th=1&psc=1">View Product</a></div><div class="product"><a href="https://www.amazon.com/dp/B07DGJ57P7?tag=eloabder-20&linkCode=osi&th=1&psc=1"><img src="https://m.media-amazon.com/images/I/31AEfjD6FyL._SL500_.jpg" alt="Product Image"></a><p>Johnson's Baby No More Tangles 2-in-1 Detangling Hair Shampoo & Conditioner for Kids & Toddlers, Gentle & Tear-Free, Hypoallergenic & Free of Parabens, Phthalates, Sulfates & Dyes, 20.3 fl. oz</p><p> -7% 0FF </p><p>$6.29 ($0.31 / Fl Oz)</p><a href="https://www.amazon.com/dp/B07DGJ57P7?tag=eloabder-20&linkCode=osi&th=1&psc=1">View Product</a></div><div class="product"><a href="https://www.amazon.com/dp/B07S89SL7D?tag=eloabder-20&linkCode=osi&th=1&psc=1"><img src="https://m.media-amazon.com/images/I/313C69-mF6L._SL500_.jpg" alt="Product Image"></a><p>Johnson's Baby Curl Defining Tear-Free Kids' Leave-in Conditioner with Shea Butter, Paraben-, Sulfate- & Dye-Free Formula, Hypoallergenic & Gentle for Toddlers' Hair, 6.8 fl. Oz</p><p> -28% 0FF </p><p>$6.11 ($0.90 / Fl Oz)</p><a href="https://www.amazon.com/dp/B07S89SL7D?tag=eloabder-20&linkCode=osi&th=1&psc=1">View Product</a></div><div class="product"><a href="https://www.amazon.com/dp/B07S7BPB2Q?tag=eloabder-20&linkCode=osi&th=1&psc=1"><img src="https://m.media-amazon.com/images/I/31DemfdZoNL._SL500_.jpg" alt="Product Image"></a><p>Johnson's Baby Shiny & Soft Tear-Free Kids' Hair Conditioning Spray with Argan Oil & Silk Proteins, Paraben, Sulfate & Dye-Free Formula, Hypoallergenic & Gentle for Toddlers, 10 Fl Oz</p><p> -33% 0FF </p><p>$5.66 ($0.57 / Fl Oz)</p><a href="https://www.amazon.com/dp/B07S7BPB2Q?tag=eloabder-20&linkCode=osi&th=1&psc=1">View Product</a></div><div class="product"><a href="https://www.amazon.com/dp/B0CJP91HN7?tag=eloabder-20&linkCode=osi&th=1&psc=1"><img src="https://m.media-amazon.com/images/I/41Z4G7wsFWL._SL500_.jpg" alt="Product Image"></a><p>ECOLATIÈR Kids Hair Balm Easy Detangling 3+ - Toddler Hair Conditioner, Tear-Free, 96.8% Natural, Vegan, Strengthens & Softens Kids' Hair, No Irritation - 8.5 Fl Oz</p><p> -14% 0FF </p><p>$9.49 ($1.12 / Ounce)</p><a href="https://www.amazon.com/dp/B0CJP91HN7?tag=eloabder-20&linkCode=osi&th=1&psc=1">View Product</a></div>
<div class="product"><a href="https://www.amazon.com/dp/B07Y3WQHZ6?tag=eloabder-20&linkCode=osi&th=1&psc=1"><img src="https://m.media-amazon.com/images/I/41Ai-kbx6LL._SL500_.jpg" alt="Product Image"></a><p>Delta Children Essex 4-in-1 Convertible Baby Crib, Bianca White with Natural Legs</p><p> -34% 0FF </p><p>$145.96</p><a href="https://www.amazon.com/dp/B07Y3WQHZ6?tag=eloabder-20&linkCode=osi&th=1&psc=1">View Product</a></div><div class="product"><a href="https://www.amazon.com/dp/B00LFP61PW?tag=eloabder-20&linkCode=osi&th=1&psc=1"><img src="https://m.media-amazon.com/images/I/41jj-ehw-vL._SL500_.jpg" alt="Product Image"></a><p>Graco Benton 5-in-1 Convertible Crib (White) – GREENGUARD Gold Certified, Converts from Baby Crib to Toddler Bed, Daybed and Full-Size Bed, Fits Standard Full-Size Crib Mattress</p><p> -20% 0FF </p><p>$159.99</p><a href="https://www.amazon.com/dp/B00LFP61PW?tag=eloabder-20&linkCode=osi&th=1&psc=1">View Product</a></div><div class="product"><a href="https://www.amazon.com/dp/B00EANJX5Q?tag=eloabder-20&linkCode=osi&th=1&psc=1"><img src="https://m.media-amazon.com/images/I/41+kxqP4icL._SL500_.jpg" alt="Product Image"></a><p>Dream On Me Synergy 5-In-1 Convertible Crib In White, Greenguard Gold Certified</p><p> -31% 0FF </p><p>$137.20</p><a href="https://www.amazon.com/dp/B00EANJX5Q?tag=eloabder-20&linkCode=osi&th=1&psc=1">View Product</a></div><div class="product"><a href="https://www.amazon.com/dp/B08D4N5RKW?tag=eloabder-20&linkCode=osi&th=1&psc=1"><img src="https://m.media-amazon.com/images/I/41sUNWg3sBL._SL500_.jpg" alt="Product Image"></a><p>Graco Hadley 5-in-1 Convertible Crib and Changer with Drawer (White) – GREENGUARD Gold Certified, Crib and Changing -Table Combo with Drawer, Includes Baby Changing Pad, Converts to Full-Size Bed</p><p> -18% 0FF </p><p>$359.99</p><a href="https://www.amazon.com/dp/B08D4N5RKW?tag=eloabder-20&linkCode=osi&th=1&psc=1">View Product</a></div><div class="product"><a href="https://www.amazon.com/dp/B08PMJBN33?tag=eloabder-20&linkCode=osi&th=1&psc=1"><img src="https://m.media-amazon.com/images/I/416ZYsREZOL._SL500_.jpg" alt="Product Image"></a><p>Oxford Baby North Bay 4-in-1 Convertible Baby Crib, Dove Gray, GreenGuard Gold Certified</p><p> -18% 0FF </p><p>$188.09</p><a href="https://www.amazon.com/dp/B08PMJBN33?tag=eloabder-20&linkCode=osi&th=1&psc=1">View Product</a></div><div class="product"><a href="https://www.amazon.com/dp/B078WTVBVW?tag=eloabder-20&linkCode=osi&th=1&psc=1"><img src="https://m.media-amazon.com/images/I/41NpHX4YnfL._SL500_.jpg" alt="Product Image"></a><p>Dream On Me Jayden 4-in-1 Mini Convertible Crib And Changer in Storm Grey, Greenguard Gold Certified, Non-Toxic Finish, New Zealand Pinewood, 1" Mattress Pad</p><p> -35% 0FF </p><p>$259.99</p><a href="https://www.amazon.com/dp/B078WTVBVW?tag=eloabder-20&linkCode=osi&th=1&psc=1">View Product</a></div>
<div class="product"><a href="https://www.amazon.com/dp/B01M4QMQ4B?tag=eloabder-20&linkCode=osi&th=1&psc=1"><img src="https://m.media-amazon.com/images/I/317ardc5Y-L._SL500_.jpg" alt="Product Image"></a><p>The Honest Company 2-in-1 Cleansing Shampoo + Body Wash | Gentle for Baby | Naturally Derived, Tear-free, Hypoallergenic | Lavender Calm, 10 fl oz</p><p> -8% 0FF </p><p>$10.99 ($1.10 / Fl Oz)</p><a href="https://www.amazon.com/dp/B01M4QMQ4B?tag=eloabder-20&linkCode=osi&th=1&psc=1">View Product</a></div><div class="product"><a href="https://www.amazon.com/dp/B09MVMNW5M?tag=eloabder-20&linkCode=osi&th=1&psc=1"><img src="https://m.media-amazon.com/images/I/41GDxpQsmOL._SL500_.jpg" alt="Product Image"></a><p>Cetaphil Baby Wash & Shampoo, 13.5oz Pack of 2, Hypoallergenic, Gentle Enough for Everyday Use, Soap Free</p><p> -10% 0FF </p><p>$16.99</p><a href="https://www.amazon.com/dp/B09MVMNW5M?tag=eloabder-20&linkCode=osi&th=1&psc=1">View Product</a></div><div class="product"><a href="https://www.amazon.com/dp/B0CZY44GD2?tag=eloabder-20&linkCode=osi&th=1&psc=1"><img src="https://m.media-amazon.com/images/I/31Gh3bZjFXL._SL500_.jpg" alt="Product Image"></a><p>Aveeno Baby Healthy Start Nourishing Newborn Wash, Hypoallergenic Baby Body Wash with Prebiotic Oat Gently Cleanses Delicate Newborn Skin, Fragrance-Free, Tear-Free, Paraben-Free, 8 fl. oz</p><p> -21% 0FF </p><p>$7.01 ($0.88 / Fl Oz)</p><a href="https://www.amazon.com/dp/B0CZY44GD2?tag=eloabder-20&linkCode=osi&th=1&psc=1">View Product</a></div>
<div class="product"><a href="https://www.amazon.com/dp/B07M6FL57T?tag=eloabder-20&linkCode=osi&th=1&psc=1"><img src="https://m.media-amazon.com/images/I/51iE4BjVpYL._SL500_.jpg" alt="Product Image"></a><p>Huggies Newborn Diapers, Little Snugglers Baby Diapers, Size Newborn (up to 10 lbs), 31 Count</p><p> -19% 0FF </p><p>$9.94 ($0.32 / Count)</p><a href="https://www.amazon.com/dp/B07M6FL57T?tag=eloabder-20&linkCode=osi&th=1&psc=1">View Product</a></div><div class="product"><a href="https://www.amazon.com/dp/B0CHGCDYJJ?tag=eloabder-20&linkCode=osi&th=1&psc=1"><img src="https://m.media-amazon.com/images/I/41csgXalIEL._SL500_.jpg" alt="Product Image"></a><p>Huggies Size Newborn Diapers, Skin Essentials Baby Diapers, Size Newborn (6-9 lbs), 31 Count</p><p> -19% 0FF </p><p>$9.94 ($0.32 / Count)</p><a href="https://www.amazon.com/dp/B0CHGCDYJJ?tag=eloabder-20&linkCode=osi&th=1&psc=1">View Product</a></div><div class="product"><a href="https://www.amazon.com/dp/B082QBHW74?tag=eloabder-20&linkCode=osi&th=1&psc=1"><img src="https://m.media-amazon.com/images/I/41z+Jw1td2L._SL500_.jpg" alt="Product Image"></a><p>Pampers Pure Protection Diapers Newborn - Size 0, 76 Count, Hypoallergenic Premium Disposable Baby Diapers</p><p> -19% 0FF </p><p>$22.79 ($0.30 / Count)</p><a href="https://www.amazon.com/dp/B082QBHW74?tag=eloabder-20&linkCode=osi&th=1&psc=1">View Product</a></div><div class="product"><a href="https://www.amazon.com/dp/B07M6FL9V2?tag=eloabder-20&linkCode=osi&th=1&psc=1"><img src="https://m.media-amazon.com/images/I/51JPrk+N-RL._SL500_.jpg" alt="Product Image"></a><p>Huggies Size 4 Diapers, Little Movers Baby Diapers, Size 4 (22-37 lbs), 22 Count (Packaging May Vary)</p><p> -19% 0FF </p><p>$9.94 ($0.45 / Count)</p><a href="https://www.amazon.com/dp/B07M6FL9V2?tag=eloabder-20&linkCode=osi&th=1&psc=1">View Product</a></div><div class="product"><a href="https://www.amazon.com/dp/B07T2QM32L?tag=eloabder-20&linkCode=osi&th=1&psc=1"><img src="https://m.media-amazon.com/images/I/41w5IxTMsnL._SL500_.jpg" alt="Product Image"></a><p>Amazon Brand - Mama Bear Gentle Touch Diapers, Hypoallergenic, Size 6, 27 Count, White</p><p> -10% 0FF </p><p>$11.32</p><a href="https://www.amazon.com/dp/B07T2QM32L?tag=eloabder-20&linkCode=osi&th=1&psc=1">View Product</a></div>
<div class="product"><a href="https://www.amazon.com/dp/B001OC5UMQ?tag=eloabder-20&linkCode=osi&th=1&psc=1"><img src="https://m.media-amazon.com/images/I/413nT5TZ9sL._SL500_.jpg" alt="Product Image"></a><p>Regalo Easy Step 38.5-Inch Wide Walk Thru Baby Gate, Includes 6-Inch Extension Kit, Pressure Mount Kit, Wall Cups</p><p> -22% 0FF </p><p>$34.99</p><a href="https://www.amazon.com/dp/B001OC5UMQ?tag=eloabder-20&linkCode=osi&th=1&psc=1">View Product</a></div><div class="product"><a href="https://www.amazon.com/dp/B075XQ2XYV?tag=eloabder-20&linkCode=osi&th=1&psc=1"><img src="https://m.media-amazon.com/images/I/51+9Fa+FH3L._SL500_.jpg" alt="Product Image"></a><p>Evenflo Position & Lock Baby Gate, Pressure-Mounted, Farmhouse Collection</p><p> -9% 0FF </p><p>$19.98</p><a href="https://www.amazon.com/dp/B075XQ2XYV?tag=eloabder-20&linkCode=osi&th=1&psc=1">View Product</a></div><div class="product"><a href="https://www.amazon.com/dp/B01BTUNHSQ?tag=eloabder-20&linkCode=osi&th=1&psc=1"><img src="https://m.media-amazon.com/images/I/31nuC-O3n9L._SL500_.jpg" alt="Product Image"></a><p>Safety 1st Easy Install 28" High Walk Thru Gate, Fits Between 29" and 38"</p><p> -10% 0FF </p><p>$44.99</p><a href="https://www.amazon.com/dp/B01BTUNHSQ?tag=eloabder-20&linkCode=osi&th=1&psc=1">View Product</a></div><div class="product"><a href="https://www.amazon.com/dp/B07WFZSW72?tag=eloabder-20&linkCode=osi&th=1&psc=1"><img src="https://m.media-amazon.com/images/I/41nc627IqxL._SL500_.jpg" alt="Product Image"></a><p>Cumbor 29.7-46" Baby Gate for Stairs, Mom's Choice Awards Winner-Auto Close Dog Gate for the House, Easy Install Pressure Mounted Pet Gates for Doorways, Easy Walk Thru Wide Safety Gate for Dog, Black</p><p> -10% 0FF </p><p>$89.99</p><a href="https://www.amazon.com/dp/B07WFZSW72?tag=eloabder-20&linkCode=osi&th=1&psc=1">View Product</a></div><div class="product"><a href="https://www.amazon.com/dp/B09F36M2T5?tag=eloabder-20&linkCode=osi&th=1&psc=1"><img src="https://m.media-amazon.com/images/I/416tulkEC2L._SL500_.jpg" alt="Product Image"></a><p>COMOMY 36" Extra Tall Baby Gate for Stairs Doorways, Fits Openings 29.5" to 48.8" Wide, Auto Close Extra Wide Dog Gate for House, Pressure Mounted Easy Walk Through Pet Gate with Door, Black</p><p> -13% 0FF </p><p>$69.99</p><a href="https://www.amazon.com/dp/B09F36M2T5?tag=eloabder-20&linkCode=osi&th=1&psc=1">View Product</a></div><div class="product"><a href="https://www.amazon.com/dp/B01EMK5JQI?tag=eloabder-20&linkCode=osi&th=1&psc=1"><img src="https://m.media-amazon.com/images/I/417uxACGTTL._SL500_.jpg" alt="Product Image"></a><p>Regalo Easy Step 49-Inch Extra Wide Baby Gate, Includes 4-Inch and 12-Inch Extension Kit, 4 Pack of Pressure Mount Kit and 4 Pack of Wall Mount Kit, Black</p><p> -20% 0FF </p><p>$39.99</p><a href="https://www.amazon.com/dp/B01EMK5JQI?tag=eloabder-20&linkCode=osi&th=1&psc=1">View Product</a></div><div class="product"><a href="https://www.amazon.com/dp/B07JGDGG23?tag=eloabder-20&linkCode=osi&th=1&psc=1"><img src="https://m.media-amazon.com/images/I/51eFFFBIYUL._SL500_.jpg" alt="Product Image"></a><p>Toddleroo by North States Superyard 6 Panel Baby Play Yard. Playpen or Extra Wide Baby Gate, Wall Mount Kit Included. Made in USA. 38.5" - 201" wide, 5.5 ft corner to corner play yard (26" tall, Gray)</p><p> -29% 0FF </p><p>$61.46</p><a href="https://www.amazon.com/dp/B07JGDGG23?tag=eloabder-20&linkCode=osi&th=1&psc=1">View Product</a></div>
<div class="product"><a href="https://www.amazon.com/dp/B0D8J8RGMN?tag=eloabder-20&linkCode=osi&th=1&psc=1"><img src="https://m.media-amazon.com/images/I/51IQYrOgXVL._SL500_.jpg" alt="Product Image"></a><p>3 Pack Baby Beanie Hats with Earflaps, 2 Size Baby Winter Hat for Newborn Infant Toddler Kids Children with Cute Smiley Face, Soft Warm Fleece Lined Knit Hat for Girls Boys-01</p><p> -47% 0FF </p><p>$15.99</p><a href="https://www.amazon.com/dp/B0D8J8RGMN?tag=eloabder-20&linkCode=osi&th=1&psc=1">View Product</a></div><div class="product"><a href="https://www.amazon.com/dp/B08V4HJF5T?tag=eloabder-20&linkCode=osi&th=1&psc=1"><img src="https://m.media-amazon.com/images/I/41JnGlILpnL._SL500_.jpg" alt="Product Image"></a><p>6 Pieces Newborn Baby Hat Bear Ears Infant Caps Baby Boy Girl Toddler Hats Infant Beanie Caps for 0-3 Months (Black White, Black, Navy Blue, Black Gray, Gray, White,Classic)</p><p> -8% 0FF </p><p>$11.99</p><a href="https://www.amazon.com/dp/B08V4HJF5T?tag=eloabder-20&linkCode=osi&th=1&psc=1">View Product</a></div><div class="product"><a href="https://www.amazon.com/dp/B091D4KRJS?tag=eloabder-20&linkCode=osi&th=1&psc=1"><img src="https://m.media-amazon.com/images/I/41IspZQwuhL._SL500_.jpg" alt="Product Image"></a><p>Baby Boy Sun Hat Bucket Hats for Toddler 6-12,12-24 months</p><p> -20% 0FF </p><p>$14.39</p><a href="https://www.amazon.com/dp/B091D4KRJS?tag=eloabder-20&linkCode=osi&th=1&psc=1">View Product</a></div>
<div class="product"><a href="https://www.amazon.com/dp/B07BVN1YMN?tag=eloabder-20&linkCode=osi&th=1&psc=1"><img src="https://m.media-amazon.com/images/I/41+i0x5p4TL._SL500_.jpg" alt="Product Image"></a><p>Baby Trend Tot Spot 3-in-1 High Chair, Bluebell</p><p> -40% 0FF </p><p>$59.99</p><a href="https://www.amazon.com/dp/B07BVN1YMN?tag=eloabder-20&linkCode=osi&th=1&psc=1">View Product</a></div><div class="product"><a href="https://www.amazon.com/dp/B01JRY07BQ?tag=eloabder-20&linkCode=osi&th=1&psc=1"><img src="https://m.media-amazon.com/images/I/41zyGMxJY0L._SL500_.jpg" alt="Product Image"></a><p>Cosco Simple Fold High Chair, Comet</p><p> -23% 0FF </p><p>$49.99</p><a href="https://www.amazon.com/dp/B01JRY07BQ?tag=eloabder-20&linkCode=osi&th=1&psc=1">View Product</a></div><div class="product"><a href="https://www.amazon.com/dp/B017VNNWXA?tag=eloabder-20&linkCode=osi&th=1&psc=1"><img src="https://m.media-amazon.com/images/I/41VGIO1sPhL._SL500_.jpg" alt="Product Image"></a><p>Cosco Simple Fold Deluxe High Chair with 3-Position Tray, Monster Syd</p><p> -17% 0FF </p><p>$49.99</p><a href="https://www.amazon.com/dp/B017VNNWXA?tag=eloabder-20&linkCode=osi&th=1&psc=1">View Product</a></div><div class="product"><a href="https://www.amazon.com/dp/B089PKYWJ8?tag=eloabder-20&linkCode=osi&th=1&psc=1"><img src="https://m.media-amazon.com/images/I/31MgSLR6W8L._SL500_.jpg" alt="Product Image"></a><p>Dream On Me Portable 2-in-1 Tabletalk High Chair, Convertible Compact High Chair, Light Weight Portable Highchair, Aqua</p><p> -45% 0FF </p><p>$55.13</p><a href="https://www.amazon.com/dp/B089PKYWJ8?tag=eloabder-20&linkCode=osi&th=1&psc=1">View Product</a></div><div class="product"><a href="https://www.amazon.com/dp/B0CPXDDPDY?tag=eloabder-20&linkCode=osi&th=1&psc=1"><img src="https://m.media-amazon.com/images/I/41qNrW3wklL._SL500_.jpg" alt="Product Image"></a><p>Fodoss 3-in-1 Wooden High Chair for Babies and Toddlers,Convertible Easy Clean Infant Highchair,Silla Modern Design para Comer De Bebe</p><p> -10% 0FF </p><p>$80.98</p><a href="https://www.amazon.com/dp/B0CPXDDPDY?tag=eloabder-20&linkCode=osi&th=1&psc=1">View Product</a></div>
<div class="product"><a href="https://www.amazon.com/dp/B0BG7B1GHP?tag=eloabder-20&linkCode=osi&th=1&psc=1"><img src="https://m.media-amazon.com/images/I/51MRfMlZsSL._SL500_.jpg" alt="Product Image"></a><p>Yoofoss Hooded Baby Towels for Newborn 2 Pack 100% Muslin Cotton Baby Bath Towel with Hood for Babies, Infant, Toddler and Kids, Large 32x32Inch, Soft and Absorbent Newborn Essential</p><p> -20% 0FF </p><p>$15.99</p><a href="https://www.amazon.com/dp/B0BG7B1GHP?tag=eloabder-20&linkCode=osi&th=1&psc=1">View Product</a></div><div class="product"><a href="https://www.amazon.com/dp/B0C6RKZLXW?tag=eloabder-20&linkCode=osi&th=1&psc=1"><img src="https://m.media-amazon.com/images/I/51HX88nmMOL._SL500_.jpg" alt="Product Image"></a><p>Gerber Baby 4 Piece Animal Character Hooded Towel and Washcloth Set, Brown Lion, One Size</p><p> -49% 0FF </p><p>$9.24</p><a href="https://www.amazon.com/dp/B0C6RKZLXW?tag=eloabder-20&linkCode=osi&th=1&psc=1">View Product</a></div><div class="product"><a href="https://www.amazon.com/dp/B0CKXKR1RV?tag=eloabder-20&linkCode=osi&th=1&psc=1"><img src="https://m.media-amazon.com/images/I/41PjOK7YCBL._SL500_.jpg" alt="Product Image"></a><p>Momcozy Baby Hooded Towel, 2 Pack Baby Towel Set, Super Soft Bath Towel with Original Design, Shower Gifts for Infant, Toddler (28 X 28 Inch, Lemon Leaves)</p><p> -19% 0FF </p><p>$21.99</p><a href="https://www.amazon.com/dp/B0CKXKR1RV?tag=eloabder-20&linkCode=osi&th=1&psc=1">View Product</a></div><div class="product"><a href="https://www.amazon.com/dp/B00X21O4L0?tag=eloabder-20&linkCode=osi&th=1&psc=1"><img src="https://m.media-amazon.com/images/I/51fEvVAVyfL._SL500_.jpg" alt="Product Image"></a><p>Luvable Friends Unisex Baby Hooded Towel with Five Washcloths, Boy Fox, One Size</p><p> -17% 0FF </p><p>$9.99</p><a href="https://www.amazon.com/dp/B00X21O4L0?tag=eloabder-20&linkCode=osi&th=1&psc=1">View Product</a></div>
<div class="product"><a href="https://www.amazon.com/dp/B07DGKXBD7?tag=eloabder-20&linkCode=osi&th=1&psc=1"><img src="https://m.media-amazon.com/images/I/31FyDL3570L._SL500_.jpg" alt="Product Image"></a><p>Johnson's Moisturizing Mild Pink Baby Lotion with Coconut Oil for Delicate Baby Skin, Paraben-, Phthalate- & Dye-Free, Hypoallergenic & Dermatologist-Tested, Baby Skin Care, 27.1 Fl. Oz</p><p> -33% 0FF </p><p>$7.19 ($0.27 / Fl Oz)</p><a href="https://www.amazon.com/dp/B07DGKXBD7?tag=eloabder-20&linkCode=osi&th=1&psc=1">View Product</a></div><div class="product"><a href="https://www.amazon.com/dp/B00JF3RYPM?tag=eloabder-20&linkCode=osi&th=1&psc=1"><img src="https://m.media-amazon.com/images/I/31n9VJQSijL._SL500_.jpg" alt="Product Image"></a><p>CeraVe Baby Lotion | Gentle Baby Skin Care with Ceramides, Niacinamide & Vitamin E | Fragrance, Paraben, Dye & Phthalates Free | Lightweight Baby Moisturizer | 8 Ounce | Packaging May Vary</p><p> -10% 0FF </p><p>$8.97 ($1.12 / Fl Oz)</p><a href="https://www.amazon.com/dp/B00JF3RYPM?tag=eloabder-20&linkCode=osi&th=1&psc=1">View Product</a></div><div class="product"><a href="https://www.amazon.com/dp/B094RH4GHC?tag=eloabder-20&linkCode=osi&th=1&psc=1"><img src="https://m.media-amazon.com/images/I/31xi7tuBJAL._SL500_.jpg" alt="Product Image"></a><p>Johnson's Baby Moisturizing Mild Pink Baby Lotion with Coconut Oil for Delicate Baby Skin, Paraben-, Phthalate- & Dye-Free, Hypoallergenic & Dermatologist-Tested, Baby Skin Care, 13.6 Fl. Oz</p><p> -34% 0FF </p><p>$4.49 ($0.33 / Fl Oz)</p><a href="https://www.amazon.com/dp/B094RH4GHC?tag=eloabder-20&linkCode=osi&th=1&psc=1">View Product</a></div><div class="product"><a href="https://www.amazon.com/dp/B0030UF6EW?tag=eloabder-20&linkCode=osi&th=1&psc=1"><img src="https://m.media-amazon.com/images/I/31RKFp5lxLL._SL500_.jpg" alt="Product Image"></a><p>Aveeno Baby Daily Moisture Body Lotion for Sensitive Skin, Hypoallergenic Moisturizing Baby Lotion with Nourishing Oatmeal to Deeply Moisturize Baby's Skin, Fragrance-Free, 18 fl. oz</p><p> -32% 0FF </p><p>$11.06</p><a href="https://www.amazon.com/dp/B0030UF6EW?tag=eloabder-20&linkCode=osi&th=1&psc=1">View Product</a></div><div class="product"><a href="https://www.amazon.com/dp/B00U2VQW72?tag=eloabder-20&linkCode=osi&th=1&psc=1"><img src="https://m.media-amazon.com/images/I/31nMuDcXtPL._SL500_.jpg" alt="Product Image"></a><p>Aveeno Baby Calming Comfort Moisturizing Body Lotion with Relaxing Lavender & Vanilla Scents, Non-Greasy Baby Lotion, Nourishing Prebiotic Oatmeal, Paraben- & Phthalate-Free, 18 fl. oz</p><p> -29% 0FF </p><p>$11.69 ($0.65 / Fl Oz)</p><a href="https://www.amazon.com/dp/B00U2VQW72?tag=eloabder-20&linkCode=osi&th=1&psc=1">View Product</a></div><div class="product"><a href="https://www.amazon.com/dp/B07DGL23H4?tag=eloabder-20&linkCode=osi&th=1&psc=1"><img src="https://m.media-amazon.com/images/I/31YO49z1TsL._SL500_.jpg" alt="Product Image"></a><p>Johnson's Moisturizing Bedtime Baby Lotion with Coconut Oil & NaturalCalm Aromas to Help Relax Baby, Hypoallergenic & Free of Parabens, Phthalates & Dyes, Mild Baby Skin Care, 27.1 fl. oz</p><p> -36% 0FF </p><p>$9.50 ($0.35 / Fl Oz)</p><a href="https://www.amazon.com/dp/B07DGL23H4?tag=eloabder-20&linkCode=osi&th=1&psc=1">View Product</a></div><div class="product"><a href="https://www.amazon.com/dp/B01A59VMSO?tag=eloabder-20&linkCode=osi&th=1&psc=1"><img src="https://m.media-amazon.com/images/I/31P-2Bf0eYL._SL500_.jpg" alt="Product Image"></a><p>Eucerin Baby Body Lotion, Hypoallergenic and Fragrance Free Baby Lotion, Baby Moisturizer with Pro-Vitamin B5 and Shea Butter, 13.5 Fl Oz Bottle</p><p> -17% 0FF </p><p>$9.78 ($0.72 / Fl Oz)</p><a href="https://www.amazon.com/dp/B01A59VMSO?tag=eloabder-20&linkCode=osi&th=1&psc=1">View Product</a></div><div class="product"><a href="https://www.amazon.com/dp/B07DGKXBDD?tag=eloabder-20&linkCode=osi&th=1&psc=1"><img src="https://m.media-amazon.com/images/I/31IvagYz0ML._SL500_.jpg" alt="Product Image"></a><p>Johnson's Baby CottonTouch Newborn Baby Face and Body Lotion, Hypoallergenic and Paraben-Free Moisturization for Baby's Sensitive Skin, Made with Real Cotton, 27.1 fl. oz</p><p> -37% 0FF </p><p>$9.35 ($0.35 / Fl Oz)</p><a href="https://www.amazon.com/dp/B07DGKXBDD?tag=eloabder-20&linkCode=osi&th=1&psc=1">View Product</a></div>
<div class="product"><a href="https://www.amazon.com/dp/B08HSNXSM6?tag=eloabder-20&linkCode=osi&th=1&psc=1"><img src="https://m.media-amazon.com/images/I/4193Km1SQcL._SL500_.jpg" alt="Product Image"></a><p>The Peanutshell Crib Mobile for Boys or Girls - White Musical Baby Crib Mobile with 12 Lullabies, Jungle Animal, Baby Mobile Crib Safari Animals Nursery Decor</p><p> -11% 0FF </p><p>$39.99</p><a href="https://www.amazon.com/dp/B08HSNXSM6?tag=eloabder-20&linkCode=osi&th=1&psc=1">View Product</a></div><div class="product"><a href="https://www.amazon.com/dp/B088TCNZ52?tag=eloabder-20&linkCode=osi&th=1&psc=1"><img src="https://m.media-amazon.com/images/I/41Nuh1UJwkL._SL500_.jpg" alt="Product Image"></a><p>EVERLOVE Montessori Mobile Baby for Crib (TINITIGIES) - Black and White Mobile Give Visual Stimulation to Engage Your Newborn - Baby Crib Mobile for Boys & Girls - Baby Mobile for Crib</p><p> -12% 0FF </p><p>$37.99</p><a href="https://www.amazon.com/dp/B088TCNZ52?tag=eloabder-20&linkCode=osi&th=1&psc=1">View Product</a></div><div class="product"><a href="https://www.amazon.com/dp/B07DM86Z43?tag=eloabder-20&linkCode=osi&th=1&psc=1"><img src="https://m.media-amazon.com/images/I/41wBVQgCTUL._SL500_.jpg" alt="Product Image"></a><p>Baby Einstein Sea Dreams Soother Musical Crib Toy and Sound Machine, Newborn and up</p><p> -15% 0FF </p><p>$33.90</p><a href="https://www.amazon.com/dp/B07DM86Z43?tag=eloabder-20&linkCode=osi&th=1&psc=1">View Product</a></div><div class="product"><a href="https://www.amazon.com/dp/B0B38G1MBD?tag=eloabder-20&linkCode=osi&th=1&psc=1"><img src="https://m.media-amazon.com/images/I/51ES4bHBHqL._SL500_.jpg" alt="Product Image"></a><p>Eners Baby Crib Mobile with Music and Lights, Mobile for Crib with Remote Control, Rotation, Moon and Star Projection, Baby Crib Toys for Boys Girls (Blue)</p><p> -6% 0FF </p><p>$33.99</p><a href="https://www.amazon.com/dp/B0B38G1MBD?tag=eloabder-20&linkCode=osi&th=1&psc=1">View Product</a></div>
<div class="product"><a href="https://www.amazon.com/dp/B09GM8JZM9?tag=eloabder-20&linkCode=osi&th=1&psc=1"><img src="https://m.media-amazon.com/images/I/41XmH3g0-aL._SL500_.jpg" alt="Product Image"></a><p>HelloBaby Upgrade Baby Monitor, 5'' Screen with 30-Hour Battery, Pan-Tilt-Zoom Video Baby Monitor with Camera and Audio, Night Vision, VOX, 2-Way Talk, 8 Lullabies and 1000ft Range No WiFi</p><p> -20% 0FF </p><p>$79.99</p><a href="https://www.amazon.com/dp/B09GM8JZM9?tag=eloabder-20&linkCode=osi&th=1&psc=1">View Product</a></div><div class="product"><a href="https://www.amazon.com/dp/B00JEV5UI8?tag=eloabder-20&linkCode=osi&th=1&psc=1"><img src="https://m.media-amazon.com/images/I/41va56lWJ6L._SL500_.jpg" alt="Product Image"></a><p>VTech Upgraded Audio Baby Monitor with Rechargeable Battery, Long Range, and Crystal-Clear Sound</p><p> -9% 0FF </p><p>$19.99</p><a href="https://www.amazon.com/dp/B00JEV5UI8?tag=eloabder-20&linkCode=osi&th=1&psc=1">View Product</a></div><div class="product"><a href="https://www.amazon.com/dp/B0BZ8BN87L?tag=eloabder-20&linkCode=osi&th=1&psc=1"><img src="https://m.media-amazon.com/images/I/41Bi8mMjlBL._SL500_.jpg" alt="Product Image"></a><p>OKAIDI Video Baby Monitor with Camera and Audio, 5" Display Baby Monitor No WiFi, 30H Battery and 1000ft Range Baby Monitor, Remote Pan-Tilt-Zoom Baby Camera, Night Vision, 2-Way Talk, VOX,Temperature</p><p> -25% 0FF </p><p>$44.99</p><a href="https://www.amazon.com/dp/B0BZ8BN87L?tag=eloabder-20&linkCode=osi&th=1&psc=1">View Product</a></div><div class="product"><a href="https://www.amazon.com/dp/B0B316NPZ6?tag=eloabder-20&linkCode=osi&th=1&psc=1"><img src="https://m.media-amazon.com/images/I/41IWDeVuDfL._SL500_.jpg" alt="Product Image"></a><p>HelloBaby Monitor with Camera and Audio, 1000ft Long Range Video Baby Monitor-No WiFi, Night Vision, VOX Mode-Power Saving, 2.4'' Portable Travel Screen, Baby Safety Camera, for Baby/Pet, Plug & Play</p><p> -10% 0FF </p><p>$29.98</p><a href="https://www.amazon.com/dp/B0B316NPZ6?tag=eloabder-20&linkCode=osi&th=1&psc=1">View Product</a></div><div class="product"><a href="https://www.amazon.com/dp/B0CYCDTZ6G?tag=eloabder-20&linkCode=osi&th=1&psc=1"><img src="https://m.media-amazon.com/images/I/41PTcAHdqoL._SL500_.jpg" alt="Product Image"></a><p>HelloBaby Baby Monitor with Camera and Audio, 6'' World First IPS Screen Baby Camera Monitor No WiFi, 30-Hrs Battery, ECO, VOX, 2-Way Talk, Night Vision, 1000ft, Video Baby Monitor Portable</p><p> -25% 0FF </p><p>$89.99</p><a href="https://www.amazon.com/dp/B0CYCDTZ6G?tag=eloabder-20&linkCode=osi&th=1&psc=1">View Product</a></div><div class="product"><a href="https://www.amazon.com/dp/B007NG5UF4?tag=eloabder-20&linkCode=osi&th=1&psc=1"><img src="https://m.media-amazon.com/images/I/41SdqvzVNuL._SL500_.jpg" alt="Product Image"></a><p>VTech DM221 Audio Baby Monitor with up to 1,000 ft of Range, Vibrating Sound-Alert, Talk Back Intercom & Night Light Loop, White/Silver</p><p> -13% 0FF </p><p>$33.95</p><a href="https://www.amazon.com/dp/B007NG5UF4?tag=eloabder-20&linkCode=osi&th=1&psc=1">View Product</a></div><div class="product"><a href="https://www.amazon.com/dp/B0CZDYF95R?tag=eloabder-20&linkCode=osi&th=1&psc=1"><img src="https://m.media-amazon.com/images/I/41hYOyPQ9dL._SL500_.jpg" alt="Product Image"></a><p>VTimes Baby Monitor with Camera and Audio, Video Baby Monitor No WiFi Night Vision, 2.4" LCD Screen Portable Baby Camera VOX Mode Pan-Tilt-Zoom Alarm and 1000ft Range, Ideal for Baby/Elderly/Pet</p><p> -40% 0FF </p><p>$29.99</p><a href="https://www.amazon.com/dp/B0CZDYF95R?tag=eloabder-20&linkCode=osi&th=1&psc=1">View Product</a></div>
<div class="product"><a href="https://www.amazon.com/dp/B0119493OY?tag=eloabder-20&linkCode=osi&th=1&psc=1"><img src="https://m.media-amazon.com/images/I/31o0TllpwAL._SL500_.jpg" alt="Product Image"></a><p>Safety 1st Fold-Up Nail Clippers - 2pk</p><p> -25% 0FF </p><p>$2.99</p><a href="https://www.amazon.com/dp/B0119493OY?tag=eloabder-20&linkCode=osi&th=1&psc=1">View Product</a></div><div class="product"><a href="https://www.amazon.com/dp/B01644OCVS?tag=eloabder-20&linkCode=osi&th=1&psc=1"><img src="https://m.media-amazon.com/images/I/41oX5dLMB1L._SL500_.jpg" alt="Product Image"></a><p>Frida Baby NailFrida The SnipperClipper Set, Baby Nail Clippers & Nail Filer, Baby Essential Nail Kit for Newborns and Up</p><p> -36% 0FF </p><p>$8.31</p><a href="https://www.amazon.com/dp/B01644OCVS?tag=eloabder-20&linkCode=osi&th=1&psc=1">View Product</a></div><div class="product"><a href="https://www.amazon.com/dp/B084JZ27SM?tag=eloabder-20&linkCode=osi&th=1&psc=1"><img src="https://m.media-amazon.com/images/I/31JsNl8WpML._SL500_.jpg" alt="Product Image"></a><p>Safety 1st Light Zoom Nail Clippers, One Size</p><p> -27% 0FF </p><p>$7.29</p><a href="https://www.amazon.com/dp/B084JZ27SM?tag=eloabder-20&linkCode=osi&th=1&psc=1">View Product</a></div><div class="product"><a href="https://www.amazon.com/dp/B0D9BCJWC7?tag=eloabder-20&linkCode=osi&th=1&psc=1"><img src="https://m.media-amazon.com/images/I/41vknqnodfL._SL500_.jpg" alt="Product Image"></a><p>Yeeeasy Baby Nail Clippers Kit Baby Grooming Set with Nail Clippers, Scissors, Nail File & Tweezers Baby Care Kit Fingernail Cutter for Baby,Newborn,Infant,Toddler,Kid(Purple)</p><p> -55% 0FF </p><p>$4.49</p><a href="https://www.amazon.com/dp/B0D9BCJWC7?tag=eloabder-20&linkCode=osi&th=1&psc=1">View Product</a></div>
<div class="product"><a href="https://www.amazon.com/dp/B08CMWHD3B?tag=eloabder-20&linkCode=osi&th=1&psc=1"><img src="https://m.media-amazon.com/images/I/41+F2Dv0iiL._SL500_.jpg" alt="Product Image"></a><p>GROWNSY Nasal Aspirator for Baby, Baby Nose Sucker Pro with 3 Soft Silicone Tips, Adjustable Suction, Electric Nose Suction for Baby, Built-in Music & Light Soothing</p><p> -20% 0FF </p><p>$39.99 ($39.99 / Count)</p><a href="https://www.amazon.com/dp/B08CMWHD3B?tag=eloabder-20&linkCode=osi&th=1&psc=1">View Product</a></div><div class="product"><a href="https://www.amazon.com/dp/B00RP0GHBO?tag=eloabder-20&linkCode=osi&th=1&psc=1"><img src="https://m.media-amazon.com/images/I/41pIJoWu-UL._SL500_.jpg" alt="Product Image"></a><p>Frida Baby NoseFrida SnotSucker Nasal Aspirator for Baby, Baby Nose Sucker with 24 Extra Hygiene Filters, Baby Congestion Relief, FSA/HSA Eligible</p><p> -25% 0FF </p><p>$14.99</p><a href="https://www.amazon.com/dp/B00RP0GHBO?tag=eloabder-20&linkCode=osi&th=1&psc=1">View Product</a></div><div class="product"><a href="https://www.amazon.com/dp/B0C3CHQHJP?tag=eloabder-20&linkCode=osi&th=1&psc=1"><img src="https://m.media-amazon.com/images/I/51IO9JHchbL._SL500_.jpg" alt="Product Image"></a><p>X-Bosak Baby Nasal Aspirator, Electric Nose Sucker with 5 Levels Suction, Soothing Light & Nursery Rhymes</p><p> -18% 0FF </p><p>$30.99</p><a href="https://www.amazon.com/dp/B0C3CHQHJP?tag=eloabder-20&linkCode=osi&th=1&psc=1">View Product</a></div><div class="product"><a href="https://www.amazon.com/dp/B094Z43BQF?tag=eloabder-20&linkCode=osi&th=1&psc=1"><img src="https://m.media-amazon.com/images/I/41elOKysySL._SL500_.jpg" alt="Product Image"></a><p>Frida Baby Electric NoseFrida Nasal Aspirator for Baby, Nose Sucker for Baby & Toddler, Nasal Aspirator for Congestion Relief with 3 Suction Levels, 2 Silicone Tips, USB Rechargeable</p><p> -13% 0FF </p><p>$34.99</p><a href="https://www.amazon.com/dp/B094Z43BQF?tag=eloabder-20&linkCode=osi&th=1&psc=1">View Product</a></div><div class="product"><a href="https://www.amazon.com/dp/B01N093BYV?tag=eloabder-20&linkCode=osi&th=1&psc=1"><img src="https://m.media-amazon.com/images/I/316hpVBAmNL._SL500_.jpg" alt="Product Image"></a><p>Frida Baby Nasal Aspirator for Baby, NoseFrida Baby Nose Sucker with 10 Extra Filters + All-Natural Saline Nasal Spray for Babies, Nasal Spray Decongestant, 0.68 fl oz</p><p> -15% 0FF </p><p>$16.97</p><a href="https://www.amazon.com/dp/B01N093BYV?tag=eloabder-20&linkCode=osi&th=1&psc=1">View Product</a></div><div class="product"><a href="https://www.amazon.com/dp/B0BSVG8S59?tag=eloabder-20&linkCode=osi&th=1&psc=1"><img src="https://m.media-amazon.com/images/I/31Rju6jEphL._SL500_.jpg" alt="Product Image"></a><p>Dr. Talbot's Nasal Aspirator for Babies - Silicone - Includes Storage Case - Clear</p><p> -20% 0FF </p><p>$6.39</p><a href="https://www.amazon.com/dp/B0BSVG8S59?tag=eloabder-20&linkCode=osi&th=1&psc=1">View Product</a></div>
<div class="product"><a href="https://www.amazon.com/dp/B00WEBVM5U?tag=eloabder-20&linkCode=osi&th=1&psc=1"><img src="https://m.media-amazon.com/images/I/31oMSFi3dGL._SL500_.jpg" alt="Product Image"></a><p>Johnson's Baby Oil, Mineral Oil Enriched with Shea & Cocoa Butter to Prevent Moisture Loss, Hypoallergenic, 20 fl. oz</p><p> -35% 0FF </p><p>$5.90 ($0.30 / Fl Oz)</p><a href="https://www.amazon.com/dp/B00WEBVM5U?tag=eloabder-20&linkCode=osi&th=1&psc=1">View Product</a></div><div class="product"><a href="https://www.amazon.com/dp/B00J51Q1IA?tag=eloabder-20&linkCode=osi&th=1&psc=1"><img src="https://m.media-amazon.com/images/I/31WSLNGqaEL._SL500_.jpg" alt="Product Image"></a><p>Johnson & Johnson SLC (Cosmetics) Baby Oil, 20 Fl Oz</p><p> -33% 0FF </p><p>$6.02 ($0.30 / Fl Oz)</p><a href="https://www.amazon.com/dp/B00J51Q1IA?tag=eloabder-20&linkCode=osi&th=1&psc=1">View Product</a></div><div class="product"><a href="https://www.amazon.com/dp/B00LPC15FQ?tag=eloabder-20&linkCode=osi&th=1&psc=1"><img src="https://m.media-amazon.com/images/I/315PcqnZ4qL._SL500_.jpg" alt="Product Image"></a><p>Johnson's Baby Johnson & Johnson Baby Oil, Aloe Vera & Vitamin E, Multicolor, 14 Fl Oz</p><p> -23% 0FF </p><p>$5.49 ($0.39 / Fl Oz)</p><a href="https://www.amazon.com/dp/B00LPC15FQ?tag=eloabder-20&linkCode=osi&th=1&psc=1">View Product</a></div><div class="product"><a href="https://www.amazon.com/dp/B001UAA2UC?tag=eloabder-20&linkCode=osi&th=1&psc=1"><img src="https://m.media-amazon.com/images/I/31-74Q7XbxL._SL500_.jpg" alt="Product Image"></a><p>Johnson's Baby Oil Gel, Moisturizing Baby Massage Mineral Oil Enriched with Shea & Cocoa Butter, Dry Skin Relief for Babies, Kids & Adults, Nourishing & Gentle on Delicate Skin, 6.5 fl. oz</p><p> -16% 0FF </p><p>$5.98 ($0.92 / Fl Oz)</p><a href="https://www.amazon.com/dp/B001UAA2UC?tag=eloabder-20&linkCode=osi&th=1&psc=1">View Product</a></div>
<div class="product"><a href="https://www.amazon.com/dp/B0D88Y4955?tag=eloabder-20&linkCode=osi&th=1&psc=1"><img src="https://m.media-amazon.com/images/I/41Au0yzblbL._SL500_.jpg" alt="Product Image"></a><p>Burt's Bees Baby Baby Boys Pajamas, Sleep and Play Loose Fit, 100% Organic Cotton, Soft One-piece PJs, Diagonal Zip Up Jumpsuit Newborn Essentials with Interior Zipper Guard in sizes NB to 6-9 Months</p><p> -49% 0FF </p><p>$7.60</p><a href="https://www.amazon.com/dp/B0D88Y4955?tag=eloabder-20&linkCode=osi&th=1&psc=1">View Product</a></div><div class="product"><a href="https://www.amazon.com/dp/B08GHLBW8P?tag=eloabder-20&linkCode=osi&th=1&psc=1"><img src="https://m.media-amazon.com/images/I/512q+TZZ2UL._SL500_.jpg" alt="Product Image"></a><p>Gerber Baby Boys' 4-Pack Footed Pajamas, Dinosaurs Space Grey, 18 Months</p><p> -9% 0FF </p><p>$29.98</p><a href="https://www.amazon.com/dp/B08GHLBW8P?tag=eloabder-20&linkCode=osi&th=1&psc=1">View Product</a></div>
<div class="product"><a href="https://www.amazon.com/dp/B09XHGG4B8?tag=eloabder-20&linkCode=osi&th=1&psc=1"><img src="https://m.media-amazon.com/images/I/51drx-WonLL._SL500_.jpg" alt="Product Image"></a><p>Yeeeasy Tummy Time Water Mat丨Inflatable Tummy Time Water Play Mat for Babies, Infants and Toddlers 3 to 12 Months Promote Development Toys Baby Gifts</p><p> -33% 0FF </p><p>$9.99</p><a href="https://www.amazon.com/dp/B09XHGG4B8?tag=eloabder-20&linkCode=osi&th=1&psc=1">View Product</a></div>
<div class="product"><a href="https://www.amazon.com/dp/B0009STDJW?tag=eloabder-20&linkCode=osi&th=1&psc=1"><img src="https://m.media-amazon.com/images/I/31XlMHyMw4L._SL500_.jpg" alt="Product Image"></a><p>Johnson's Baby Powder, Naturally Derived Cornstarch with Aloe & Vitamin E for Delicate Skin, Hypoallergenic and Free of Parabens, Phthalates, and Dyes for Gentle Baby Skin Care, 15 oz</p><p> -31% 0FF </p><p>$4.98 ($0.33 / Ounce)</p><a href="https://www.amazon.com/dp/B0009STDJW?tag=eloabder-20&linkCode=osi&th=1&psc=1">View Product</a></div><div class="product"><a href="https://www.amazon.com/dp/B005IHT880?tag=eloabder-20&linkCode=osi&th=1&psc=1"><img src="https://m.media-amazon.com/images/I/31Yy8plMS3L._SL500_.jpg" alt="Product Image"></a><p>Johnson's Baby Naturally Derived Cornstarch Baby Powder with Aloe and Vitamin E for Delicate Skin, Hypoallergenic and Free of Parabens, Phthalates, and Dyes for Gentle Baby Skin Care, 1.5 oz</p><p> -31% 0FF </p><p>$1.97 ($1.31 / Ounce)</p><a href="https://www.amazon.com/dp/B005IHT880?tag=eloabder-20&linkCode=osi&th=1&psc=1">View Product</a></div><div class="product"><a href="https://www.amazon.com/dp/B00I5MVFB8?tag=eloabder-20&linkCode=osi&th=1&psc=1"><img src="https://m.media-amazon.com/images/I/41kU-erHU1L._SL500_.jpg" alt="Product Image"></a><p>Johnson's Baby Powder, Pure Cornstarch, Aloe & Vitamin E, 22 Ounce (Pack of 3) - Packaging May Vary</p><p> -31% 0FF </p><p>$18.87 ($0.29 / Ounce)</p><a href="https://www.amazon.com/dp/B00I5MVFB8?tag=eloabder-20&linkCode=osi&th=1&psc=1">View Product</a></div><div class="product"><a href="https://www.amazon.com/dp/B004Z4MNGQ?tag=eloabder-20&linkCode=osi&th=1&psc=1"><img src="https://m.media-amazon.com/images/I/31szXN97ucL._SL500_.jpg" alt="Product Image"></a><p>Johnson's Baby Powder with Naturally Derived Cornstarch Aloe & Vitamin E, Hypoallergenic, 9 oz</p><p> -26% 0FF </p><p>$3.95 ($0.44 / Ounce)</p><a href="https://www.amazon.com/dp/B004Z4MNGQ?tag=eloabder-20&linkCode=osi&th=1&psc=1">View Product</a></div><div class="product"><a href="https://www.amazon.com/dp/B0CCPK861Q?tag=eloabder-20&linkCode=osi&th=1&psc=1"><img src="https://m.media-amazon.com/images/I/51jIdMql0FL._SL500_.jpg" alt="Product Image"></a><p>Burt's Bees Christmas Gifts, Baby Dusting Powder, 100% Natural Origin, Talc-Free, Pediatrician Tested Stocking Stuffers, 7.5 Ounces, Pack of 3, Pack May Vary</p><p> -29% 0FF </p><p>$19.17 ($0.85 / Ounce)</p><a href="https://www.amazon.com/dp/B0CCPK861Q?tag=eloabder-20&linkCode=osi&th=1&psc=1">View Product</a></div><div class="product"><a href="https://www.amazon.com/dp/B012FUZ8NG?tag=eloabder-20&linkCode=osi&th=1&psc=1"><img src="https://m.media-amazon.com/images/I/41t4DM92+aL._SL500_.jpg" alt="Product Image"></a><p>Gold Bond Comfort Body Powder, 10 oz., Talc-Free, Fresh Clean Scent With Aloe & Chamomile</p><p> -7% 0FF </p><p>$6.79 ($0.68 / Ounce)</p><a href="https://www.amazon.com/dp/B012FUZ8NG?tag=eloabder-20&linkCode=osi&th=1&psc=1">View Product</a></div>
<div class="product"><a href="https://www.amazon.com/dp/B00JHKTDQG?tag=eloabder-20&linkCode=osi&th=1&psc=1"><img src="https://m.media-amazon.com/images/I/41u2OOs0uOL._SL500_.jpg" alt="Product Image"></a><p>Safety 1st Plug Protectors, 36 Count</p><p> -22% 0FF </p><p>$3.49</p><a href="https://www.amazon.com/dp/B00JHKTDQG?tag=eloabder-20&linkCode=osi&th=1&psc=1">View Product</a></div><div class="product"><a href="https://www.amazon.com/dp/B0CZRKFS5Z?tag=eloabder-20&linkCode=osi&th=1&psc=1"><img src="https://m.media-amazon.com/images/I/413bGIIY4WL._SL500_.jpg" alt="Product Image"></a><p>Baby Proofing Kit, Oven Door Lock Child proof Safety Product for Kitchen, Double Button, Heat-Resistant, Easy to Install (1 Pack,Grey)</p><p> -20% 0FF </p><p>$7.99</p><a href="https://www.amazon.com/dp/B0CZRKFS5Z?tag=eloabder-20&linkCode=osi&th=1&psc=1">View Product</a></div><div class="product"><a href="https://www.amazon.com/dp/B00YKG2YS6?tag=eloabder-20&linkCode=osi&th=1&psc=1"><img src="https://m.media-amazon.com/images/I/41+wB4D0smL._SL500_.jpg" alt="Product Image"></a><p>Safety 1st Safety Essentials Kit , White , 1 Count</p><p> -38% 0FF </p><p>$7.48</p><a href="https://www.amazon.com/dp/B00YKG2YS6?tag=eloabder-20&linkCode=osi&th=1&psc=1">View Product</a></div>
<div class="product"><a href="https://www.amazon.com/dp/B000BNCA4K?tag=eloabder-20&linkCode=osi&th=1&psc=1"><img src="https://m.media-amazon.com/images/I/51+hwco0h6L._SL500_.jpg" alt="Product Image"></a><p>Manhattan Toy Winkel Rattle & Sensory Teether Toy, Blue/Green/Orange, 5 Inch x 4 Inch x 3.5 Inch</p><p> -29% 0FF </p><p>$9.99</p><a href="https://www.amazon.com/dp/B000BNCA4K?tag=eloabder-20&linkCode=osi&th=1&psc=1">View Product</a></div><div class="product"><a href="https://www.amazon.com/dp/B000FMQWS2?tag=eloabder-20&linkCode=osi&th=1&psc=1"><img src="https://m.media-amazon.com/images/I/4108+CwoQfL._SL500_.jpg" alt="Product Image"></a><p>Bright Starts Grab & Spin Baby Rattle & BPA-Free Teether Toy, Ages 3 Months+</p><p> -15% 0FF </p><p>$2.97</p><a href="https://www.amazon.com/dp/B000FMQWS2?tag=eloabder-20&linkCode=osi&th=1&psc=1">View Product</a></div><div class="product"><a href="https://www.amazon.com/dp/B071YCHDX1?tag=eloabder-20&linkCode=osi&th=1&psc=1"><img src="https://m.media-amazon.com/images/I/512uBUjyccL._SL500_.jpg" alt="Product Image"></a><p>iPlay, iLearn 10pcs Baby Rattles Toys Set, Infant Grab Shake Rattle, Sensory Teether, Babies Development Learning Music Toy, Newborn First Christmas Gifts 0 1 2 3 4 5 6 7 8 9 10 12 Month Boy Girl</p><p> -15% 0FF </p><p>$22.99</p><a href="https://www.amazon.com/dp/B071YCHDX1?tag=eloabder-20&linkCode=osi&th=1&psc=1">View Product</a></div><div class="product"><a href="https://www.amazon.com/dp/B019ICFYNI?tag=eloabder-20&linkCode=osi&th=1&psc=1"><img src="https://m.media-amazon.com/images/I/51oYX33BlzL._SL500_.jpg" alt="Product Image"></a><p>VTech Baby Rattle and Sing Puppy</p><p> -18% 0FF </p><p>$8.99</p><a href="https://www.amazon.com/dp/B019ICFYNI?tag=eloabder-20&linkCode=osi&th=1&psc=1">View Product</a></div><div class="product"><a href="https://www.amazon.com/dp/B000V2Y5BW?tag=eloabder-20&linkCode=osi&th=1&psc=1"><img src="https://m.media-amazon.com/images/I/41Bz5Kz2OzL._SL500_.jpg" alt="Product Image"></a><p>The First Years First Keys Infant and Baby Toy</p><p> -67% 0FF </p><p>$2.44</p><a href="https://www.amazon.com/dp/B000V2Y5BW?tag=eloabder-20&linkCode=osi&th=1&psc=1">View Product</a></div>
<div class="product"><a href="https://www.amazon.com/dp/B005SPESKK?tag=eloabder-20&linkCode=osi&th=1&psc=1"><img src="https://m.media-amazon.com/images/I/410ZKnRS3aL._SL500_.jpg" alt="Product Image"></a><p>Aveeno Baby Bathtime Solutions Baby & Me Gift Set with Baby Wash & Shampoo, Calming Baby Bath, Baby Daily Moisturizing Lotion & Stress Relief Body Wash for Mom, Oatmeal, 4 Items</p><p> -35% 0FF </p><p>$20.69</p><a href="https://www.amazon.com/dp/B005SPESKK?tag=eloabder-20&linkCode=osi&th=1&psc=1">View Product</a></div><div class="product"><a href="https://www.amazon.com/dp/B005UEB96K?tag=eloabder-20&linkCode=osi&th=1&psc=1"><img src="https://m.media-amazon.com/images/I/41irWX472ZL._SL500_.jpg" alt="Product Image"></a><p>Aquaphor Baby Healing Ointment Advanced Therapy Skin Protectant, Dry Skin and Diaper Rash Ointment, 14 Oz Jar</p><p> -8% 0FF </p><p>$18.37</p><a href="https://www.amazon.com/dp/B005UEB96K?tag=eloabder-20&linkCode=osi&th=1&psc=1">View Product</a></div><div class="product"><a href="https://www.amazon.com/dp/B0CNXKT6S7?tag=eloabder-20&linkCode=osi&th=1&psc=1"><img src="https://m.media-amazon.com/images/I/41UPubKIJYL._SL500_.jpg" alt="Product Image"></a><p>Blissful Diary Baby Diaper Caddy Organizer, Stylish Nursery Storage Basket - Gift for Baby Shower, Baby Registry Must Have, Newborn Essentials - Baby Caddy Organizer for Diaper Station - Sage Green</p><p> -7% 0FF </p><p>$22.99</p><a href="https://www.amazon.com/dp/B0CNXKT6S7?tag=eloabder-20&linkCode=osi&th=1&psc=1">View Product</a></div><div class="product"><a href="https://www.amazon.com/dp/B07RX5BD32?tag=eloabder-20&linkCode=osi&th=1&psc=1"><img src="https://m.media-amazon.com/images/I/41p16YTuexL._SL500_.jpg" alt="Product Image"></a><p>Portable Diaper Changing Pad, Portable Changing pad for Newborn Girl & Boy - Baby Changing Pad with Smart Wipes Pocket – Waterproof Travel Changing Kit - Baby Gift by Kopi Baby</p><p> -42% 0FF </p><p>$21.89</p><a href="https://www.amazon.com/dp/B07RX5BD32?tag=eloabder-20&linkCode=osi&th=1&psc=1">View Product</a></div>
<div class="product"><a href="https://www.amazon.com/dp/B07DGKWFJM?tag=eloabder-20&linkCode=osi&th=1&psc=1"><img src="https://m.media-amazon.com/images/I/313M7YzzHPL._SL500_.jpg" alt="Product Image"></a><p>Johnson's Baby Shampoo with Tear-Free Formula, Shampoo for Baby's Delicate Scalp & Skin, Gently Washes Away Dirt & Germs, Paraben-, Phthalate-, Sulfate- & Dye-Free, 20.3 fl. oz</p><p> -35% 0FF </p><p>$5.90 ($0.29 / Fl Oz)</p><a href="https://www.amazon.com/dp/B07DGKWFJM?tag=eloabder-20&linkCode=osi&th=1&psc=1">View Product</a></div><div class="product"><a href="https://www.amazon.com/dp/B07DGK9FQG?tag=eloabder-20&linkCode=osi&th=1&psc=1"><img src="https://m.media-amazon.com/images/I/31ZmgkaoecL._SL500_.jpg" alt="Product Image"></a><p>Johnson's Baby Tear Free Shampoo, No Parabens/Phthalates/Sulfates/Dyes, Fresh, 13.6 Fl Oz</p><p> -30% 0FF </p><p>$4.78 ($0.35 / Fl Oz)</p><a href="https://www.amazon.com/dp/B07DGK9FQG?tag=eloabder-20&linkCode=osi&th=1&psc=1">View Product</a></div><div class="product"><a href="https://www.amazon.com/dp/B07D2JMJPS?tag=eloabder-20&linkCode=osi&th=1&psc=1"><img src="https://m.media-amazon.com/images/I/31GFcXvNoSL._SL500_.jpg" alt="Product Image"></a><p>Johnson's Head-to-Toe Gentle Tear-Free Baby & Newborn Wash & Shampoo, Sulfate-, Paraben- Phthalate- & Dye-Free, Hypoallergenic Wash for Sensitive Skin & Hair, 27.1 fl. Oz</p><p> -33% 0FF </p><p>$7.19 ($0.27 / Fl Oz)</p><a href="https://www.amazon.com/dp/B07D2JMJPS?tag=eloabder-20&linkCode=osi&th=1&psc=1">View Product</a></div><div class="product"><a href="https://www.amazon.com/dp/B07NSBTZ22?tag=eloabder-20&linkCode=osi&th=1&psc=1"><img src="https://m.media-amazon.com/images/I/316UK0+xv+L._SL500_.jpg" alt="Product Image"></a><p>Aveeno Baby Daily Moisture Gentle Bath Wash & Shampoo with Natural Oat Extract, Hypoallergenic, Tear-Free & Paraben-Free Formula For Sensitive Hair & Skin, Lightly Scented, 33 fl. oz</p><p> -43% 0FF </p><p>$13.98 ($0.42 / Fl Oz)</p><a href="https://www.amazon.com/dp/B07NSBTZ22?tag=eloabder-20&linkCode=osi&th=1&psc=1">View Product</a></div><div class="product"><a href="https://www.amazon.com/dp/B07DGPL4Y7?tag=eloabder-20&linkCode=osi&th=1&psc=1"><img src="https://m.media-amazon.com/images/I/310oJnMMURS._SL500_.jpg" alt="Product Image"></a><p>Johnson's Baby Calming Baby Shampoo with Soothing NaturalCalm Scent, Hypoallergenic & Tear-Free Baby Hair Shampoo, Free of Parabens, Phthalates, Sulfates & Dyes, 20.3 fl. oz</p><p> -9% 0FF </p><p>$5.39 ($0.27 / Fl Oz)</p><a href="https://www.amazon.com/dp/B07DGPL4Y7?tag=eloabder-20&linkCode=osi&th=1&psc=1">View Product</a></div><div class="product"><a href="https://www.amazon.com/dp/B072QXWXS6?tag=eloabder-20&linkCode=osi&th=1&psc=1"><img src="https://m.media-amazon.com/images/I/31nATTwRNrL._SL500_.jpg" alt="Product Image"></a><p>The Honest Company 2-in-1 Cleansing Shampoo + Body Wash | Gentle for Baby | Naturally Derived, Tear-free, Hypoallergenic | Fragrance Free Sensitive, 10 fl oz</p><p> -8% 0FF </p><p>$10.99 ($1.10 / Fl Oz)</p><a href="https://www.amazon.com/dp/B072QXWXS6?tag=eloabder-20&linkCode=osi&th=1&psc=1">View Product</a></div><div class="product"><a href="https://www.amazon.com/dp/B0BXB874ZB?tag=eloabder-20&linkCode=osi&th=1&psc=1"><img src="https://m.media-amazon.com/images/I/61I9qaFfznL._SL500_.jpg" alt="Product Image"></a><p>SheaMoisture Baby Shampoo & Bath Milk Manuka Honey & Lavender for Delicate Hair and Skin Nighttime Skin and Hair Care Regimen 13 oz</p><p> -10% 0FF </p><p>$8.97 ($0.69 / Fl Oz)</p><a href="https://www.amazon.com/dp/B0BXB874ZB?tag=eloabder-20&linkCode=osi&th=1&psc=1">View Product</a></div>
<div class="product"><a href="https://www.amazon.com/dp/B07JP112TD?tag=eloabder-20&linkCode=osi&th=1&psc=1"><img src="https://m.media-amazon.com/images/I/31-1TtUqz2L._SL500_.jpg" alt="Product Image"></a><p>Stride Rite Baby Girls Sr Taye 2.0 First Walker Shoe, Pink, 3 Infant US</p><p> -30% 0FF </p><p>$25.72</p><a href="https://www.amazon.com/dp/B07JP112TD?tag=eloabder-20&linkCode=osi&th=1&psc=1">View Product</a></div><div class="product"><a href="https://www.amazon.com/dp/B08M5M2ZNJ?tag=eloabder-20&linkCode=osi&th=1&psc=1"><img src="https://m.media-amazon.com/images/I/31qHgEG+WSL._SL500_.jpg" alt="Product Image"></a><p>Baby Booties 6-12 Months Unisex Cozy Fleece Newborn Booties Non-Slip Newborn First Walkers Shoes Toddler Slippers for Baby Boys & Baby Girls Gifts, Black</p><p> -33% 0FF </p><p>$9.99</p><a href="https://www.amazon.com/dp/B08M5M2ZNJ?tag=eloabder-20&linkCode=osi&th=1&psc=1">View Product</a></div><div class="product"><a href="https://www.amazon.com/dp/B0BV2J28DN?tag=eloabder-20&linkCode=osi&th=1&psc=1"><img src="https://m.media-amazon.com/images/I/41n15Z33RlL._SL500_.jpg" alt="Product Image"></a><p>Baby Walking Shoes First Boy Girl Walker Infant Sock Tennis Mesh Sneakers Breathable 6 9 12 18 24 Months Camel Size 6-12 Months Infant</p><p> -18% 0FF </p><p>$26.99</p><a href="https://www.amazon.com/dp/B0BV2J28DN?tag=eloabder-20&linkCode=osi&th=1&psc=1">View Product</a></div><div class="product"><a href="https://www.amazon.com/dp/B0C9ZTGHWF?tag=eloabder-20&linkCode=osi&th=1&psc=1"><img src="https://m.media-amazon.com/images/I/41jzu4SNmLL._SL500_.jpg" alt="Product Image"></a><p>BMCiTYBM Baby Boy Girl Shoes Infant First Walker Shoes Breathable Walking Shoes Lightweight Non-Slip Sneakers 6 9 12 18 24 Months Gray Size 12-18 Months Infant</p><p> -12% 0FF </p><p>$29.99</p><a href="https://www.amazon.com/dp/B0C9ZTGHWF?tag=eloabder-20&linkCode=osi&th=1&psc=1">View Product</a></div>
<div class="product"><a href="https://www.amazon.com/dp/B0B6Z9SVXG?tag=eloabder-20&linkCode=osi&th=1&psc=1"><img src="https://m.media-amazon.com/images/I/41yQhQfpuJL._SL500_.jpg" alt="Product Image"></a><p>Shiaon Baby Sling Carrier Newborn to Toddler, Lightweight Baby Carrier Sling, Baby Wrap Sling, Baby Hip Seat Carrier for Toddler Sling, Baby Holder Carrier, Nursing Sling, Carrying 7-45 lbs, Grey</p><p> -20% 0FF </p><p>$32.99</p><a href="https://www.amazon.com/dp/B0B6Z9SVXG?tag=eloabder-20&linkCode=osi&th=1&psc=1">View Product</a></div><div class="product"><a href="https://www.amazon.com/dp/B07SK6GVCJ?tag=eloabder-20&linkCode=osi&th=1&psc=1"><img src="https://m.media-amazon.com/images/I/41o7bWiYEUL._SL500_.jpg" alt="Product Image"></a><p>CUBY Water Baby Sling Carrier Breathable Mesh Baby Wraps Carrier Adjustable Ring Sling Baby Carrier Infant Carrier for Summer Swimming Pool Beach (Light Grey)</p><p> -27% 0FF </p><p>$18.99</p><a href="https://www.amazon.com/dp/B07SK6GVCJ?tag=eloabder-20&linkCode=osi&th=1&psc=1">View Product</a></div><div class="product"><a href="https://www.amazon.com/dp/B07YQYRVDX?tag=eloabder-20&linkCode=osi&th=1&psc=1"><img src="https://m.media-amazon.com/images/I/41nKHqgPniL._SL500_.jpg" alt="Product Image"></a><p>Baby Sling and Ring Sling 100% Cotton Muslin Infant Carrier, Front and Chest Newborn Carrier Wrap, Toddler Carrier – Grey</p><p> -31% 0FF </p><p>$44.95</p><a href="https://www.amazon.com/dp/B07YQYRVDX?tag=eloabder-20&linkCode=osi&th=1&psc=1">View Product</a></div>
<div class="product"><a href="https://www.amazon.com/dp/B07N13W76L?tag=eloabder-20&linkCode=osi&th=1&psc=1"><img src="https://m.media-amazon.com/images/I/41d8emuEA8L._SL500_.jpg" alt="Product Image"></a><p>Baby Dove Sensitive Skin Care Baby Wash Calming Moisture For a Calming Bath Wash Hypoallergenic and Tear-Free, Washes Away Bacteria 13 oz</p><p> -6% 0FF </p><p>$7.99 ($0.61 / Ounce)</p><a href="https://www.amazon.com/dp/B07N13W76L?tag=eloabder-20&linkCode=osi&th=1&psc=1">View Product</a></div><div class="product"><a href="https://www.amazon.com/dp/B097NRRRNT?tag=eloabder-20&linkCode=osi&th=1&psc=1"><img src="https://m.media-amazon.com/images/I/31qcQUGmwRS._SL500_.jpg" alt="Product Image"></a><p>Johnson's Skin Nourishing Moisture Baby Body Wash With Vanilla & Oat Scents, Hypoallergenic & Tear Free Baby Bath Wash, Paraben-, Dye-, Sulfate & Phthalate-Free, 20.3 fl. oz</p><p> -26% 0FF </p><p>$6.78 ($0.33 / Fl Oz)</p><a href="https://www.amazon.com/dp/B097NRRRNT?tag=eloabder-20&linkCode=osi&th=1&psc=1">View Product</a></div><div class="product"><a href="https://www.amazon.com/dp/B07D2G6CLG?tag=eloabder-20&linkCode=osi&th=1&psc=1"><img src="https://m.media-amazon.com/images/I/31EQ6Pb153L._SL500_.jpg" alt="Product Image"></a><p>Johnson's Bedtime Baby Bath with Soothing NaturalCalm Aromas, Hypoallergenic & Tear Free Formula, 27.1 fl. oz</p><p> -33% 0FF </p><p>$9.98 ($0.37 / Fl Oz)</p><a href="https://www.amazon.com/dp/B07D2G6CLG?tag=eloabder-20&linkCode=osi&th=1&psc=1">View Product</a></div>
<div class="product"><a href="https://www.amazon.com/dp/B006VB29D8?tag=eloabder-20&linkCode=osi&th=1&psc=1"><img src="https://m.media-amazon.com/images/I/41avOtC2ssL._SL500_.jpg" alt="Product Image"></a><p>Munchkin® Soft Tip™ Baby Spoons, BPA Free, 12 Pack</p><p> -17% 0FF </p><p>$6.98</p><a href="https://www.amazon.com/dp/B006VB29D8?tag=eloabder-20&linkCode=osi&th=1&psc=1">View Product</a></div><div class="product"><a href="https://www.amazon.com/dp/B0CKJXWM44?tag=eloabder-20&linkCode=osi&th=1&psc=1"><img src="https://m.media-amazon.com/images/I/41n4jr8b6VL._SL500_.jpg" alt="Product Image"></a><p>Nuby Baby's First Spoons Set - (3-Pack) Feeding Utensils for Babies - 6+ Months</p><p> -40% 0FF </p><p>$5.97</p><a href="https://www.amazon.com/dp/B0CKJXWM44?tag=eloabder-20&linkCode=osi&th=1&psc=1">View Product</a></div><div class="product"><a href="https://www.amazon.com/dp/B0CKWJNQP4?tag=eloabder-20&linkCode=osi&th=1&psc=1"><img src="https://m.media-amazon.com/images/I/413epEJW7PL._SL500_.jpg" alt="Product Image"></a><p>Munchkin® Gentle Dip™ Multistage First Spoon Set for Baby Led Weaning, Self Feeding, Solids & Purees, 3 Pack, Coral/Purple</p><p> -35% 0FF </p><p>$6.49</p><a href="https://www.amazon.com/dp/B0CKWJNQP4?tag=eloabder-20&linkCode=osi&th=1&psc=1">View Product</a></div><div class="product"><a href="https://www.amazon.com/dp/B08MVST7H1?tag=eloabder-20&linkCode=osi&th=1&psc=1"><img src="https://m.media-amazon.com/images/I/319zTmlUj8L._SL500_.jpg" alt="Product Image"></a><p>PrimaStella Silicone Chew Spoon Set for Babies and Toddlers | Safety Tested | BPA Free | Microwave, Dishwasher and Freezer Safe</p><p> -33% 0FF </p><p>$7.99</p><a href="https://www.amazon.com/dp/B08MVST7H1?tag=eloabder-20&linkCode=osi&th=1&psc=1">View Product</a></div>
<div class="product"><a href="https://www.amazon.com/dp/B0D5Q2GKMX?tag=eloabder-20&linkCode=osi&th=1&psc=1"><img src="https://m.media-amazon.com/images/I/51PSbL1vo1L._SL500_.jpg" alt="Product Image"></a><p>Accombe 2 in 1 Baby Stroller, Convertible Bassinet Pushchair for Infants and Newborns 0-36 Months</p><p> -23% 0FF </p><p>$154.99</p><a href="https://www.amazon.com/dp/B0D5Q2GKMX?tag=eloabder-20&linkCode=osi&th=1&psc=1">View Product</a></div><div class="product"><a href="https://www.amazon.com/dp/B01FCDWZFC?tag=eloabder-20&linkCode=osi&th=1&psc=1"><img src="https://m.media-amazon.com/images/I/41jrn+R3+0L._SL500_.jpg" alt="Product Image"></a><p>Baby Trend Range Jogger Stroller, Millennium</p><p> -36% 0FF </p><p>$90.08</p><a href="https://www.amazon.com/dp/B01FCDWZFC?tag=eloabder-20&linkCode=osi&th=1&psc=1">View Product</a></div><div class="product"><a href="https://www.amazon.com/dp/B0BSP4K34F?tag=eloabder-20&linkCode=osi&th=1&psc=1"><img src="https://m.media-amazon.com/images/I/41zs0EAVv0L._SL500_.jpg" alt="Product Image"></a><p>Summer by Ingenuity 3Dquickclose CS+ Compact Fold Stroller, Car-Seat Compatible, Lightweight Stroller with Oversized Canopy, Extra-Large Storage</p><p> -19% 0FF </p><p>$80.74</p><a href="https://www.amazon.com/dp/B0BSP4K34F?tag=eloabder-20&linkCode=osi&th=1&psc=1">View Product</a></div><div class="product"><a href="https://www.amazon.com/dp/B08K2YFNDW?tag=eloabder-20&linkCode=osi&th=1&psc=1"><img src="https://m.media-amazon.com/images/I/41USzhsByBL._SL500_.jpg" alt="Product Image"></a><p>Graco Ready2Grow LX 2.0 Double Stroller Features Bench Seat and Standing Platform Options, Clark</p><p> -20% 0FF </p><p>$215.99</p><a href="https://www.amazon.com/dp/B08K2YFNDW?tag=eloabder-20&linkCode=osi&th=1&psc=1">View Product</a></div><div class="product"><a href="https://www.amazon.com/dp/B09FL82SRC?tag=eloabder-20&linkCode=osi&th=1&psc=1"><img src="https://m.media-amazon.com/images/I/41oWEq1J+SL._SL500_.jpg" alt="Product Image"></a><p>Mompush Wiz 2-in-1 Convertible Baby Stroller with Bassinet Mode - Foldable Infant Stroller to Explore More as a Family - Toddler Stroller with Reversible Stroller Seat</p><p> -30% 0FF </p><p>$159.99</p><a href="https://www.amazon.com/dp/B09FL82SRC?tag=eloabder-20&linkCode=osi&th=1&psc=1">View Product</a></div><div class="product"><a href="https://www.amazon.com/dp/B01JRY00C2?tag=eloabder-20&linkCode=osi&th=1&psc=1"><img src="https://m.media-amazon.com/images/I/41oyBwt71IL._SL500_.jpg" alt="Product Image"></a><p>Safety 1st Smooth Ride Travel System Stroller and Car Seat OnBoard™ FLX - Efficient Infant Car Seat Stroller and Infant Car Seat and Stroller Combo, Monument</p><p> -9% 0FF </p><p>$199.99</p><a href="https://www.amazon.com/dp/B01JRY00C2?tag=eloabder-20&linkCode=osi&th=1&psc=1">View Product</a></div>
<div class="product"><a href="https://www.amazon.com/dp/B08K2CN246?tag=eloabder-20&linkCode=osi&th=1&psc=1"><img src="https://m.media-amazon.com/images/I/41kw6Z5JVpL._SL500_.jpg" alt="Product Image"></a><p>Graco Soothe My Way with Removable Rocker, Madden - Versatile Baby Swing & Portable Rocker</p><p> -5% 0FF </p><p>$199.99</p><a href="https://www.amazon.com/dp/B08K2CN246?tag=eloabder-20&linkCode=osi&th=1&psc=1">View Product</a></div><div class="product"><a href="https://www.amazon.com/dp/B0CPTD1PS8?tag=eloabder-20&linkCode=osi&th=1&psc=1"><img src="https://m.media-amazon.com/images/I/31mjNCs4A0L._SL500_.jpg" alt="Product Image"></a><p>Maxi-Cosi Cassia Baby Swings for Infants: Smart Portable Baby Swing with Music, Lightweight & Foldable Baby Swing, 360 Rotation Infant Swing, Classic Oat</p><p> -14% 0FF </p><p>$172.65</p><a href="https://www.amazon.com/dp/B0CPTD1PS8?tag=eloabder-20&linkCode=osi&th=1&psc=1">View Product</a></div>
<div class="product"><a href="https://www.amazon.com/dp/B0795ZW85G?tag=eloabder-20&linkCode=osi&th=1&psc=1"><img src="https://m.media-amazon.com/images/I/41MJ3gfs90L._SL500_.jpg" alt="Product Image"></a><p>Kinsa Smart,Fever, Digital Medical Baby, Kid and Adult Termometro - Accurate, Fast, FDA Cleared Thermometer for Oral, Armpit or Rectal Temperature Reading - QuickCare</p><p> -27% 0FF </p><p>$21.97</p><a href="https://www.amazon.com/dp/B0795ZW85G?tag=eloabder-20&linkCode=osi&th=1&psc=1">View Product</a></div>
<div class="product"><a href="https://www.amazon.com/dp/B0866RV9SM?tag=eloabder-20&linkCode=osi&th=1&psc=1"><img src="https://m.media-amazon.com/images/I/41n5jaf1l8L._SL500_.jpg" alt="Product Image"></a><p>Dr. Brown's Infant-to-Toddler Training Toothbrush Set with Fluoride-Free Baby Toothpaste, Strawberry - Giraffe - 1.4oz - 0-3 years</p><p> -9% 0FF </p><p>$8.19</p><a href="https://www.amazon.com/dp/B0866RV9SM?tag=eloabder-20&linkCode=osi&th=1&psc=1">View Product</a></div>
<div class="product"><a href="https://www.amazon.com/dp/B079KV58DJ?tag=eloabder-20&linkCode=osi&th=1&psc=1"><img src="https://m.media-amazon.com/images/I/31a0bFQr94L._SL500_.jpg" alt="Product Image"></a><p>Dr. Talbot's Baby Toothpaste Naturally Inspired with Citroganix and Silicone Finger Gum Massager, Vanilla Milk Flavor</p><p> -35% 0FF </p><p>$3.87</p><a href="https://www.amazon.com/dp/B079KV58DJ?tag=eloabder-20&linkCode=osi&th=1&psc=1">View Product</a></div><div class="product"><a href="https://www.amazon.com/dp/B07GT9YRXD?tag=eloabder-20&linkCode=osi&th=1&psc=1"><img src="https://m.media-amazon.com/images/I/416EJX6PtPL._SL500_.jpg" alt="Product Image"></a><p>Baby Toothpaste 6 to 12 Months - Rain Fluoride Free Tooth Paste Gel for Infant Toddler Kids 0-6 Years and Up, Safe to Swallow, 2.8 Oz, Babies Training, Xylitol, Vitamin C, Vegan, SLS Free, Gluten Free</p><p> -25% 0FF </p><p>$13.94</p><a href="https://www.amazon.com/dp/B07GT9YRXD?tag=eloabder-20&linkCode=osi&th=1&psc=1">View Product</a></div>
<div class="product"><a href="https://www.amazon.com/dp/B0B9BMFS4X?tag=eloabder-20&linkCode=osi&th=1&psc=1"><img src="https://m.media-amazon.com/images/I/51QOy--SVyL._SL500_.jpg" alt="Product Image"></a><p>HOMEXCEL Baby Washcloths 24 Pack-Microfiber Coral Fleece Baby Bath Face Towel 7 x 9 Inch Extra Absorbent and Soft Burp Cloth and Wash Cloths for Newborn-Infants and Toddlers-Gentle On Sensitive Skin</p><p> -10% 0FF </p><p>$8.99</p><a href="https://www.amazon.com/dp/B0B9BMFS4X?tag=eloabder-20&linkCode=osi&th=1&psc=1">View Product</a></div>
<div class="product"><a href="https://www.amazon.com/dp/B00M2AAYG6?tag=eloabder-20&linkCode=osi&th=1&psc=1"><img src="https://m.media-amazon.com/images/I/41fixA-oZyL._SL500_.jpg" alt="Product Image"></a><p>Smart Steps 3.0 Activity Walker, Emily</p><p> -20% 0FF </p><p>$39.98</p><a href="https://www.amazon.com/dp/B00M2AAYG6?tag=eloabder-20&linkCode=osi&th=1&psc=1">View Product</a></div><div class="product"><a href="https://www.amazon.com/dp/B0C4PB4QN3?tag=eloabder-20&linkCode=osi&th=1&psc=1"><img src="https://m.media-amazon.com/images/I/41a0CSHVcBL._SL500_.jpg" alt="Product Image"></a><p>Wismind Baby Walker Foldable with 9 Adjustable Heights, Baby Walkers and Activity Center for Boys Girls Babies 7-18 Months, Baby Walker with Wheels Portable</p><p> -30% 0FF </p><p>$69.99</p><a href="https://www.amazon.com/dp/B0C4PB4QN3?tag=eloabder-20&linkCode=osi&th=1&psc=1">View Product</a></div><div class="product"><a href="https://www.amazon.com/dp/B074ZDNJBD?tag=eloabder-20&linkCode=osi&th=1&psc=1"><img src="https://m.media-amazon.com/images/I/41WJhym-67L._SL500_.jpg" alt="Product Image"></a><p>Fisher-Price Baby Toy Laugh & Learn Smart Stages Learn with Puppy Walker with Music Lights & Activities for Infants Ages 6+ Months</p><p> -20% 0FF </p><p>$19.97</p><a href="https://www.amazon.com/dp/B074ZDNJBD?tag=eloabder-20&linkCode=osi&th=1&psc=1">View Product</a></div><div class="product"><a href="https://www.amazon.com/dp/B0CPP7HFVY?tag=eloabder-20&linkCode=osi&th=1&psc=1"><img src="https://m.media-amazon.com/images/I/51L9TuZYYDL._SL500_.jpg" alt="Product Image"></a><p>Tiny Land Wooden Baby Walker, Baby Push Walker, Montessori Walker Toy, Adjustable Speed Baby Walker for Boys and Girls, Baby Activity Center, Push Toys for Kids Development</p><p> -6% 0FF </p><p>$79.99</p><a href="https://www.amazon.com/dp/B0CPP7HFVY?tag=eloabder-20&linkCode=osi&th=1&psc=1">View Product</a></div><div class="product"><a href="https://www.amazon.com/dp/B09QNK7BD9?tag=eloabder-20&linkCode=osi&th=1&psc=1"><img src="https://m.media-amazon.com/images/I/417kGxszQCL._SL500_.jpg" alt="Product Image"></a><p>Bright Starts Disney Baby Minnie Mouse Forever Besties 2-in-1 Baby Activity Walker - Easy Fold Frame and Removable -Toy Station, 6 Months and up</p><p> -17% 0FF </p><p>$49.98</p><a href="https://www.amazon.com/dp/B09QNK7BD9?tag=eloabder-20&linkCode=osi&th=1&psc=1">View Product</a></div>
<div class="product"><a href="https://www.amazon.com/dp/B078XYF78X?tag=eloabder-20&linkCode=osi&th=1&psc=1"><img src="https://m.media-amazon.com/images/I/41cDmYF13wL._SL500_.jpg" alt="Product Image"></a><p>Huggies Simply Clean Fragrance-Free Baby Wipes, Unscented Diaper Wipes, 1 Flip-Top Pack (64 Wipes Total)</p><p> -21% 0FF </p><p>$2.17 ($3.39 / 100 Count)</p><a href="https://www.amazon.com/dp/B078XYF78X?tag=eloabder-20&linkCode=osi&th=1&psc=1">View Product</a></div><div class="product"><a href="https://www.amazon.com/dp/B08QRT84WJ?tag=eloabder-20&linkCode=osi&th=1&psc=1"><img src="https://m.media-amazon.com/images/I/51vfRHDV3QL._SL500_.jpg" alt="Product Image"></a><p>Huggies Natural Care Sensitive Baby Wipes, Unscented, Hypoallergenic, 6 Flip-Top Packs (288 Wipes Total)</p><p> -15% 0FF </p><p>$11.33 ($3.93 / 100 Count)</p><a href="https://www.amazon.com/dp/B08QRT84WJ?tag=eloabder-20&linkCode=osi&th=1&psc=1">View Product</a></div><div class="product"><a href="https://www.amazon.com/dp/B0CNSCVGPH?tag=eloabder-20&linkCode=osi&th=1&psc=1"><img src="https://m.media-amazon.com/images/I/51oFmARUYLL._SL500_.jpg" alt="Product Image"></a><p>Huggies Simply Clean Fresh Scent Baby Wipes, 3 Flip-Top Packs of 64 (192 Wipes Total)</p><p> -13% 0FF </p><p>$6.77 ($3.53 / 100 Count)</p><a href="https://www.amazon.com/dp/B0CNSCVGPH?tag=eloabder-20&linkCode=osi&th=1&psc=1">View Product</a></div><div class="product"><a href="https://www.amazon.com/dp/B07KGL6L56?tag=eloabder-20&linkCode=osi&th=1&psc=1"><img src="https://m.media-amazon.com/images/I/41mNPe9fqbL._SL500_.jpg" alt="Product Image"></a><p>Pampers Baby Clean Wipes, Baby Fresh Scented Baby Wipes, 72 Baby Wipes Total (1 Flip-Top Pack)</p><p> -27% 0FF </p><p>$2.49 ($3.46 / 100 Count)</p><a href="https://www.amazon.com/dp/B07KGL6L56?tag=eloabder-20&linkCode=osi&th=1&psc=1">View Product</a></div><div class="product"><a href="https://www.amazon.com/dp/B07XMFVN95?tag=eloabder-20&linkCode=osi&th=1&psc=1"><img src="https://m.media-amazon.com/images/I/51-VIf1JGuL._SL500_.jpg" alt="Product Image"></a><p>Amazon Brand - Mama Bear Gentle Fragrance Free Baby Wipes, Hypoallergenic, Sensitive Skin, Unscented, 800 Count (8 Packs of 100)</p><p> -11% 0FF </p><p>$20.59</p><a href="https://www.amazon.com/dp/B07XMFVN95?tag=eloabder-20&linkCode=osi&th=1&psc=1">View Product</a></div>
<div class="product"><a href="https://www.amazon.com/dp/B082PSKBXV?tag=eloabder-20&linkCode=osi&th=1&psc=1"><img src="https://m.media-amazon.com/images/I/41e-U+REwlL._SL500_.jpg" alt="Product Image"></a><p>Baby Wrap Carrier Jeroray Hands Free Infant Carrier,Lightweight,Breathable,Softness,Heather Grey</p><p> -11% 0FF </p><p>$19.59</p><a href="https://www.amazon.com/dp/B082PSKBXV?tag=eloabder-20&linkCode=osi&th=1&psc=1">View Product</a></div>
<div class="product"><a href="https://www.amazon.com/dp/B0771L5HN5?tag=eloabder-20&linkCode=osi&th=1&psc=1"><img src="https://m.media-amazon.com/images/I/51pAl1My4tL._SL500_.jpg" alt="Product Image"></a><p>Corner Protector for Baby, Protectors Guards, Furniture Corner Guard & Edge Safety Bumpers - Baby Proof Bumper Cushion - Clear & Transparent (12 Pack)</p><p> -11% 0FF </p><p>$7.98 ($0.66 / Count)</p><a href="https://www.amazon.com/dp/B0771L5HN5?tag=eloabder-20&linkCode=osi&th=1&psc=1">View Product</a></div><div class="product"><a href="https://www.amazon.com/dp/B07CNS8W5Y?tag=eloabder-20&linkCode=osi&th=1&psc=1"><img src="https://m.media-amazon.com/images/I/41Hxr+wFkkL._SL500_.jpg" alt="Product Image"></a><p>12 Pack Corner Guards Corner Protectors Baby Proof Furniture Corner & Edge Safety Bumpers, Table Corner Protector for Furniture Corner Covers Baby Safety</p><p> -17% 0FF </p><p>$4.99</p><a href="https://www.amazon.com/dp/B07CNS8W5Y?tag=eloabder-20&linkCode=osi&th=1&psc=1">View Product</a></div>
<div class="product"><a href="https://www.amazon.com/dp/B0BDFB3LW6?tag=eloabder-20&linkCode=osi&th=1&psc=1"><img src="https://m.media-amazon.com/images/I/31HyDb7637L._SL500_.jpg" alt="Product Image"></a><p>Baby Proofing Cabinets,Cabinet Locks for Babies,U-Shaped Child Locks for Cabinets, Child Proof Cabinet Latches,Child Safety Cabinet Locks with Adjustable by SPISPI (Pack of 2)</p><p> -30% 0FF </p><p>$6.99</p><a href="https://www.amazon.com/dp/B0BDFB3LW6?tag=eloabder-20&linkCode=osi&th=1&psc=1">View Product</a></div><div class="product"><a href="https://www.amazon.com/dp/B07GRNTXJZ?tag=eloabder-20&linkCode=osi&th=1&psc=1"><img src="https://m.media-amazon.com/images/I/41WR7vsRvML._SL500_.jpg" alt="Product Image"></a><p>Upgraded Invisible Baby Proofing Cabinet Latch Locks (10 Pack) - No Drilling or Tools Required for Installation, Works with Most Cabinets and Drawers, Works with Countertop Overhangs, Highly Secure</p><p> -33% 0FF </p><p>$19.99</p><a href="https://www.amazon.com/dp/B07GRNTXJZ?tag=eloabder-20&linkCode=osi&th=1&psc=1">View Product</a></div><div class="product"><a href="https://www.amazon.com/dp/B07TV9QY16?tag=eloabder-20&linkCode=osi&th=1&psc=1"><img src="https://m.media-amazon.com/images/I/31CzUhfEf9S._SL500_.jpg" alt="Product Image"></a><p>Child Safety Cabinet Locks - (10 Pack) Baby Proofing Latches to Drawer Door Fridge Oven Toilet Seat Kitchen Cupboard Appliance Trash Can with 3M Adhesive - Adjustable Strap No Drill No Tool</p><p> -25% 0FF </p><p>$14.99</p><a href="https://www.amazon.com/dp/B07TV9QY16?tag=eloabder-20&linkCode=osi&th=1&psc=1">View Product</a></div><div class="product"><a href="https://www.amazon.com/dp/B0D7W79D9T?tag=eloabder-20&linkCode=osi&th=1&psc=1"><img src="https://m.media-amazon.com/images/I/31awaiU9CVL._SL500_.jpg" alt="Product Image"></a><p>Baby Proofing Cabinets, Sliding Cabinet Locks for Babies, Adjustable U Shaped Baby Safety Locks, Childproof Cabinet Latch for Kitchen, Bathroom, Drawer, Cupboard Doors Knobs & Handles (2Pack White)</p><p> -25% 0FF </p><p>$2.99</p><a href="https://www.amazon.com/dp/B0D7W79D9T?tag=eloabder-20&linkCode=osi&th=1&psc=1">View Product</a></div><div class="product"><a href="https://www.amazon.com/dp/B07K2PWN19?tag=eloabder-20&linkCode=osi&th=1&psc=1"><img src="https://m.media-amazon.com/images/I/41UlC3lEJaS._SL500_.jpg" alt="Product Image"></a><p>Cabinet Locks - Adoric Life Child Safety Locks 4 Pack - Baby Safety Cabinet Locks - Baby Proofing Cabinet Kitchen System with Strong Adhesive Tape</p><p> -46% 0FF </p><p>$6.99</p><a href="https://www.amazon.com/dp/B07K2PWN19?tag=eloabder-20&linkCode=osi&th=1&psc=1">View Product</a></div>
<div class="product"><a href="https://www.amazon.com/dp/B007IUOG5A?tag=eloabder-20&linkCode=osi&th=1&psc=1"><img src="https://m.media-amazon.com/images/I/31+8zGGzplL._SL500_.jpg" alt="Product Image"></a><p>Safety Innovations Twin Door Baby Safety Outlet Cover Box for Babyproofing Outlets - More Interior Space for Extra Large Electrical Plugs and Adapters - Easy to Install - Easy to Use, (1-Pack)</p><p> -33% 0FF </p><p>$9.95</p><a href="https://www.amazon.com/dp/B007IUOG5A?tag=eloabder-20&linkCode=osi&th=1&psc=1">View Product</a></div><div class="product"><a href="https://www.amazon.com/dp/B000HKVG9C?tag=eloabder-20&linkCode=osi&th=1&psc=1"><img src="https://m.media-amazon.com/images/I/41RdFKMVyCL._SL500_.jpg" alt="Product Image"></a><p>Safety 1st Outlet Cover with Cord Shortener for Baby Proofing</p><p> -9% 0FF </p><p>$4.98</p><a href="https://www.amazon.com/dp/B000HKVG9C?tag=eloabder-20&linkCode=osi&th=1&psc=1">View Product</a></div><div class="product"><a href="https://www.amazon.com/dp/B01N7H7J47?tag=eloabder-20&linkCode=osi&th=1&psc=1"><img src="https://m.media-amazon.com/images/I/414dT3xocLL._SL500_.jpg" alt="Product Image"></a><p>Outlet Covers Baby Proofing (50 Pack) Safe & Secure Electric Plug Protectors | Sturdy Childproof Socket Covers for Home & Office | Easy Installation | Protect Toddlers & Babies | White</p><p> -31% 0FF </p><p>$8.99</p><a href="https://www.amazon.com/dp/B01N7H7J47?tag=eloabder-20&linkCode=osi&th=1&psc=1">View Product</a></div>
<div class="product"><a href="https://www.amazon.com/dp/B08SQYKXCH?tag=eloabder-20&linkCode=osi&th=1&psc=1"><img src="https://m.media-amazon.com/images/I/51NMUNJ6CmL._SL500_.jpg" alt="Product Image"></a><p>Baby Proofing Edge Corner Protector, Table Bumper Guard, Soft Rubber Foam Guard, 3M Pre-Taped Corners, 20.5 ft (18.1ft Edge + 8 Corners) Baby Proof Corner Guard Heavy-Duty (18.1ft, Cream White)</p><p> -5% 0FF </p><p>$15.75</p><a href="https://www.amazon.com/dp/B08SQYKXCH?tag=eloabder-20&linkCode=osi&th=1&psc=1">View Product</a></div>
<div class="product"><a href="https://www.amazon.com/dp/B082LN53Y4?tag=eloabder-20&linkCode=osi&th=1&psc=1"><img src="https://m.media-amazon.com/images/I/51MQ1RC2tuL._SL500_.jpg" alt="Product Image"></a><p>Baby Car Mirror Most Stable Backseat Mirror with Premium Matte Finish-Super Clear PMMA Material Mirror-Safe, Secure and Shatterproof,Black</p><p> -53% 0FF </p><p>$7.99</p><a href="https://www.amazon.com/dp/B082LN53Y4?tag=eloabder-20&linkCode=osi&th=1&psc=1">View Product</a></div><div class="product"><a href="https://www.amazon.com/dp/B07MT8HXVC?tag=eloabder-20&linkCode=osi&th=1&psc=1"><img src="https://m.media-amazon.com/images/I/51lvNQUNxjL._SL500_.jpg" alt="Product Image"></a><p>Baby Car Mirror, DARVIQS Seat Safely Monitor Infant Child in Rear Facing Seat, Wide View Shatterproof Adjustable Acrylic 360°for Backseat, Crash Tested and Certified for Safety</p><p> -15% 0FF </p><p>$12.69</p><a href="https://www.amazon.com/dp/B07MT8HXVC?tag=eloabder-20&linkCode=osi&th=1&psc=1">View Product</a></div><div class="product"><a href="https://www.amazon.com/dp/B01K478YBA?tag=eloabder-20&linkCode=osi&th=1&psc=1"><img src="https://m.media-amazon.com/images/I/413tQ4nkWHL._SL500_.jpg" alt="Product Image"></a><p>Shynerk Baby Car Mirror, Rear Facing Car Seat Mirror Safety for Infant Newborn, Baby Mirror with Wide Rearview & 360° Rotation, Shatterproof & Easy Assembled Crash Tested</p><p> -38% 0FF </p><p>$15.99</p><a href="https://www.amazon.com/dp/B01K478YBA?tag=eloabder-20&linkCode=osi&th=1&psc=1">View Product</a></div><div class="product"><a href="https://www.amazon.com/dp/B08FLH1SHC?tag=eloabder-20&linkCode=osi&th=1&psc=1"><img src="https://m.media-amazon.com/images/I/31HQAIIlPlL._SL500_.jpg" alt="Product Image"></a><p>Munchkin® Brica® 360 Pivot Baby in-Sight® Wide Angle Adjustable Car Mirror, Crash Tested and Shatter Resistant, Black</p><p> -11% 0FF </p><p>$20.52</p><a href="https://www.amazon.com/dp/B08FLH1SHC?tag=eloabder-20&linkCode=osi&th=1&psc=1">View Product</a></div><div class="product"><a href="https://www.amazon.com/dp/B0DD43HCBS?tag=eloabder-20&linkCode=osi&th=1&psc=1"><img src="https://m.media-amazon.com/images/I/411RbPJWuRL._SL500_.jpg" alt="Product Image"></a><p>WZBB Baby Car Mirror with Light - Remote Control, 360° Adjustable, Shatter Resistant, Clear Night Vision, Easy Installation for Rear Facing Infants and Toddlers</p><p> -22% 0FF </p><p>$27.98</p><a href="https://www.amazon.com/dp/B0DD43HCBS?tag=eloabder-20&linkCode=osi&th=1&psc=1">View Product</a></div>
<div class="product"><a href="https://www.amazon.com/dp/B000JVCJDQ?tag=eloabder-20&linkCode=osi&th=1&psc=1"><img src="https://m.media-amazon.com/images/I/41o-rEGfj5L._SL500_.jpg" alt="Product Image"></a><p>Earth Mama Organic Diaper Balm | Diaper Cream with Calendula | Calm Skin Baby Essentials for Diaper Bag |Multipurpose Baby Ointment, 2-Fluid Ounce (2-Pack)</p><p> -30% 0FF </p><p>$26.58</p><a href="https://www.amazon.com/dp/B000JVCJDQ?tag=eloabder-20&linkCode=osi&th=1&psc=1">View Product</a></div><div class="product"><a href="https://www.amazon.com/dp/B006YTX0HQ?tag=eloabder-20&linkCode=osi&th=1&psc=1"><img src="https://m.media-amazon.com/images/I/41WJwvRm5aL._SL500_.jpg" alt="Product Image"></a><p>Burt's Bees Christmas Gifts, Baby 100% Natural Multipurpose Healing Ointment, Face & Body Baby Ointment – 7.5 Ounce Tub</p><p> -16% 0FF </p><p>$7.59 ($1.01 / Ounce)</p><a href="https://www.amazon.com/dp/B006YTX0HQ?tag=eloabder-20&linkCode=osi&th=1&psc=1">View Product</a></div><div class="product"><a href="https://www.amazon.com/dp/B01HI7VY84?tag=eloabder-20&linkCode=osi&th=1&psc=1"><img src="https://m.media-amazon.com/images/I/41tnCnueEWL._SL500_.jpg" alt="Product Image"></a><p>Aveeno Baby Eczema Therapy Nighttime Moisturizing Body Balm, Nourishing Skin Protectant Soothes & Relieves Dry, Itchy Skin from Eczema, Hypoallergenic, Fragrance- & Steroid-Free, 11 oz</p><p> -28% 0FF </p><p>$19.37 ($1.76 / Ounce)</p><a href="https://www.amazon.com/dp/B01HI7VY84?tag=eloabder-20&linkCode=osi&th=1&psc=1">View Product</a></div><div class="product"><a href="https://www.amazon.com/dp/B078B9JPLX?tag=eloabder-20&linkCode=osi&th=1&psc=1"><img src="https://m.media-amazon.com/images/I/31V-kg6EG5L._SL500_.jpg" alt="Product Image"></a><p>Earth Mama Organic Baby Face Nose & Cheek Balm | Moisturizer with Calendula Oil for Dry Skin Care, Natural Petroleum Jelly Alternative (2-Fluid Ounce)</p><p> -9% 0FF </p><p>$9.99 ($5.00 / Ounce)</p><a href="https://www.amazon.com/dp/B078B9JPLX?tag=eloabder-20&linkCode=osi&th=1&psc=1">View Product</a></div>
<div class="product"><a href="https://www.amazon.com/dp/B0C6V4KH59?tag=eloabder-20&linkCode=osi&th=1&psc=1"><img src="https://m.media-amazon.com/images/I/41-m52lOZwL._SL500_.jpg" alt="Product Image"></a><p>HALO Baby Flex BassiNest, Adjustable Travel Bassinet, Easy Folding, Lightweight with Mattress and Carrying Bag, Morning Mist</p><p> -50% 0FF </p><p>$49.99</p><a href="https://www.amazon.com/dp/B0C6V4KH59?tag=eloabder-20&linkCode=osi&th=1&psc=1">View Product</a></div><div class="product"><a href="https://www.amazon.com/dp/B0C7VRMHYY?tag=eloabder-20&linkCode=osi&th=1&psc=1"><img src="https://m.media-amazon.com/images/I/41XOT8oQMML._SL500_.jpg" alt="Product Image"></a><p>AirClub Bassinet Bedside Sleeper, Baby Crib for Newborn, Baby Bassinets Bedside Sleeper with 4 Auto-Lock & Adjustable Height, Breathable Mesh & Mattress, Bedside Bassinet</p><p> -25% 0FF </p><p>$149.99</p><a href="https://www.amazon.com/dp/B0C7VRMHYY?tag=eloabder-20&linkCode=osi&th=1&psc=1">View Product</a></div><div class="product"><a href="https://www.amazon.com/dp/B0CB3HVPL7?tag=eloabder-20&linkCode=osi&th=1&psc=1"><img src="https://m.media-amazon.com/images/I/41AO8J-9fZL._SL500_.jpg" alt="Product Image"></a><p>Fodoss Baby Bassinets Bedside Sleeper - All Mesh Bedside Bassinet with Wheels, 7 Height Adjustable Baby Bassinet for Infants, Beige</p><p> -10% 0FF </p><p>$89.99</p><a href="https://www.amazon.com/dp/B0CB3HVPL7?tag=eloabder-20&linkCode=osi&th=1&psc=1">View Product</a></div><div class="product"><a href="https://www.amazon.com/dp/B0CXG8NVBP?tag=eloabder-20&linkCode=osi&th=1&psc=1"><img src="https://m.media-amazon.com/images/I/3173PjIYwrL._SL500_.jpg" alt="Product Image"></a><p>Graco® SmartSense™ Soothing Baby Bassinet – Smart Newborn Bassinet Detects and Automatically Responds to Baby's Cries – for Newborn Babies to 6 Months</p><p> -20% 0FF </p><p>$319.99</p><a href="https://www.amazon.com/dp/B0CXG8NVBP?tag=eloabder-20&linkCode=osi&th=1&psc=1">View Product</a></div><div class="product"><a href="https://www.amazon.com/dp/B08K3314ZL?tag=eloabder-20&linkCode=osi&th=1&psc=1"><img src="https://m.media-amazon.com/images/I/41pUDfJ9dAL._SL500_.jpg" alt="Product Image"></a><p>Graco Pack 'n Play Close2Baby Bassinet Playard Features Portable Bassinet Diaper Changer and More, Derby</p><p> -6% 0FF </p><p>$188.09</p><a href="https://www.amazon.com/dp/B08K3314ZL?tag=eloabder-20&linkCode=osi&th=1&psc=1">View Product</a></div><div class="product"><a href="https://www.amazon.com/dp/B0CTKT6641?tag=eloabder-20&linkCode=osi&th=1&psc=1"><img src="https://m.media-amazon.com/images/I/31pNKDUBgDL._SL500_.jpg" alt="Product Image"></a><p>Baby Delight Beside Me Dreamer Bassinet | Bedside Sleeper & Baby Bassinet | 6-Position Height Adjustment | 100% GOTS Certified Organic Cotton Fabric | Organic Mocha</p><p> -22% 0FF </p><p>$139.99</p><a href="https://www.amazon.com/dp/B0CTKT6641?tag=eloabder-20&linkCode=osi&th=1&psc=1">View Product</a></div><div class="product"><a href="https://www.amazon.com/dp/B09XHKL683?tag=eloabder-20&linkCode=osi&th=1&psc=1"><img src="https://m.media-amazon.com/images/I/611wEYRVaUL._SL500_.jpg" alt="Product Image"></a><p>Baby Bassinet Bedside Sleeper, besrey Bedside Bassinet for Newborn Infant with Comfy Mattress, 9 Height Positions, Adjustable Bedside Crib with 360° Swivel Wheels Bassinet for Baby with Storage Basket</p><p> -27% 0FF </p><p>$153.99</p><a href="https://www.amazon.com/dp/B09XHKL683?tag=eloabder-20&linkCode=osi&th=1&psc=1">View Product</a></div>
<div class="product"><a href="https://www.amazon.com/dp/B08CNM6DZT?tag=eloabder-20&linkCode=osi&th=1&psc=1"><img src="https://m.media-amazon.com/images/I/51D5+ArDsWL._SL500_.jpg" alt="Product Image"></a><p>Comfortable Bath Kneeler and Elbow Kneeling Rest Pad for Baby Bathing Parents - Painless Foam Mat with Toy Organizer Pockets - Quick Drying, Foldable, Non-Slip for Baby and Toddler Bathing</p><p> -20% 0FF </p><p>$41.97</p><a href="https://www.amazon.com/dp/B08CNM6DZT?tag=eloabder-20&linkCode=osi&th=1&psc=1">View Product</a></div><div class="product"><a href="https://www.amazon.com/dp/B07FK58QB1?tag=eloabder-20&linkCode=osi&th=1&psc=1"><img src="https://m.media-amazon.com/images/I/41qpzgGaHVL._SL500_.jpg" alt="Product Image"></a><p>Skip Hop Moby Bath Kneeler, Grey</p><p> -20% 0FF </p><p>$14.39</p><a href="https://www.amazon.com/dp/B07FK58QB1?tag=eloabder-20&linkCode=osi&th=1&psc=1">View Product</a></div><div class="product"><a href="https://www.amazon.com/dp/B081T5449V?tag=eloabder-20&linkCode=osi&th=1&psc=1"><img src="https://m.media-amazon.com/images/I/41bxm5Tx9BL._SL500_.jpg" alt="Product Image"></a><p>Toodly Baby Bath Kneeler and Elbow Rest Pad Set - Baby Bath Support for Knees and Elbows - Bath Kneeler Pad with Memory Foam and Bath Toys Organizer - Ideal Bath Kneeling Pad for Bathing Baby - Grey</p><p> -33% 0FF </p><p>$39.99</p><a href="https://www.amazon.com/dp/B081T5449V?tag=eloabder-20&linkCode=osi&th=1&psc=1">View Product</a></div><div class="product"><a href="https://www.amazon.com/dp/B07K1W7WN5?tag=eloabder-20&linkCode=osi&th=1&psc=1"><img src="https://m.media-amazon.com/images/I/31c0BxxJKZL._SL500_.jpg" alt="Product Image"></a><p>Skip Hop Baby Bath All-in-One Elbow Saver and Kneeler, Moby, Grey</p><p> -22% 0FF </p><p>$29.49</p><a href="https://www.amazon.com/dp/B07K1W7WN5?tag=eloabder-20&linkCode=osi&th=1&psc=1">View Product</a></div><div class="product"><a href="https://www.amazon.com/dp/B0CP48MH77?tag=eloabder-20&linkCode=osi&th=1&psc=1"><img src="https://m.media-amazon.com/images/I/41hoDZTiOEL._SL500_.jpg" alt="Product Image"></a><p>Efforest Baby Bath Kneeler and Elbow Rest Pad Set, 1.5" Thick Kneeling Pad for Baby Bath, Bathtub Kneeling pad with Toy Organizer for Knee & Arm Support, Non-Slip Mat for Baby & Toddler Bath</p><p> -50% 0FF </p><p>$17.48</p><a href="https://www.amazon.com/dp/B0CP48MH77?tag=eloabder-20&linkCode=osi&th=1&psc=1">View Product</a></div><div class="product"><a href="https://www.amazon.com/dp/B07WQTV19X?tag=eloabder-20&linkCode=osi&th=1&psc=1"><img src="https://m.media-amazon.com/images/I/41KGpUoWZ-S._SL500_.jpg" alt="Product Image"></a><p>Bath Kneeler and Elbow Rest Pad, 1.75 inch Extra Thick Baby Bath Kneeling Pad and Elbow Pad for Bathtub. Bath Tub Elbow Pad with Infant Toy and Baby Accessories Organizer, Grey</p><p> -13% 0FF </p><p>$34.99</p><a href="https://www.amazon.com/dp/B07WQTV19X?tag=eloabder-20&linkCode=osi&th=1&psc=1">View Product</a></div>
<div class="product"><a href="https://www.amazon.com/dp/B00I3K25R0?tag=eloabder-20&linkCode=osi&th=1&psc=1"><img src="https://m.media-amazon.com/images/I/41wucHZw+xL._SL500_.jpg" alt="Product Image"></a><p>Munchkin® Float & Play Bubbles™ Baby and Toddler Bath Toy, 4 Count</p><p> -35% 0FF </p><p>$6.15</p><a href="https://www.amazon.com/dp/B00I3K25R0?tag=eloabder-20&linkCode=osi&th=1&psc=1">View Product</a></div><div class="product"><a href="https://www.amazon.com/dp/B0C3VFVWYB?tag=eloabder-20&linkCode=osi&th=1&psc=1"><img src="https://m.media-amazon.com/images/I/41Cr35zwy4L._SL500_.jpg" alt="Product Image"></a><p>XY-WQ Bath Toys No Hole, for Infants 6-12& Toddlers 1-3, No Hole Bathtub Toys (Animal Ⅱ, 8 Pcs with Mesh Bag)</p><p> -25% 0FF </p><p>$11.99</p><a href="https://www.amazon.com/dp/B0C3VFVWYB?tag=eloabder-20&linkCode=osi&th=1&psc=1">View Product</a></div><div class="product"><a href="https://www.amazon.com/dp/B0D95ZDWD3?tag=eloabder-20&linkCode=osi&th=1&psc=1"><img src="https://m.media-amazon.com/images/I/51J3Myxu1lL._SL500_.jpg" alt="Product Image"></a><p>candyfouse Baby Whale Bath Toys,Whale Bath Toy Sprinkler, Light Up Bath Toys for Toddlers 1-3, Four Water Spray Patterns, Waterproof Design, Bathtub Fountain Spray Toy, Baby Birthday Shower Gifts</p><p> -40% 0FF </p><p>$5.99</p><a href="https://www.amazon.com/dp/B0D95ZDWD3?tag=eloabder-20&linkCode=osi&th=1&psc=1">View Product</a></div><div class="product"><a href="https://www.amazon.com/dp/B07Z22YMPN?tag=eloabder-20&linkCode=osi&th=1&psc=1"><img src="https://m.media-amazon.com/images/I/5101dLkJnoL._SL500_.jpg" alt="Product Image"></a><p>Toy Boat Bath Toys for Toddlers with 4 Mini Car Toys and 4 Bath Boat Squirters, Kids Ferry Boat for Bathtub Bathroom Pool Beach Toys</p><p> -50% 0FF </p><p>$13.47</p><a href="https://www.amazon.com/dp/B07Z22YMPN?tag=eloabder-20&linkCode=osi&th=1&psc=1">View Product</a></div><div class="product"><a href="https://www.amazon.com/dp/B0C72TGNHL?tag=eloabder-20&linkCode=osi&th=1&psc=1"><img src="https://m.media-amazon.com/images/I/51AOyTHwqrL._SL500_.jpg" alt="Product Image"></a><p>SplashEZ Mold Free Bath Toys for Babies & Toddlers, Car No Hole Bath Toys, Non Squirting Bath Toys No Mold for Tub, Beach, Pool, BPA-Free, Safe, Fun Infant Baby Bath Toys No Holes 0 1 3 6 12 18 Months</p><p> -38% 0FF </p><p>$9.99</p><a href="https://www.amazon.com/dp/B0C72TGNHL?tag=eloabder-20&linkCode=osi&th=1&psc=1">View Product</a></div>
<div class="product"><a href="https://www.amazon.com/dp/B078941ZC8?tag=eloabder-20&linkCode=osi&th=1&psc=1"><img src="https://m.media-amazon.com/images/I/31ltY+yutGL._SL500_.jpg" alt="Product Image"></a><p>Summer by Ingenuity My Bath Seat for Sit-Up Baby Bathing, Sure & Secure Suction Cups, ASTM Safety Tested & Approved, Backrest for Assisted Sitting, Easy Setup & Storage, Aqua</p><p> -34% 0FF </p><p>$23.16</p><a href="https://www.amazon.com/dp/B078941ZC8?tag=eloabder-20&linkCode=osi&th=1&psc=1">View Product</a></div><div class="product"><a href="https://www.amazon.com/dp/B0DCZ4F9MT?tag=eloabder-20&linkCode=osi&th=1&psc=1"><img src="https://m.media-amazon.com/images/I/31BF+egPyoL._SL500_.jpg" alt="Product Image"></a><p>Baby Bath Seat for Babies 6 Months & Up, Bath Seats for Babies Sitting Up, 3 Baby Bath Toys, Open Design, Non-Slip, Compact Toddler Bath Seat.</p><p> -6% 0FF </p><p>$39.99</p><a href="https://www.amazon.com/dp/B0DCZ4F9MT?tag=eloabder-20&linkCode=osi&th=1&psc=1">View Product</a></div><div class="product"><a href="https://www.amazon.com/dp/B0CSCYM2NW?tag=eloabder-20&linkCode=osi&th=1&psc=1"><img src="https://m.media-amazon.com/images/I/31Vbrx5q63L._SL500_.jpg" alt="Product Image"></a><p>Trankerloop Baby Bath Seat, Bath Seat for Baby 6 Month & up, Baby Bath tub Seat with Suction Cups, Non-Slip, Detachable, Pink</p><p> -11% 0FF </p><p>$39.99</p><a href="https://www.amazon.com/dp/B0CSCYM2NW?tag=eloabder-20&linkCode=osi&th=1&psc=1">View Product</a></div><div class="product"><a href="https://www.amazon.com/dp/B0CJF7WSCV?tag=eloabder-20&linkCode=osi&th=1&psc=1"><img src="https://m.media-amazon.com/images/I/41r0TqNTb+L._SL500_.jpg" alt="Product Image"></a><p>BKFEDLU Infant Bath Seat with Thermometer, Suction Cups, Toys - Toddler Bath Chair for Babies 6 Months & Up</p><p> -50% 0FF </p><p>$19.99</p><a href="https://www.amazon.com/dp/B0CJF7WSCV?tag=eloabder-20&linkCode=osi&th=1&psc=1">View Product</a></div><div class="product"><a href="https://www.amazon.com/dp/B0CRYFHT1G?tag=eloabder-20&linkCode=osi&th=1&psc=1"><img src="https://m.media-amazon.com/images/I/41nKT+O2y1L._SL500_.jpg" alt="Product Image"></a><p>Baby Bath Seat LDIIDII Baby Bathtub Seat Infant Bath Seat for Babies 6 Months&Up Sit Up Bathing in Tub,Toddler Bath Seat with Water Thermometer/4 Strong Suction Cup/3 Bath Toys/Shower Cap (Grey)</p><p> -50% 0FF </p><p>$19.99</p><a href="https://www.amazon.com/dp/B0CRYFHT1G?tag=eloabder-20&linkCode=osi&th=1&psc=1">View Product</a></div><div class="product"><a href="https://www.amazon.com/dp/B0D9VMXND1?tag=eloabder-20&linkCode=osi&th=1&psc=1"><img src="https://m.media-amazon.com/images/I/41UIJrNYB2L._SL500_.jpg" alt="Product Image"></a><p>Baby Bath Seat for Babies 6 Months & Up, Non-Slip Toddler Bath Seat for Baby Sitting Up, Safe Baby Bath tub Seat with Suction Cups, Soft Cushion, Baby Bath Chair, Gray</p><p> -13% 0FF </p><p>$39.99</p><a href="https://www.amazon.com/dp/B0D9VMXND1?tag=eloabder-20&linkCode=osi&th=1&psc=1">View Product</a></div><div class="product"><a href="https://www.amazon.com/dp/B0CR78TDQS?tag=eloabder-20&linkCode=osi&th=1&psc=1"><img src="https://m.media-amazon.com/images/I/41nFTXKoQGL._SL500_.jpg" alt="Product Image"></a><p>Wddbb Baby Bath Seat, Bath seat for Babies 6 Months & up, with Thermometer Bath Seats for Babies Sitting up, Non-Slip Toddler Bath Seat for Baby,Baby Bathtub Baby Bath Seats 6-24 Months (Gray)</p><p> -50% 0FF </p><p>$19.98</p><a href="https://www.amazon.com/dp/B0CR78TDQS?tag=eloabder-20&linkCode=osi&th=1&psc=1">View Product</a></div>
<div class="product"><a href="https://www.amazon.com/dp/B073GGVN3Q?tag=eloabder-20&linkCode=osi&th=1&psc=1"><img src="https://m.media-amazon.com/images/I/31vxBAs9CqL._SL500_.jpg" alt="Product Image"></a><p>b&h Baby Thermometer, The Infant Baby Bath Floating Toy Safety Temperature Water Thermometer (Classic Duck)</p><p> -6% 0FF </p><p>$15.99</p><a href="https://www.amazon.com/dp/B073GGVN3Q?tag=eloabder-20&linkCode=osi&th=1&psc=1">View Product</a></div><div class="product"><a href="https://www.amazon.com/dp/B0CBVTGRW2?tag=eloabder-20&linkCode=osi&th=1&psc=1"><img src="https://m.media-amazon.com/images/I/415ogBhdwML._SL500_.jpg" alt="Product Image"></a><p>Nuby Bath and Room Digital Thermometer - Baby Thermometer for Safe and Cozy Bath and Room Temperatures - Penguin</p><p> -20% 0FF </p><p>$11.99</p><a href="https://www.amazon.com/dp/B0CBVTGRW2?tag=eloabder-20&linkCode=osi&th=1&psc=1">View Product</a></div><div class="product"><a href="https://www.amazon.com/dp/B08HWBT9YD?tag=eloabder-20&linkCode=osi&th=1&psc=1"><img src="https://m.media-amazon.com/images/I/31SEPnY30NL._SL500_.jpg" alt="Product Image"></a><p>Doli Yearning Upgrade Baby Bath Thermometer Room Temperature| Water Thermometer|Kids' Bathroom Safety Products| Baby Bath(Seal Shape)℃/℉, LCD</p><p> -28% 0FF </p><p>$12.99</p><a href="https://www.amazon.com/dp/B08HWBT9YD?tag=eloabder-20&linkCode=osi&th=1&psc=1">View Product</a></div><div class="product"><a href="https://www.amazon.com/dp/B0CNCVSKWJ?tag=eloabder-20&linkCode=osi&th=1&psc=1"><img src="https://m.media-amazon.com/images/I/413jcI7ZoZL._SL500_.jpg" alt="Product Image"></a><p>Baby Bath Thermometer, Digital Water Temperature Thermometer with 3 Color Backlit and Temperature Warning, Safety Bath Tube Thermometer Floating Toy for Infant, Toddler</p><p> -7% 0FF </p><p>$12.99</p><a href="https://www.amazon.com/dp/B0CNCVSKWJ?tag=eloabder-20&linkCode=osi&th=1&psc=1">View Product</a></div><div class="product"><a href="https://www.amazon.com/dp/B01MY98912?tag=eloabder-20&linkCode=osi&th=1&psc=1"><img src="https://m.media-amazon.com/images/I/41HQEQLxeCL._SL500_.jpg" alt="Product Image"></a><p>Bath Thermometer - Bath Water Thermometer for Bathtub Baby Safety Water Temperature for Baby Bath - Easy to Use Bath Temperature Thermometer</p><p> -12% 0FF </p><p>$5.25</p><a href="https://www.amazon.com/dp/B01MY98912?tag=eloabder-20&linkCode=osi&th=1&psc=1">View Product</a></div><div class="product"><a href="https://www.amazon.com/dp/B0CYLVX1ZJ?tag=eloabder-20&linkCode=osi&th=1&psc=1"><img src="https://m.media-amazon.com/images/I/41xhSGYiopL._SL500_.jpg" alt="Product Image"></a><p>Pircaath Baby Bath Thermometer & Swimming Turtle Floating Bath Toys, BPA-Free Bath Thermometer Baby Safety, Backlit Display Bathtub Thermometer Baby Water Thermometer, Bath Temperature Toy for Infant</p><p> -17% 0FF </p><p>$9.99</p><a href="https://www.amazon.com/dp/B0CYLVX1ZJ?tag=eloabder-20&linkCode=osi&th=1&psc=1">View Product</a></div><div class="product"><a href="https://www.amazon.com/dp/B07GC7H86T?tag=eloabder-20&linkCode=osi&th=1&psc=1"><img src="https://m.media-amazon.com/images/I/414jIzev-VL._SL500_.jpg" alt="Product Image"></a><p>Baby Bath Thermometer with Room Thermometer - Famidoc FDTH-V0-22 New Upgraded Sensor Technology for Baby Health Bath Tub Thermometer Floating Toy Thermometer (Blue)</p><p> -12% 0FF </p><p>$14.99</p><a href="https://www.amazon.com/dp/B07GC7H86T?tag=eloabder-20&linkCode=osi&th=1&psc=1">View Product</a></div>
<div class="product"><a href="https://www.amazon.com/dp/B00G0KPLZI?tag=eloabder-20&linkCode=osi&th=1&psc=1"><img src="https://m.media-amazon.com/images/I/41X53ExW5-S._SL500_.jpg" alt="Product Image"></a><p>Spasilk Hooded Terry Bathrobe with Booties, Blue Plane, One Size</p><p> -14% 0FF </p><p>$11.99</p><a href="https://www.amazon.com/dp/B00G0KPLZI?tag=eloabder-20&linkCode=osi&th=1&psc=1">View Product</a></div><div class="product"><a href="https://www.amazon.com/dp/B09N7BB9Y6?tag=eloabder-20&linkCode=osi&th=1&psc=1"><img src="https://m.media-amazon.com/images/I/41iGc7gTxlL._SL500_.jpg" alt="Product Image"></a><p>ROMASA Baby Bath Towel Ultra Soft Hooded Towel Highly Absorbent Bathrobe Blanket Toddlers Shower Gifts for Boys Girls- 27.5" x 55" (Yellow)</p><p> -20% 0FF </p><p>$14.39 ($1.27 / Ounce)</p><a href="https://www.amazon.com/dp/B09N7BB9Y6?tag=eloabder-20&linkCode=osi&th=1&psc=1">View Product</a></div>
<div class="product"><a href="https://www.amazon.com/dp/B0C9Q8MXWW?tag=eloabder-20&linkCode=osi&th=1&psc=1"><img src="https://m.media-amazon.com/images/I/31aI3dosJJL._SL500_.jpg" alt="Product Image"></a><p>Baby Bathtub Faucet Cover, Bath Faucet Cover for Kids, Baby Bath Spout Cover, Soft Silicone Bathtub Faucet Safety Toys, Cute Whale, Universal Fit, Make Your Baby's Bath Time Fun and Love It</p><p> -46% 0FF </p><p>$6.99</p><a href="https://www.amazon.com/dp/B0C9Q8MXWW?tag=eloabder-20&linkCode=osi&th=1&psc=1">View Product</a></div><div class="product"><a href="https://www.amazon.com/dp/B07D98DLDV?tag=eloabder-20&linkCode=osi&th=1&psc=1"><img src="https://m.media-amazon.com/images/I/21f3AzvkYLL._SL500_.jpg" alt="Product Image"></a><p>Skip Hop Baby Bath Spout Cover, Universal Fit, Moby, Grey</p><p> -7% 0FF </p><p>$12.99</p><a href="https://www.amazon.com/dp/B07D98DLDV?tag=eloabder-20&linkCode=osi&th=1&psc=1">View Product</a></div><div class="product"><a href="https://www.amazon.com/dp/B0CSYJQ9D6?tag=eloabder-20&linkCode=osi&th=1&psc=1"><img src="https://m.media-amazon.com/images/I/314iWaEh9xL._SL500_.jpg" alt="Product Image"></a><p>Baby Bathtub Faucet Cover, Baby Safety Protection Silicone Toys, Bath Spout Cover Baby Bathtub, Faucet Cover Baby Bathtub Silicone Whale for Kids, Toddler, Infant, Grey Whale</p><p> -20% 0FF </p><p>$7.99</p><a href="https://www.amazon.com/dp/B0CSYJQ9D6?tag=eloabder-20&linkCode=osi&th=1&psc=1">View Product</a></div>
<div class="product"><a href="https://www.amazon.com/dp/B0070WGV9K?tag=eloabder-20&linkCode=osi&th=1&psc=1"><img src="https://m.media-amazon.com/images/I/41pqg6p2q0L._SL500_.jpg" alt="Product Image"></a><p>Regalo Swing Down Bed Rail Guard, with Reinforced Anchor Safety System</p><p> -8% 0FF </p><p>$23.99</p><a href="https://www.amazon.com/dp/B0070WGV9K?tag=eloabder-20&linkCode=osi&th=1&psc=1">View Product</a></div><div class="product"><a href="https://www.amazon.com/dp/B0CWS2NZ3K?tag=eloabder-20&linkCode=osi&th=1&psc=1"><img src="https://m.media-amazon.com/images/I/41OVQSq+N9L._SL500_.jpg" alt="Product Image"></a><p>NUTIKAS Baby Bed Rail Guard for Toddlers - 47" Toddler Bed Side Rails for Twin, Full, Queen Bunk Size Bed Swing Down Bedrail Extral Tall Child Safety Side Railing Guards for Kids</p><p> -27% 0FF </p><p>$35.98</p><a href="https://www.amazon.com/dp/B0CWS2NZ3K?tag=eloabder-20&linkCode=osi&th=1&psc=1">View Product</a></div><div class="product"><a href="https://www.amazon.com/dp/B00MTJWT68?tag=eloabder-20&linkCode=osi&th=1&psc=1"><img src="https://m.media-amazon.com/images/I/21FdaFkL+tL._SL500_.jpg" alt="Product Image"></a><p>Dream On Me Lightweight Mesh Security Adjustable Bed Rail for Toddler, Breathable Mesh Fabric, Suitable for All Types Of Beds, Reinforced Anchor System Bed Guard Rail, White</p><p> -50% 0FF </p><p>$19.98</p><a href="https://www.amazon.com/dp/B00MTJWT68?tag=eloabder-20&linkCode=osi&th=1&psc=1">View Product</a></div><div class="product"><a href="https://www.amazon.com/dp/B07JJP7S3Q?tag=eloabder-20&linkCode=osi&th=1&psc=1"><img src="https://m.media-amazon.com/images/I/41Rn7Sf-wLL._SL500_.jpg" alt="Product Image"></a><p>BANBALOO | Bed Bumper for Toddlers 53" | Bed Rails for Queen, King, Twin, Full-Size Bed | Toddler Bed Bumper | Bumpers for Bed | Bed Rail for Toddlers | Bed Barrier for Toddler | Foam Bumper</p><p> -23% 0FF </p><p>$26.99</p><a href="https://www.amazon.com/dp/B07JJP7S3Q?tag=eloabder-20&linkCode=osi&th=1&psc=1">View Product</a></div>
<div class="product"><a href="https://www.amazon.com/dp/B07SPT3D3J?tag=eloabder-20&linkCode=osi&th=1&psc=1"><img src="https://m.media-amazon.com/images/I/517zG-7ToEL._SL500_.jpg" alt="Product Image"></a><p>Teddy Soft Baby Book Activity Quiet Cloth Books Developmental Toys,Interactive Baby Books for Babies Toddlers Infants kids,Baby Boy Girls Machine Washable Toys Fabric Soft Book Goodnight Gift Box</p><p> -5% 0FF </p><p>$17.95</p><a href="https://www.amazon.com/dp/B07SPT3D3J?tag=eloabder-20&linkCode=osi&th=1&psc=1">View Product</a></div>
<div class="product"><a href="https://www.amazon.com/dp/B00JFTFPHK?tag=eloabder-20&linkCode=osi&th=1&psc=1"><img src="https://m.media-amazon.com/images/I/51O+qRW-KEL._SL500_.jpg" alt="Product Image"></a><p>25pcs 1" Pacifier Suspender Clips, Marrywindix Pacifier Clips for Making Pacifier Holders Bib Clips Toy Holder Silver</p><p> -33% 0FF </p><p>$5.99</p><a href="https://www.amazon.com/dp/B00JFTFPHK?tag=eloabder-20&linkCode=osi&th=1&psc=1">View Product</a></div><div class="product"><a href="https://www.amazon.com/dp/B00W94QLX0?tag=eloabder-20&linkCode=osi&th=1&psc=1"><img src="https://m.media-amazon.com/images/I/51O+qRW-KEL._SL500_.jpg" alt="Product Image"></a><p>50pcs 1" Pacifier Suspender Clips, Marrywindix Pacifier Clips for Making Pacifier Holders Bib Clips Toy Holder Silver</p><p> -40% 0FF </p><p>$8.99</p><a href="https://www.amazon.com/dp/B00W94QLX0?tag=eloabder-20&linkCode=osi&th=1&psc=1">View Product</a></div>
<div class="product"><a href="https://www.amazon.com/dp/B08G4SDDQC?tag=eloabder-20&linkCode=osi&th=1&psc=1"><img src="https://m.media-amazon.com/images/I/41HQSFX14bL._SL500_.jpg" alt="Product Image"></a><p>8-Pack Organic Baby Bandana Drool Bibs for Girls - Super Absorbent Baby Bibs for Baby Girls, Baby Boys, Soft Cotton Bandana Bibs, Baby Drool Bib, Teething Bibs for Infant, Toddler(Muted Pastel)</p><p> -26% 0FF </p><p>$16.96</p><a href="https://www.amazon.com/dp/B08G4SDDQC?tag=eloabder-20&linkCode=osi&th=1&psc=1">View Product</a></div>
<div class="product"><a href="https://www.amazon.com/dp/B08NNDN5GF?tag=eloabder-20&linkCode=osi&th=1&psc=1"><img src="https://m.media-amazon.com/images/I/41ocef4uVmL._SL500_.jpg" alt="Product Image"></a><p>Hudson Baby Unisex Baby Plush Sleeping Bag, Sack, Blanket, Gray Clouds, 18-24 Months</p><p> -37% 0FF </p><p>$10.08</p><a href="https://www.amazon.com/dp/B08NNDN5GF?tag=eloabder-20&linkCode=osi&th=1&psc=1">View Product</a></div><div class="product"><a href="https://www.amazon.com/dp/B0CQMHYCMX?tag=eloabder-20&linkCode=osi&th=1&psc=1"><img src="https://m.media-amazon.com/images/I/41vq0RvJ3yL._SL500_.jpg" alt="Product Image"></a><p>Gerber Baby Girls Flame Resistant Fleece Footed Pajamas 2-Pack, Purple Rainbows</p><p> -6% 0FF </p><p>$16.98</p><a href="https://www.amazon.com/dp/B0CQMHYCMX?tag=eloabder-20&linkCode=osi&th=1&psc=1">View Product</a></div>
<div class="product"><a href="https://www.amazon.com/dp/B0BDRKG478?tag=eloabder-20&linkCode=osi&th=1&psc=1"><img src="https://m.media-amazon.com/images/I/31LBn9SzD9L._SL500_.jpg" alt="Product Image"></a><p>Graco TurboBooster 2.0 Backless Booster Car Seat, Denton</p><p> -29% 0FF </p><p>$20.49</p><a href="https://www.amazon.com/dp/B0BDRKG478?tag=eloabder-20&linkCode=osi&th=1&psc=1">View Product</a></div><div class="product"><a href="https://www.amazon.com/dp/B07C2RNRCJ?tag=eloabder-20&linkCode=osi&th=1&psc=1"><img src="https://m.media-amazon.com/images/I/31CuULOPD4L._SL500_.jpg" alt="Product Image"></a><p>Graco Tranzitions 3 in 1 Harness Booster Seat</p><p> -21% 0FF </p><p>$94.49</p><a href="https://www.amazon.com/dp/B07C2RNRCJ?tag=eloabder-20&linkCode=osi&th=1&psc=1">View Product</a></div>
<div class="product"><a href="https://www.amazon.com/dp/B09H6Y14KH?tag=eloabder-20&linkCode=osi&th=1&psc=1"><img src="https://m.media-amazon.com/images/I/410cJD5cOBL._SL500_.jpg" alt="Product Image"></a><p>Mancro Breastmilk Cooler Bag with Ice Pack, Fits 6 Baby Bottles Up to 9 Ounce Insulated Bottle Bag, Breast Milk on The go Strap, for Nursing Mom Daycare, Black</p><p> -6% 0FF </p><p>$16.99</p><a href="https://www.amazon.com/dp/B09H6Y14KH?tag=eloabder-20&linkCode=osi&th=1&psc=1">View Product</a></div>
<div class="product"><a href="https://www.amazon.com/dp/B006SFUCV8?tag=eloabder-20&linkCode=osi&th=1&psc=1"><img src="https://m.media-amazon.com/images/I/31Uu2+3+7RL._SL500_.jpg" alt="Product Image"></a><p>Munchkin® High Capacity Drying Rack for Baby Bottles and Accessories, White</p><p> -6% 0FF </p><p>$13.75</p><a href="https://www.amazon.com/dp/B006SFUCV8?tag=eloabder-20&linkCode=osi&th=1&psc=1">View Product</a></div><div class="product"><a href="https://www.amazon.com/dp/B0CHJS27KB?tag=eloabder-20&linkCode=osi&th=1&psc=1"><img src="https://m.media-amazon.com/images/I/51CDxHsKEAL._SL500_.jpg" alt="Product Image"></a><p>Termichy Baby Bottle Drying Rack: Large Vertical Bottle Dryer Rack Holder - Space Saving Standing Drying Rack for Baby Bottles and Pump Part Cleaning (Gray)</p><p> -7% 0FF </p><p>$26.99</p><a href="https://www.amazon.com/dp/B0CHJS27KB?tag=eloabder-20&linkCode=osi&th=1&psc=1">View Product</a></div><div class="product"><a href="https://www.amazon.com/dp/B00RQ83N76?tag=eloabder-20&linkCode=osi&th=1&psc=1"><img src="https://m.media-amazon.com/images/I/31bE-Iv6B6L._SL500_.jpg" alt="Product Image"></a><p>Munchkin Fold Baby Bottle Drying Rack - Compact Design Folds Flat for Easy Storage, White/Grey</p><p> -8% 0FF </p><p>$7.76</p><a href="https://www.amazon.com/dp/B00RQ83N76?tag=eloabder-20&linkCode=osi&th=1&psc=1">View Product</a></div><div class="product"><a href="https://www.amazon.com/dp/B00HNVWGNS?tag=eloabder-20&linkCode=osi&th=1&psc=1"><img src="https://m.media-amazon.com/images/I/41oD0n0VKWL._SL500_.jpg" alt="Product Image"></a><p>Dr. Brown's Folding Baby Bottle Drying Rack for Easy Storage, Dry Nipples, Pacifiers and Other Baby Essentials, BPA-free</p><p> -34% 0FF </p><p>$11.89</p><a href="https://www.amazon.com/dp/B00HNVWGNS?tag=eloabder-20&linkCode=osi&th=1&psc=1">View Product</a></div><div class="product"><a href="https://www.amazon.com/dp/B0CMRV5CPZ?tag=eloabder-20&linkCode=osi&th=1&psc=1"><img src="https://m.media-amazon.com/images/I/41XhN13vG4L._SL500_.jpg" alt="Product Image"></a><p>Dr. Brown's Drying Tower, Stand-Up Drying Rack, Countertop Baby Bottle Drying with Organized Storage for Baby Essentials, Space Saving Vertical Rack</p><p> -32% 0FF </p><p>$19.98</p><a href="https://www.amazon.com/dp/B0CMRV5CPZ?tag=eloabder-20&linkCode=osi&th=1&psc=1">View Product</a></div>
<div class="product"><a href="https://www.amazon.com/dp/B0876T9DQZ?tag=eloabder-20&linkCode=osi&th=1&psc=1"><img src="https://m.media-amazon.com/images/I/41EvYRi2WLL._SL500_.jpg" alt="Product Image"></a><p>Philips Avent Premium Fast Bottle Warmer, with Smart Temperature Control, Water Bath Technology, Automatic Shut-Off, Model SCF358</p><p> -20% 0FF </p><p>$39.99</p><a href="https://www.amazon.com/dp/B0876T9DQZ?tag=eloabder-20&linkCode=osi&th=1&psc=1">View Product</a></div><div class="product"><a href="https://www.amazon.com/dp/B0D2X9276K?tag=eloabder-20&linkCode=osi&th=1&psc=1"><img src="https://m.media-amazon.com/images/I/31kRB6a3EoL._SL500_.jpg" alt="Product Image"></a><p>WITGER 8-in-1 Baby Bottle Warmer and Sterilizer - Fast Heating, Accurate Temperature Control, BPA-Free, Defrosting, Food Heating, and Constant Temperature Maintenance.</p><p> -14% 0FF </p><p>$29.99</p><a href="https://www.amazon.com/dp/B0D2X9276K?tag=eloabder-20&linkCode=osi&th=1&psc=1">View Product</a></div><div class="product"><a href="https://www.amazon.com/dp/B09XJBQWQZ?tag=eloabder-20&linkCode=osi&th=1&psc=1"><img src="https://m.media-amazon.com/images/I/41rEmiL1MDL._SL500_.jpg" alt="Product Image"></a><p>Dr. Brown’s™ Insta-Feed™ Bottle Warmer and Sterilizer</p><p> -14% 0FF </p><p>$24.99</p><a href="https://www.amazon.com/dp/B09XJBQWQZ?tag=eloabder-20&linkCode=osi&th=1&psc=1">View Product</a></div><div class="product"><a href="https://www.amazon.com/dp/B0B97M3PX2?tag=eloabder-20&linkCode=osi&th=1&psc=1"><img src="https://m.media-amazon.com/images/I/31D1jFeOavL._SL500_.jpg" alt="Product Image"></a><p>Momcozy Bottle Warmer, Fast Bottle Warmers for All Bottles with Timer, Accurate Temperature Control and Automatic Shut-Off, Multifunctional Bottle Warmer for Breastmilk</p><p> -43% 0FF </p><p>$33.99</p><a href="https://www.amazon.com/dp/B0B97M3PX2?tag=eloabder-20&linkCode=osi&th=1&psc=1">View Product</a></div><div class="product"><a href="https://www.amazon.com/dp/B07YJKWTYW?tag=eloabder-20&linkCode=osi&th=1&psc=1"><img src="https://m.media-amazon.com/images/I/31Rfvw7DMyL._SL500_.jpg" alt="Product Image"></a><p>Bottle Warmer, GROWNSY 8-in-1 Fast Baby Milk Warmer with Timer for Breastmilk or Formula, Accurate Temperature Control, with Defrost, Sterili-zing, Keep, Heat Baby Food Jars Function</p><p> -20% 0FF </p><p>$39.99</p><a href="https://www.amazon.com/dp/B07YJKWTYW?tag=eloabder-20&linkCode=osi&th=1&psc=1">View Product</a></div><div class="product"><a href="https://www.amazon.com/dp/B0BY26RDWQ?tag=eloabder-20&linkCode=osi&th=1&psc=1"><img src="https://m.media-amazon.com/images/I/412nEaDc-cL._SL500_.jpg" alt="Product Image"></a><p>Momcozy Nutri Bottle Warmer, 9-in-1 Baby Bottle Warmer with Night Light, Accurate Temperature to Preserve Fullest Nutrients in Breast Milk, Bottle Warmers for All Bottles with Breastmilk or Formula</p><p> -20% 0FF </p><p>$39.99</p><a href="https://www.amazon.com/dp/B0BY26RDWQ?tag=eloabder-20&linkCode=osi&th=1&psc=1">View Product</a></div><div class="product"><a href="https://www.amazon.com/dp/B00005BXKM?tag=eloabder-20&linkCode=osi&th=1&psc=1"><img src="https://m.media-amazon.com/images/I/31nh2NZoUTL._SL500_.jpg" alt="Product Image"></a><p>The First Years Baby Bottle Warmer and Sterilizer - Pacifier and Bottle Nipple Sanitizer - Feeding Baby Essentials for Formula or Breast Milk - Holds Multiple Sizes</p><p> -10% 0FF </p><p>$19.75</p><a href="https://www.amazon.com/dp/B00005BXKM?tag=eloabder-20&linkCode=osi&th=1&psc=1">View Product</a></div>
<div class="product"><a href="https://www.amazon.com/dp/B0C7FL2XSL?tag=eloabder-20&linkCode=osi&th=1&psc=1"><img src="https://m.media-amazon.com/images/I/3195BfbxF2L._SL500_.jpg" alt="Product Image"></a><p>Motif Medical, Milk Storage Bags, 6 oz Milk Freezer Bag with Easy Pour Spout, BPA Free, Write-On Label - 100 Count</p><p> -20% 0FF </p><p>$15.99</p><a href="https://www.amazon.com/dp/B0C7FL2XSL?tag=eloabder-20&linkCode=osi&th=1&psc=1">View Product</a></div>
<div class="product"><a href="https://www.amazon.com/dp/B08H9QJVNZ?tag=eloabder-20&linkCode=osi&th=1&psc=1"><img src="https://m.media-amazon.com/images/I/31XZwvFZhIL._SL500_.jpg" alt="Product Image"></a><p>Medela Manual breast pump with Flex Shields Harmony Single Hand for More Comfort and Expressing More Milk</p><p> -34% 0FF </p><p>$28.72</p><a href="https://www.amazon.com/dp/B08H9QJVNZ?tag=eloabder-20&linkCode=osi&th=1&psc=1">View Product</a></div><div class="product"><a href="https://www.amazon.com/dp/B0BXH3XF7X?tag=eloabder-20&linkCode=osi&th=1&psc=1"><img src="https://m.media-amazon.com/images/I/41GBdp47u+L._SL500_.jpg" alt="Product Image"></a><p>Momcozy Hands Free Breast Pump S9 Pro Updated, Wearable Breast Pump of Longer Battery Life & LED Display, Double Portable Electric Breast Pump with 2 Modes & 9 Levels - 24mm, 2 Pack Gray</p><p> -31% 0FF </p><p>$95.98</p><a href="https://www.amazon.com/dp/B0BXH3XF7X?tag=eloabder-20&linkCode=osi&th=1&psc=1">View Product</a></div><div class="product"><a href="https://www.amazon.com/dp/B0CNGJMQDD?tag=eloabder-20&linkCode=osi&th=1&psc=1"><img src="https://m.media-amazon.com/images/I/41XS8v-5dyL._SL500_.jpg" alt="Product Image"></a><p>Momcozy Breast Pump Hands Free M5, Wearable Breast Pump of Baby Mouth Double-Sealed Flange with 3 Modes & 9 Levels, Electric Breast Pump Portable - 24mm, 2 Pack Cozy Red</p><p> -23% 0FF </p><p>$199.99 ($100.00 / Count)</p><a href="https://www.amazon.com/dp/B0CNGJMQDD?tag=eloabder-20&linkCode=osi&th=1&psc=1">View Product</a></div><div class="product"><a href="https://www.amazon.com/dp/B0DK9VJCRK?tag=eloabder-20&linkCode=osi&th=1&psc=1"><img src="https://m.media-amazon.com/images/I/41RyWq3DsfL._SL500_.jpg" alt="Product Image"></a><p>Hands Free Breast Pump Wearable MY-375 - Strong Suction, Low Noise, Wearable Breastfeeding Pump with 4 Mode &12 Levels, Portable Electric Breast Pump - 19/21/24mm Insert/Flange, 2 Pack (White)</p><p> -33% 0FF </p><p>$99.99 ($50.00 / Count)</p><a href="https://www.amazon.com/dp/B0DK9VJCRK?tag=eloabder-20&linkCode=osi&th=1&psc=1">View Product</a></div>
<div class="product"><a href="https://www.amazon.com/dp/B0BTZTSMM7?tag=eloabder-20&linkCode=osi&th=1&psc=1"><img src="https://m.media-amazon.com/images/I/41E+gI3y2mL._SL500_.jpg" alt="Product Image"></a><p>Konssy Muslin Nursing Cover for Baby Breastfeeding, Breathable 100% Cotton Breastfeeding Cover with Rigid Hoop for Mother Nursing Apron, Multi-use Carseat Canopy (Summer Wheat)</p><p> -25% 0FF </p><p>$14.99</p><a href="https://www.amazon.com/dp/B0BTZTSMM7?tag=eloabder-20&linkCode=osi&th=1&psc=1">View Product</a></div><div class="product"><a href="https://www.amazon.com/dp/B0CRY93RSV?tag=eloabder-20&linkCode=osi&th=1&psc=1"><img src="https://m.media-amazon.com/images/I/31GF3tvRWjL._SL500_.jpg" alt="Product Image"></a><p>Konssy Knit Nursing Cover for Breastfeeding, 360 Full Privacy Breathable Breastfeeding Cover, Multi-use Carseat Canopy(Beige)</p><p> -25% 0FF </p><p>$14.99</p><a href="https://www.amazon.com/dp/B0CRY93RSV?tag=eloabder-20&linkCode=osi&th=1&psc=1">View Product</a></div><div class="product"><a href="https://www.amazon.com/dp/B0CYM1Y178?tag=eloabder-20&linkCode=osi&th=1&psc=1"><img src="https://m.media-amazon.com/images/I/41BlDYTW3hL._SL500_.jpg" alt="Product Image"></a><p>Comfy Cubs Nursing Cover for Baby Breastfeeding - 100% Muslin Cotton, Soft & Breathable Cotton, Breastfeeding Pumping Cover for Mom, with Rigid Hoop - Privacy Unisex Lightweight Wrap (Pacific Blue)</p><p> -48% 0FF </p><p>$12.99</p><a href="https://www.amazon.com/dp/B0CYM1Y178?tag=eloabder-20&linkCode=osi&th=1&psc=1">View Product</a></div><div class="product"><a href="https://www.amazon.com/dp/B074M6FRND?tag=eloabder-20&linkCode=osi&th=1&psc=1"><img src="https://m.media-amazon.com/images/I/51odoDcAZ9L._SL500_.jpg" alt="Product Image"></a><p>Baby Nursing Cover & Nursing Poncho - Multi Use Cover for Baby Car Seat Canopy, Shopping Cart Cover, Stroller Cover, 360° Full Privacy Breastfeeding Coverage, Baby Shower Gifts for Boy&Girl</p><p> -30% 0FF </p><p>$13.95</p><a href="https://www.amazon.com/dp/B074M6FRND?tag=eloabder-20&linkCode=osi&th=1&psc=1">View Product</a></div><div class="product"><a href="https://www.amazon.com/dp/B0CB15QFNL?tag=eloabder-20&linkCode=osi&th=1&psc=1"><img src="https://m.media-amazon.com/images/I/31GyAL5zSlL._SL500_.jpg" alt="Product Image"></a><p>Breathable Car Seat Cover for Babies – Multi-Purpose Soft Rayon Nursing Cover for Breastfeeding, High Stretchy Infant Carseat Canopy, Stroller Cover (Smooth Rayon, Blush)</p><p> -20% 0FF </p><p>$7.99</p><a href="https://www.amazon.com/dp/B0CB15QFNL?tag=eloabder-20&linkCode=osi&th=1&psc=1">View Product</a></div>
<div class="product"><a href="https://www.amazon.com/dp/B00PC3K7OE?tag=eloabder-20&linkCode=osi&th=1&psc=1"><img src="https://m.media-amazon.com/images/I/41Ysisnr8oL._SL500_.jpg" alt="Product Image"></a><p>My Brest Friend Nursing Pillow - Deluxe - Enhanced Comfort w/ Slipcover - Ergonomic Breastfeeding Pillow For Ultimate Support For Mom & Baby - Adjustable Pillow W/ Handy Side Pocket, Evening Grey</p><p> -6% 0FF </p><p>$49.99</p><a href="https://www.amazon.com/dp/B00PC3K7OE?tag=eloabder-20&linkCode=osi&th=1&psc=1">View Product</a></div><div class="product"><a href="https://www.amazon.com/dp/B0B2W7X465?tag=eloabder-20&linkCode=osi&th=1&psc=1"><img src="https://m.media-amazon.com/images/I/41TWXbEgaJL._SL500_.jpg" alt="Product Image"></a><p>Momcozy Nursing Pillow for Breastfeeding, Original Plus Size Breastfeeding Pillows for More Support for Mom and Baby, with Adjustable Waist Strap and Removable Cotton Cover, Grey</p><p> -17% 0FF </p><p>$39.99</p><a href="https://www.amazon.com/dp/B0B2W7X465?tag=eloabder-20&linkCode=osi&th=1&psc=1">View Product</a></div><div class="product"><a href="https://www.amazon.com/dp/B08LF56YHJ?tag=eloabder-20&linkCode=osi&th=1&psc=1"><img src="https://m.media-amazon.com/images/I/31pJjCYHNMS._SL500_.jpg" alt="Product Image"></a><p>My Brest Friend Super Deluxe Nursing Pillow - Enhanced Comfort & Ergonomic Breastfeeding Pillow for Ultimate Support For Mom & Baby - Adjustable and with Handy Side Pocket, Platinum</p><p> -8% 0FF </p><p>$59.99</p><a href="https://www.amazon.com/dp/B08LF56YHJ?tag=eloabder-20&linkCode=osi&th=1&psc=1">View Product</a></div><div class="product"><a href="https://www.amazon.com/dp/B0C3RWRCQM?tag=eloabder-20&linkCode=osi&th=1&psc=1"><img src="https://m.media-amazon.com/images/I/516Q+AKi5kL._SL500_.jpg" alt="Product Image"></a><p>PILLANI Nursing Pillow, Plus Size Breastfeeding Pillows for Enhanced Support & Comfort for Mom & Baby, Removable Cotton Cover, Adjustable Waist Strap, Breastfeeding Essentials, Baby Registry Search</p><p> -20% 0FF </p><p>$31.99</p><a href="https://www.amazon.com/dp/B0C3RWRCQM?tag=eloabder-20&linkCode=osi&th=1&psc=1">View Product</a></div><div class="product"><a href="https://www.amazon.com/dp/B0CPVDN3J3?tag=eloabder-20&linkCode=osi&th=1&psc=1"><img src="https://m.media-amazon.com/images/I/41sq3SZUjlL._SL500_.jpg" alt="Product Image"></a><p>Momcozy Original Nursing Pillow and Positioner, Plus Size Breast Feeding Pillow for More Support for Mom and Baby Boy or Girl，Baby Essentials for Nursing or Bottle Feeding and Removable Cotton Cover</p><p> -15% 0FF </p><p>$39.99</p><a href="https://www.amazon.com/dp/B0CPVDN3J3?tag=eloabder-20&linkCode=osi&th=1&psc=1">View Product</a></div><div class="product"><a href="https://www.amazon.com/dp/B00PC3JYQQ?tag=eloabder-20&linkCode=osi&th=1&psc=1"><img src="https://m.media-amazon.com/images/I/51AoteowPXL._SL500_.jpg" alt="Product Image"></a><p>My Brest Friend Original Nursing Pillow Enhanced Ergonomics Essential Breastfeeding Pillow Support For Mom & Baby W/ Convenient Side Pocket, Double Straps & slipcover, Midnight Poppy</p><p> -7% 0FF </p><p>$41.99</p><a href="https://www.amazon.com/dp/B00PC3JYQQ?tag=eloabder-20&linkCode=osi&th=1&psc=1">View Product</a></div>
<div class="product"><a href="https://www.amazon.com/dp/B09KRKGJ3S?tag=eloabder-20&linkCode=osi&th=1&psc=1"><img src="https://m.media-amazon.com/images/I/41fXKHSGeCL._SL500_.jpg" alt="Product Image"></a><p>Looxii Muslin Burp Cloths 100% Cotton Large 20''x10'' Extra Soft and Absorbent 6 Pack Baby Burping Cloth for Boys Girls (Dark Green)</p><p> -6% 0FF </p><p>$13.14</p><a href="https://www.amazon.com/dp/B09KRKGJ3S?tag=eloabder-20&linkCode=osi&th=1&psc=1">View Product</a></div><div class="product"><a href="https://www.amazon.com/dp/B0CLPGQWNB?tag=eloabder-20&linkCode=osi&th=1&psc=1"><img src="https://m.media-amazon.com/images/I/416sGTkqHRL._SL500_.jpg" alt="Product Image"></a><p>Comfy Cubs Muslin Burp Cloths Large 100% Cotton Hand Washcloths for Babies, Baby Essentials 6 Layers Extra Absorbent and Soft Boys & Girls Baby Bibs & Burp Cloths Set (Multicolor, 10-Pack, 20" X10")</p><p> -33% 0FF </p><p>$19.99</p><a href="https://www.amazon.com/dp/B0CLPGQWNB?tag=eloabder-20&linkCode=osi&th=1&psc=1">View Product</a></div><div class="product"><a href="https://www.amazon.com/dp/B0CNKWNY43?tag=eloabder-20&linkCode=osi&th=1&psc=1"><img src="https://m.media-amazon.com/images/I/31iZQ-IdT6L._SL500_.jpg" alt="Product Image"></a><p>Comfy Cubs Burp Cloths 6 Pack Large 100% Cotton Washcloths Double Layered Absorbent Burping Cloth Extra Absorbent Baby Burp Cloth Extra Soft for Boys and Girls (Multicolor Girl, Pack of 6)</p><p> -40% 0FF </p><p>$14.99 ($2.50 / Count)</p><a href="https://www.amazon.com/dp/B0CNKWNY43?tag=eloabder-20&linkCode=osi&th=1&psc=1">View Product</a></div>
<div class="product"><a href="https://www.amazon.com/dp/B096NZHHVR?tag=eloabder-20&linkCode=osi&th=1&psc=1"><img src="https://m.media-amazon.com/images/I/41PxfLKcdWL._SL500_.jpg" alt="Product Image"></a><p>Meolsaek Car Seat Protector for Child Car Seat, 600D Fabric Waterproof Car Seat Cover with Non-Slip Backing, Under Baby Car Seat from Pressure Marks</p><p> -15% 0FF </p><p>$33.97</p><a href="https://www.amazon.com/dp/B096NZHHVR?tag=eloabder-20&linkCode=osi&th=1&psc=1">View Product</a></div><div class="product"><a href="https://www.amazon.com/dp/B096PGXGB4?tag=eloabder-20&linkCode=osi&th=1&psc=1"><img src="https://m.media-amazon.com/images/I/31Y4e9zhROS._SL500_.jpg" alt="Product Image"></a><p>XHYANG Car Seat Protector 1 Pack Car Seat Cushion Mat Thickest Padding,Waterproof 600D Fabric Car Seat Covers for Non-Slip Backing Mesh Pockets for Baby and Pet (1 Seat Protector)</p><p> -24% 0FF </p><p>$17.95</p><a href="https://www.amazon.com/dp/B096PGXGB4?tag=eloabder-20&linkCode=osi&th=1&psc=1">View Product</a></div><div class="product"><a href="https://www.amazon.com/dp/B09828NDRS?tag=eloabder-20&linkCode=osi&th=1&psc=1"><img src="https://m.media-amazon.com/images/I/31ua+nTGAXL._SL500_.jpg" alt="Product Image"></a><p>XHYANG Car Seat Protector,Auto Car Seat Protectors Baby Carseat Waterproof Durable 600D Fabric for Child Baby Car Seat Mat Vehicle Pet Cover 2 Storage Pockets (1 Pack)</p><p> -31% 0FF </p><p>$17.99</p><a href="https://www.amazon.com/dp/B09828NDRS?tag=eloabder-20&linkCode=osi&th=1&psc=1">View Product</a></div><div class="product"><a href="https://www.amazon.com/dp/B0CB14PHZT?tag=eloabder-20&linkCode=osi&th=1&psc=1"><img src="https://m.media-amazon.com/images/I/31lC1dggTTL._SL500_.jpg" alt="Product Image"></a><p>Breathable Car Seat Cover for Babies – Multi-Purpose Soft Rayon Nursing Cover for Breastfeeding, High Stretchy Infant Carseat Canopy, Stroller Cover (Smooth Rayon, Roman Green)</p><p> -20% 0FF </p><p>$7.19</p><a href="https://www.amazon.com/dp/B0CB14PHZT?tag=eloabder-20&linkCode=osi&th=1&psc=1">View Product</a></div><div class="product"><a href="https://www.amazon.com/dp/B08H4WCFXV?tag=eloabder-20&linkCode=osi&th=1&psc=1"><img src="https://m.media-amazon.com/images/I/516mz-4vqgL._SL500_.jpg" alt="Product Image"></a><p>Yoofoss Baby Car Seat Cover Winter Carseat Canopies Cover to Protect Baby from Cold Wind, Super Warm Plush Fleece Baby Carrier Cover for Infant Boys Girls (Black)</p><p> -11% 0FF </p><p>$32.99</p><a href="https://www.amazon.com/dp/B08H4WCFXV?tag=eloabder-20&linkCode=osi&th=1&psc=1">View Product</a></div>

<div class="product"><a href="https://www.amazon.com/dp/B07W6JGDYW?tag=eloabder-20&linkCode=osi&th=1&psc=1"><img src="https://m.media-amazon.com/images/I/41H2tKos7SL._SL500_.jpg" alt="Product Image"></a><p>Kaiphy Car Seat Protector - Seat Protection Mat - Thick Padding - Durable, Waterproof Fabric, Leather Reinforced Corners & 3 Pockets for Handy Storage Black</p><p> -46% 0FF </p><p>$13.97</p><a href="https://www.amazon.com/dp/B07W6JGDYW?tag=eloabder-20&linkCode=osi&th=1&psc=1">View Product</a></div><div class="product"><a href="https://www.amazon.com/dp/B0D5XFHH28?tag=eloabder-20&linkCode=osi&th=1&psc=1"><img src="https://m.media-amazon.com/images/I/31XhcmIiWAL._SL500_.jpg" alt="Product Image"></a><p>Car Seat Protector, Carseat Seat Protectors with Thick Padding and Upgraded Non-Slip Backing, Waterproof Seat Protector under Baby Car Seat, 600D Fabric Car Seat Covers with Storage Pockets for Baby</p><p> -20% 0FF </p><p>$13.59</p><a href="https://www.amazon.com/dp/B0D5XFHH28?tag=eloabder-20&linkCode=osi&th=1&psc=1">View Product</a></div><div class="product"><a href="https://www.amazon.com/dp/B07JBQBVL6?tag=eloabder-20&linkCode=osi&th=1&psc=1"><img src="https://m.media-amazon.com/images/I/31PZj+OEfjL._SL500_.jpg" alt="Product Image"></a><p>Car Seat Protector for Baby Child Car Seats, Shynerk Auto Seat Cover Mat for Under Carseat to Protect Automotive Vehicle Leather and Cloth Upholstery - Waterproof and Dirt Resistant</p><p> -33% 0FF </p><p>$19.99</p><a href="https://www.amazon.com/dp/B07JBQBVL6?tag=eloabder-20&linkCode=osi&th=1&psc=1">View Product</a></div>
<div class="product"><a href="https://www.amazon.com/dp/B00O64QJOC?tag=eloabder-20&linkCode=osi&th=1&psc=1"><img src="https://m.media-amazon.com/images/I/21l2K1fjgyL._SL500_.jpg" alt="Product Image"></a><p>Munchkin® Secure Grip™ Contoured Baby Diaper Changing Pad for Dresser, Waterproof, 16" x 31"</p><p> -10% 0FF </p><p>$31.49</p><a href="https://www.amazon.com/dp/B00O64QJOC?tag=eloabder-20&linkCode=osi&th=1&psc=1">View Product</a></div><div class="product"><a href="https://www.amazon.com/dp/B0DF1W28C5?tag=eloabder-20&linkCode=osi&th=1&psc=1"><img src="https://m.media-amazon.com/images/I/31F+H+AlPWL._SL500_.jpg" alt="Product Image"></a><p>Blissful Diary Vegan Leather Baby Changing Pad with Waterproof & Wipe-Clean PU Cover, Standard Size Cozy Baby Changing Table Pads for Dressers/Tables, Taupe</p><p> -13% 0FF </p><p>$34.99</p><a href="https://www.amazon.com/dp/B0DF1W28C5?tag=eloabder-20&linkCode=osi&th=1&psc=1">View Product</a></div><div class="product"><a href="https://www.amazon.com/dp/B0B45JKHGG?tag=eloabder-20&linkCode=osi&th=1&psc=1"><img src="https://m.media-amazon.com/images/I/41i2u89FqBL._SL500_.jpg" alt="Product Image"></a><p>YENING Baby Diaper Changing Pad for Dresser Top with Cover Waterproof Lining Foam Contoured Changing Table Pads Topper 31" x 16" Grey</p><p> -33% 0FF </p><p>$26.98</p><a href="https://www.amazon.com/dp/B0B45JKHGG?tag=eloabder-20&linkCode=osi&th=1&psc=1">View Product</a></div>
<div class="product"><a href="https://www.amazon.com/dp/B0D3BPZ77F?tag=eloabder-20&linkCode=osi&th=1&psc=1"><img src="https://m.media-amazon.com/images/I/41-+eE90DeL._SL500_.jpg" alt="Product Image"></a><p>Baby Changing Table, Versatile Folding Changing Table, Waterproof Diaper Changing Station, Adjustable Height with 2 Drawers,Baby Changing Station, Mobile Nursery for Infant and Newborn</p><p> -30% 0FF </p><p>$159.99</p><a href="https://www.amazon.com/dp/B0D3BPZ77F?tag=eloabder-20&linkCode=osi&th=1&psc=1">View Product</a></div><div class="product"><a href="https://www.amazon.com/dp/B073YB522V?tag=eloabder-20&linkCode=osi&th=1&psc=1"><img src="https://m.media-amazon.com/images/I/41IwxC2WttS._SL500_.jpg" alt="Product Image"></a><p>Delta Children Eclipse Changing Table with Changing Pad, Grey</p><p> -44% 0FF </p><p>$79.00</p><a href="https://www.amazon.com/dp/B073YB522V?tag=eloabder-20&linkCode=osi&th=1&psc=1">View Product</a></div><div class="product"><a href="https://www.amazon.com/dp/B075ZVTJ3D?tag=eloabder-20&linkCode=osi&th=1&psc=1"><img src="https://m.media-amazon.com/images/I/41Ig2EwFThL._SL500_.jpg" alt="Product Image"></a><p>Dream On Me Emily Changing Table In Steel Grey, Comes With 1" Changing Pad, Features Two Shelves, Portable Changing Station, Made Of Sustainable New Zealand Pinewood</p><p> -21% 0FF </p><p>$69.99</p><a href="https://www.amazon.com/dp/B075ZVTJ3D?tag=eloabder-20&linkCode=osi&th=1&psc=1">View Product</a></div><div class="product"><a href="https://www.amazon.com/dp/B08HMJCHCT?tag=eloabder-20&linkCode=osi&th=1&psc=1"><img src="https://m.media-amazon.com/images/I/31aqc05wT6L._SL500_.jpg" alt="Product Image"></a><p>Storkcraft Brookside 2 Drawer Changing Table Dresser (Pebble Gray) – GREENGUARD Gold Certified, Easy-to-Match Chest of Drawers and Cubbies for Nursery and Kids Bedroom, Includes Changing Table Topper</p><p> -31% 0FF </p><p>$151.29</p><a href="https://www.amazon.com/dp/B08HMJCHCT?tag=eloabder-20&linkCode=osi&th=1&psc=1">View Product</a></div><div class="product"><a href="https://www.amazon.com/dp/B005OSHTSO?tag=eloabder-20&linkCode=osi&th=1&psc=1"><img src="https://m.media-amazon.com/images/I/41ckUWX71DL._SL500_.jpg" alt="Product Image"></a><p>Badger Basket Modern Baby Changing Table with Laundry Hamper, 3 Storage Drawers and Pad, Diaper Change Station - White/White</p><p> -32% 0FF </p><p>$128.99</p><a href="https://www.amazon.com/dp/B005OSHTSO?tag=eloabder-20&linkCode=osi&th=1&psc=1">View Product</a></div><div class="product"><a href="https://www.amazon.com/dp/B08HHFZ5JJ?tag=eloabder-20&linkCode=osi&th=1&psc=1"><img src="https://m.media-amazon.com/images/I/31oH0mt34ML._SL500_.jpg" alt="Product Image"></a><p>Graco Noah 3 Drawer Chest with Changing Topper (White) – GREENGUARD Gold Certified, Baby Dresser With Changing Table Top, Dresser for Nursery, 3 Drawer Kids Dresser</p><p> -24% 0FF </p><p>$188.75</p><a href="https://www.amazon.com/dp/B08HHFZ5JJ?tag=eloabder-20&linkCode=osi&th=1&psc=1">View Product</a></div>
<div class="product"><a href="https://www.amazon.com/dp/B0BVHMHH4X?tag=eloabder-20&linkCode=osi&th=1&psc=1"><img src="https://m.media-amazon.com/images/I/41AOdI5vSML._SL500_.jpg" alt="Product Image"></a><p>TAHAVICE 1 Pack Over The Door Organizer, Bathroom Organizers and Storage with 5 Pockets 10 Mesh Pockets, 50 lbs Weight Capacity Stuffed Animal Storage for Nursery Newborn Baby Essential</p><p> -20% 0FF </p><p>$15.98</p><a href="https://www.amazon.com/dp/B0BVHMHH4X?tag=eloabder-20&linkCode=osi&th=1&psc=1">View Product</a></div><div class="product"><a href="https://www.amazon.com/dp/B06XJ343CC?tag=eloabder-20&linkCode=osi&th=1&psc=1"><img src="https://m.media-amazon.com/images/I/31zbpeWMpnL._SL500_.jpg" alt="Product Image"></a><p>20 Pack Clothing Rack Size Dividers, Wardrobe Round Hangers Label Closet Dividers with 1 Piece Marker Pen for Clothes Organization(White, Blank)</p><p> -14% 0FF </p><p>$8.59 ($0.43 / Count)</p><a href="https://www.amazon.com/dp/B06XJ343CC?tag=eloabder-20&linkCode=osi&th=1&psc=1">View Product</a></div><div class="product"><a href="https://www.amazon.com/dp/B09H4JTQC7?tag=eloabder-20&linkCode=osi&th=1&psc=1"><img src="https://m.media-amazon.com/images/I/51pFCzWgo3L._SL500_.jpg" alt="Product Image"></a><p>Pro Goleem Baby Closet Dividers Unisex Baby Closet Organizer for Nursery Baby Clothes Size Age Dividers Fits 1.5" Rod 6 PCS</p><p> -20% 0FF </p><p>$7.99</p><a href="https://www.amazon.com/dp/B09H4JTQC7?tag=eloabder-20&linkCode=osi&th=1&psc=1">View Product</a></div><div class="product"><a href="https://www.amazon.com/dp/B0DDTSNXNM?tag=eloabder-20&linkCode=osi&th=1&psc=1"><img src="https://m.media-amazon.com/images/I/517HtZWlKIL._SL500_.jpg" alt="Product Image"></a><p>Blissful Diary Baby Diaper Caddy Organizer, Cotton Rope Diaper Caddy Basket, Large Baby Shower Caddy for Newborn Boys and Girls, Gift for Baby Shower List, Newborn Essentials Basket, Earthy Rainbow</p><p> -30% 0FF </p><p>$15.99</p><a href="https://www.amazon.com/dp/B0DDTSNXNM?tag=eloabder-20&linkCode=osi&th=1&psc=1">View Product</a></div>
<div class="product"><a href="https://www.amazon.com/dp/B08DN1KTRH?tag=eloabder-20&linkCode=osi&th=1&psc=1"><img src="https://m.media-amazon.com/images/I/510rTaksLXL._SL500_.jpg" alt="Product Image"></a><p>16 Pack Baby Washcloths - Luxury Multicolor Coral Fleece - Extra Absorbent and Soft Wash Clothes for Newborns, Infants and Toddlers - Suitable for Sensitive Skin and New Born - Baby Shower, 10x10 Inch</p><p> -47% 0FF </p><p>$9.99</p><a href="https://www.amazon.com/dp/B08DN1KTRH?tag=eloabder-20&linkCode=osi&th=1&psc=1">View Product</a></div><div class="product"><a href="https://www.amazon.com/dp/B088RBY8Y5?tag=eloabder-20&linkCode=osi&th=1&psc=1"><img src="https://m.media-amazon.com/images/I/31Ku9qSjBCL._SL500_.jpg" alt="Product Image"></a><p>Yoofoss Muslin Burp Cloths for Baby 10 Pack 100% Cotton Baby Washcloths for Boys Girls Large 20''X10'' Super Soft and Absorbent White</p><p> -5% 0FF </p><p>$18.95</p><a href="https://www.amazon.com/dp/B088RBY8Y5?tag=eloabder-20&linkCode=osi&th=1&psc=1">View Product</a></div>
<div class="product"><a href="https://www.amazon.com/dp/B0CMZJ1J4T?tag=eloabder-20&linkCode=osi&th=1&psc=1"><img src="https://m.media-amazon.com/images/I/410bv8kIM8L._SL500_.jpg" alt="Product Image"></a><p>Jay Franco Bluey & Bingo Toddler Comforter Set - 4 Piece Bed Set Includes Sheet Set & Pillow Covers - Super Soft Clouds & Stars Kids Bedding</p><p> -23% 0FF </p><p>$46.49</p><a href="https://www.amazon.com/dp/B0CMZJ1J4T?tag=eloabder-20&linkCode=osi&th=1&psc=1">View Product</a></div><div class="product"><a href="https://www.amazon.com/dp/B00VQ2RLNA?tag=eloabder-20&linkCode=osi&th=1&psc=1"><img src="https://m.media-amazon.com/images/I/513vvaHOurL._SL500_.jpg" alt="Product Image"></a><p>Burt's Bees Baby Infant Reversible Quilt Blanket, Jersey Knit, Soft, 100% Organic Cotton Blankets, with 100% Polyester Fill for Warm Padding, Size 37 x 46 Inch</p><p> -50% 0FF </p><p>$32.49</p><a href="https://www.amazon.com/dp/B00VQ2RLNA?tag=eloabder-20&linkCode=osi&th=1&psc=1">View Product</a></div><div class="product"><a href="https://www.amazon.com/dp/B01GKZO0U4?tag=eloabder-20&linkCode=osi&th=1&psc=1"><img src="https://m.media-amazon.com/images/I/21lI+ZZ6+3L._SL500_.jpg" alt="Product Image"></a><p>Tadpoles Quilted Toddler Comforter | 40" x 60" | Made of 100% Microfiber Polyester (Shell) & 200 GSM Fiberfill | Soft, Breathable & Durable | Ideal for Toddlers (12-48 Months) | Box Pattern in White</p><p> -12% 0FF </p><p>$21.99</p><a href="https://www.amazon.com/dp/B01GKZO0U4?tag=eloabder-20&linkCode=osi&th=1&psc=1">View Product</a></div><div class="product"><a href="https://www.amazon.com/dp/B0BRKBKSB5?tag=eloabder-20&linkCode=osi&th=1&psc=1"><img src="https://m.media-amazon.com/images/I/313gax4ZutL._SL500_.jpg" alt="Product Image"></a><p>ZPECC Toddler Comforter Blanket - 39" x 53" Down Alternative Crib Duvet Set, Includes Child Quilt, Flat Pillow, Bear Stitching</p><p> -26% 0FF </p><p>$18.49</p><a href="https://www.amazon.com/dp/B0BRKBKSB5?tag=eloabder-20&linkCode=osi&th=1&psc=1">View Product</a></div>
<div class="product"><a href="https://www.amazon.com/dp/B0BZVLW3XY?tag=eloabder-20&linkCode=osi&th=1&psc=1"><img src="https://m.media-amazon.com/images/I/41bnCsnrb2L._SL500_.jpg" alt="Product Image"></a><p>Yoofoss Baby Crib Sheets for Boys Girls, Fitted Crib Sheet 2 Pack for Standard Crib and Toddler Mattress, Super Soft Microfiber Baby Sheet 28x52x8in(Green+Leaf)</p><p> -17% 0FF </p><p>$9.99</p><a href="https://www.amazon.com/dp/B0BZVLW3XY?tag=eloabder-20&linkCode=osi&th=1&psc=1">View Product</a></div><div class="product"><a href="https://www.amazon.com/dp/B086YCZN5H?tag=eloabder-20&linkCode=osi&th=1&psc=1"><img src="https://m.media-amazon.com/images/I/41jKlfbIwGL._SL500_.jpg" alt="Product Image"></a><p>Crib Mattress Protector Sheets Fitted Waterproof Crib Mattress Pad Cover, Noiseless & Machine Wash 100% Absorbent Crib/Toddler Mattress Protector Sheet Quilted, White, 52" x 28"</p><p> -11% 0FF </p><p>$11.98</p><a href="https://www.amazon.com/dp/B086YCZN5H?tag=eloabder-20&linkCode=osi&th=1&psc=1">View Product</a></div><div class="product"><a href="https://www.amazon.com/dp/B0CLL7JPTY?tag=eloabder-20&linkCode=osi&th=1&psc=1"><img src="https://m.media-amazon.com/images/I/41X3AyJQqrL._SL500_.jpg" alt="Product Image"></a><p>PINNKKU 3-Piece Crib Bedding Set for Boy Girls, Includes Crib Skirt, Blanket and Crib Sheet, Crib Baby Bedding, Pintuck Pinch Pleat Pink</p><p> -19% 0FF </p><p>$34.99 ($11.66 / Count)</p><a href="https://www.amazon.com/dp/B0CLL7JPTY?tag=eloabder-20&linkCode=osi&th=1&psc=1">View Product</a></div><div class="product"><a href="https://www.amazon.com/dp/B08G3DCPYM?tag=eloabder-20&linkCode=osi&th=1&psc=1"><img src="https://m.media-amazon.com/images/I/51UmAUm+f-L._SL500_.jpg" alt="Product Image"></a><p>Bedtime Originals Mighty Jungle 3Piece Crib Bedding Set, Multicolor (283003V)</p><p> -27% 0FF </p><p>$49.49</p><a href="https://www.amazon.com/dp/B08G3DCPYM?tag=eloabder-20&linkCode=osi&th=1&psc=1">View Product</a></div><div class="product"><a href="https://www.amazon.com/dp/B0BRWWTS3M?tag=eloabder-20&linkCode=osi&th=1&psc=1"><img src="https://m.media-amazon.com/images/I/51WZGfoIsvL._SL500_.jpg" alt="Product Image"></a><p>The Peanutshell 3 Piece Baby Crib Bedding Set for Girls - Newborn, Infant & Toddler Nursery Bed Set Decor with Fitted Crib Sheet, Dust Ruffle, Crib Comforter - Wildest Dreams</p><p> -10% 0FF </p><p>$44.99</p><a href="https://www.amazon.com/dp/B0BRWWTS3M?tag=eloabder-20&linkCode=osi&th=1&psc=1">View Product</a></div>
<div class="product"><a href="https://www.amazon.com/dp/B010S7VZI0?tag=eloabder-20&linkCode=osi&th=1&psc=1"><img src="https://m.media-amazon.com/images/I/31Ll01T4-sL._SL500_.jpg" alt="Product Image"></a><p>Graco Premium Crib & Toddler Mattress – GREENGUARD Gold Certified & CertiPUR-US Certified, Fits All Standard Crib & Toddler Beds, Waterproof Sleep Surface, Machine-Washable Outer Cover for Easy Care</p><p> -25% 0FF </p><p>$89.99</p><a href="https://www.amazon.com/dp/B010S7VZI0?tag=eloabder-20&linkCode=osi&th=1&psc=1">View Product</a></div><div class="product"><a href="https://www.amazon.com/dp/B0030V4Z02?tag=eloabder-20&linkCode=osi&th=1&psc=1"><img src="https://m.media-amazon.com/images/I/416srazdlsL._SL500_.jpg" alt="Product Image"></a><p>Dream On Me Honeycomb Orthopedic Firm Fiber Standard Baby Crib Mattress, Greenguard Gold and JPMA Certified, 5” Fiber Core Optimum Support, Fits Crib and Toddler Bed, Waterproof Vinyl Cover</p><p> -7% 0FF </p><p>$59.87</p><a href="https://www.amazon.com/dp/B0030V4Z02?tag=eloabder-20&linkCode=osi&th=1&psc=1">View Product</a></div><div class="product"><a href="https://www.amazon.com/dp/B0BLK39GTG?tag=eloabder-20&linkCode=osi&th=1&psc=1"><img src="https://m.media-amazon.com/images/I/41U0AL73RKL._SL500_.jpg" alt="Product Image"></a><p>Letmxiu Premium Dual-Sided Crib & Toddler Mattress,100% Knitted Fabric,Premium Fleece-Hypoallergenic,5" Firm Soft Crib Mattress, Non-Toxic Toddler Bed Mattress Fits Standard Cribs & Toddler Beds</p><p> -14% 0FF </p><p>$59.99</p><a href="https://www.amazon.com/dp/B0BLK39GTG?tag=eloabder-20&linkCode=osi&th=1&psc=1">View Product</a></div><div class="product"><a href="https://www.amazon.com/dp/B0BWDRBYL4?tag=eloabder-20&linkCode=osi&th=1&psc=1"><img src="https://m.media-amazon.com/images/I/41dkngPyPEL._SL500_.jpg" alt="Product Image"></a><p>Tiankehan Premium Dual-Sided Baby Crib Mattress and Toddler Mattress - 52" x 27.6" x 5" - Breathable - Firm Soft - Fits Standard Cribs and Toddler Beds</p><p> -14% 0FF </p><p>$59.98</p><a href="https://www.amazon.com/dp/B0BWDRBYL4?tag=eloabder-20&linkCode=osi&th=1&psc=1">View Product</a></div>
<div class="product"><a href="https://www.amazon.com/dp/B0C7T23J3Y?tag=eloabder-20&linkCode=osi&th=1&psc=1"><img src="https://m.media-amazon.com/images/I/41wcurEQD3L._SL500_.jpg" alt="Product Image"></a><p>The Peanutshell Crib Mobile for Girls - Pink and White Musical Baby Crib Mobile with 12 Lullabies, Forest Baby Mobile Crib Little Forest Nursery Decor</p><p> -16% 0FF </p><p>$37.69</p><a href="https://www.amazon.com/dp/B0C7T23J3Y?tag=eloabder-20&linkCode=osi&th=1&psc=1">View Product</a></div><div class="product"><a href="https://www.amazon.com/dp/B0C7SC34Z3?tag=eloabder-20&linkCode=osi&th=1&psc=1"><img src="https://m.media-amazon.com/images/I/41i+L053hPL._SL500_.jpg" alt="Product Image"></a><p>The Peanutshell Crib Mobile for Boys or Girls - Light and Dark Blue Musical Baby Crib Mobile with 12 Lullabies, Ocean Baby Mobile Crib Nautical Nursery Decor</p><p> -11% 0FF </p><p>$39.99</p><a href="https://www.amazon.com/dp/B0C7SC34Z3?tag=eloabder-20&linkCode=osi&th=1&psc=1">View Product</a></div>
<div class="product"><a href="https://www.amazon.com/dp/B07K594Q7W?tag=eloabder-20&linkCode=osi&th=1&psc=1"><img src="https://m.media-amazon.com/images/I/41chCOFT3fL._SL500_.jpg" alt="Product Image"></a><p>Burt's Bees Baby Print Fitted Crib Sheet Organic Cotton BEESNUG - Hello Moon! Prints, Fits Unisex Standard Bed and Toddler Mattress, Infant Essentials, 52 x 28 Inch 1-Pack</p><p> -34% 0FF </p><p>$13.80</p><a href="https://www.amazon.com/dp/B07K594Q7W?tag=eloabder-20&linkCode=osi&th=1&psc=1">View Product</a></div><div class="product"><a href="https://www.amazon.com/dp/B08HYS8HCQ?tag=eloabder-20&linkCode=osi&th=1&psc=1"><img src="https://m.media-amazon.com/images/I/41OJxVS5clL._SL500_.jpg" alt="Product Image"></a><p>KeaBabies 2-Pack Organic Crib Sheets for Boys, Girls, Jersey Fitted Crib Sheet, Baby Crib Sheets Neutral, Cotton Breathable Crib Sheet, Cute Printed Crib Mattress Sheet, Baby Mattress Sheets(Woodland)</p><p> -27% 0FF </p><p>$21.96</p><a href="https://www.amazon.com/dp/B08HYS8HCQ?tag=eloabder-20&linkCode=osi&th=1&psc=1">View Product</a></div><div class="product"><a href="https://www.amazon.com/dp/B07JBRWPRZ?tag=eloabder-20&linkCode=osi&th=1&psc=1"><img src="https://m.media-amazon.com/images/I/41WkDf7XWaL._SL500_.jpg" alt="Product Image"></a><p>American Baby Company 3 Pack Fitted Mini Crib Sheet 24" x 38", Soft Breathable Neutral 100% Cotton Jersey Portable Sheet, Gray Star/Zigzag, for Boys and Girls, Fits Most Pack N Play Mattresses</p><p> -20% 0FF </p><p>$14.34</p><a href="https://www.amazon.com/dp/B07JBRWPRZ?tag=eloabder-20&linkCode=osi&th=1&psc=1">View Product</a></div><div class="product"><a href="https://www.amazon.com/dp/B0BGWX27FP?tag=eloabder-20&linkCode=osi&th=1&psc=1"><img src="https://m.media-amazon.com/images/I/41tRk-EAY-L._SL500_.jpg" alt="Product Image"></a><p>4-Pack Fitted Crib Sheets for Boys and Girls - Breathable, Soft Microfiber Baby Sheets in Grey, Navy and White</p><p> -9% 0FF </p><p>$19.99 ($5.00 / Count)</p><a href="https://www.amazon.com/dp/B0BGWX27FP?tag=eloabder-20&linkCode=osi&th=1&psc=1">View Product</a></div>
<div class="product"><a href="https://www.amazon.com/dp/B082WW1FCQ?tag=eloabder-20&linkCode=osi&th=1&psc=1"><img src="https://m.media-amazon.com/images/I/416EVH-FKwL._SL500_.jpg" alt="Product Image"></a><p>Crib Bed Skirt 28” x 52” with 14” Drop Pleated Dust Ruffle for Baby Boys Girls Elastic Adjustable Fit Toddler Bedskirt Easy On/Off Soft Nursery Standard Crib Bedding Skirts Solid White Crib Skirt</p><p> -18% 0FF </p><p>$17.99</p><a href="https://www.amazon.com/dp/B082WW1FCQ?tag=eloabder-20&linkCode=osi&th=1&psc=1">View Product</a></div><div class="product"><a href="https://www.amazon.com/dp/B000YFU77W?tag=eloabder-20&linkCode=osi&th=1&psc=1"><img src="https://m.media-amazon.com/images/I/31R9qJzse7L._SL500_.jpg" alt="Product Image"></a><p>American Baby Company 100% Natural Cotton Percale Ruffled Crib Skirt, Cream, 52"L x 28"W + 13.5"</p><p> -33% 0FF </p><p>$16.79</p><a href="https://www.amazon.com/dp/B000YFU77W?tag=eloabder-20&linkCode=osi&th=1&psc=1">View Product</a></div><div class="product"><a href="https://www.amazon.com/dp/B0B5YML25P?tag=eloabder-20&linkCode=osi&th=1&psc=1"><img src="https://m.media-amazon.com/images/I/31DyVARAxlL._SL500_.jpg" alt="Product Image"></a><p>Lush Decor Ruffle Crib Skirt, 16" Drop, White</p><p> -26% 0FF </p><p>$28.19</p><a href="https://www.amazon.com/dp/B0B5YML25P?tag=eloabder-20&linkCode=osi&th=1&psc=1">View Product</a></div>
<div class="product"><a href="https://www.amazon.com/dp/B0D8B4FNHF?tag=eloabder-20&linkCode=osi&th=1&psc=1"><img src="https://m.media-amazon.com/images/I/41gmkYMTEaL._SL500_.jpg" alt="Product Image"></a><p>CHICWAY Baby Patter for Sleep, Baby Sleep Soother, Baby Vibrating Soother 3 Vibration Modes & Intensities Help Baby Sleep, Crib Toy, Crib Accessory, Registry Gift, Shower Gift, Newborn Baby Essentials</p><p> -54% 0FF </p><p>$22.91</p><a href="https://www.amazon.com/dp/B0D8B4FNHF?tag=eloabder-20&linkCode=osi&th=1&psc=1">View Product</a></div><div class="product"><a href="https://www.amazon.com/dp/B009UPUFCY?tag=eloabder-20&linkCode=osi&th=1&psc=1"><img src="https://m.media-amazon.com/images/I/41MuYdMqcXL._SL500_.jpg" alt="Product Image"></a><p>Munchkin® Lulla-Vibe™ Vibrating Mattress Pad Sleep Soother</p><p> -9% 0FF </p><p>$27.25</p><a href="https://www.amazon.com/dp/B009UPUFCY?tag=eloabder-20&linkCode=osi&th=1&psc=1">View Product</a></div>

<div class="product"><a href="https://www.amazon.com/dp/B098TWMRNV?tag=eloabder-20&linkCode=osi&th=1&psc=1"><img src="https://m.media-amazon.com/images/I/51eBNBdbFPL._SL500_.jpg" alt="Product Image"></a><p>PILLANI Baby Diaper Bag Backpack - Baby Bag for Boys & Girls - Diaper Backpack - Large Travel Diaper Bags w/Changing Pad - Baby Registry Search & Shower Gifts Newborn Essentials & Items for Mom, Gray</p><p> -37% 0FF </p><p>$34.99</p><a href="https://www.amazon.com/dp/B098TWMRNV?tag=eloabder-20&linkCode=osi&th=1&psc=1">View Product</a></div><div class="product"><a href="https://www.amazon.com/dp/B07HL6FV5F?tag=eloabder-20&linkCode=osi&th=1&psc=1"><img src="https://m.media-amazon.com/images/I/41CpqR1T2iL._SL500_.jpg" alt="Product Image"></a><p>RUVALINO Diaper Bag Backpack - Multifunction Waterproof Travel Essentials, Maternity Baby Bag with Changing Pad & Stroller D-Ring & Pacifier Case - Baby Registry Search/Items & Shower Gifts - Black</p><p> -51% 0FF </p><p>$43.99</p><a href="https://www.amazon.com/dp/B07HL6FV5F?tag=eloabder-20&linkCode=osi&th=1&psc=1">View Product</a></div><div class="product"><a href="https://www.amazon.com/dp/B0BSKZFV8Z?tag=eloabder-20&linkCode=osi&th=1&psc=1"><img src="https://m.media-amazon.com/images/I/41kJJGd0-KL._SL500_.jpg" alt="Product Image"></a><p>Skip Hop Diaper Bag Backpack: Forma, Multi-Function Baby Travel Bag with Changing Pad & Stroller Attachment, Sage</p><p> -6% 0FF </p><p>$74.49</p><a href="https://www.amazon.com/dp/B0BSKZFV8Z?tag=eloabder-20&linkCode=osi&th=1&psc=1">View Product</a></div>
<div class="product"><a href="https://www.amazon.com/dp/B00569GU18?tag=eloabder-20&linkCode=osi&th=1&psc=1"><img src="https://m.media-amazon.com/images/I/41Zx990UFlL._SL500_.jpg" alt="Product Image"></a><p>Boudreaux's Butt Paste Maximum Strength Diaper Rash Cream, Ointment for Baby, 4 oz Tube</p><p> -12% 0FF </p><p>$7.48 ($1.87 / Ounce)</p><a href="https://www.amazon.com/dp/B00569GU18?tag=eloabder-20&linkCode=osi&th=1&psc=1">View Product</a></div><div class="product"><a href="https://www.amazon.com/dp/B00ZQXT4EY?tag=eloabder-20&linkCode=osi&th=1&psc=1"><img src="https://m.media-amazon.com/images/I/31SXI-cW6IL._SL500_.jpg" alt="Product Image"></a><p>Desitin Maximum Strength Baby Diaper Rash Cream, 40% Zinc Oxide for Treatment, Relief & Prevention, Hypoallergenic, Phthalate- & Paraben-Free Paste, Protects Skin for 12 Hours, 4.8 oz</p><p> -38% 0FF </p><p>$7.33 ($1.53 / Ounce)</p><a href="https://www.amazon.com/dp/B00ZQXT4EY?tag=eloabder-20&linkCode=osi&th=1&psc=1">View Product</a></div><div class="product"><a href="https://www.amazon.com/dp/B082QBB8KQ?tag=eloabder-20&linkCode=osi&th=1&psc=1"><img src="https://m.media-amazon.com/images/I/51vNnfQ6MmL._SL500_.jpg" alt="Product Image"></a><p>Aquaphor Baby Diaper Rash Paste - For Serious Diaper Rash and Flare-ups - 3.5 Oz. Tube</p><p> -5% 0FF </p><p>$7.87 ($2.25 / Ounce)</p><a href="https://www.amazon.com/dp/B082QBB8KQ?tag=eloabder-20&linkCode=osi&th=1&psc=1">View Product</a></div><div class="product"><a href="https://www.amazon.com/dp/B00M0N9J20?tag=eloabder-20&linkCode=osi&th=1&psc=1"><img src="https://m.media-amazon.com/images/I/41t50K+y9yL._SL500_.jpg" alt="Product Image"></a><p>Desitin Daily Defense Baby Diaper Rash Cream with Zinc Oxide to Treat, Relieve & Prevent diaper rash, Hypoallergenic, Dye-, Phthalate- & Paraben-Free, 4 oz</p><p> -42% 0FF </p><p>$5.39 ($1.35 / Ounce)</p><a href="https://www.amazon.com/dp/B00M0N9J20?tag=eloabder-20&linkCode=osi&th=1&psc=1">View Product</a></div><div class="product"><a href="https://www.amazon.com/dp/B00Q2MYU9W?tag=eloabder-20&linkCode=osi&th=1&psc=1"><img src="https://m.media-amazon.com/images/I/51PiNmf+vpL._SL500_.jpg" alt="Product Image"></a><p>Aquaphor Baby Diaper Rash Cream, 3-in-1 Diaper Rash Relief, 3.5 Oz Tube</p><p> -17% 0FF </p><p>$18.69 ($1.78 / Ounce)</p><a href="https://www.amazon.com/dp/B00Q2MYU9W?tag=eloabder-20&linkCode=osi&th=1&psc=1">View Product</a></div><div class="product"><a href="https://www.amazon.com/dp/B0B4PNGXFS?tag=eloabder-20&linkCode=osi&th=1&psc=1"><img src="https://m.media-amazon.com/images/I/51BB218LJpL._SL500_.jpg" alt="Product Image"></a><p>Triple Paste Diaper Rash Cream for Baby - 3 oz Tube - Zinc Oxide Ointment Treats, Soothes and Prevents Diaper Rash - Pediatrician-Recommended Hypoallergenic Formula with Soothing Botanicals</p><p> -25% 0FF </p><p>$8.96 ($2.99 / Ounce)</p><a href="https://www.amazon.com/dp/B0B4PNGXFS?tag=eloabder-20&linkCode=osi&th=1&psc=1">View Product</a></div><div class="product"><a href="https://www.amazon.com/dp/B00KFITCXS?tag=eloabder-20&linkCode=osi&th=1&psc=1"><img src="https://m.media-amazon.com/images/I/41Upagho5nL._SL500_.jpg" alt="Product Image"></a><p>The Honest Company Hypoallergenic Diaper Rash Cream | Moisturizing + Calming Zinc Oxide Ointment | NEA Recognized, Cruelty Free | 2.5 oz</p><p> -7% 0FF </p><p>$10.25 ($4.10 / Ounce)</p><a href="https://www.amazon.com/dp/B00KFITCXS?tag=eloabder-20&linkCode=osi&th=1&psc=1">View Product</a></div><div class="product"><a href="https://www.amazon.com/dp/B000LTJRQ8?tag=eloabder-20&linkCode=osi&th=1&psc=1"><img src="https://m.media-amazon.com/images/I/51z4dtHfCgL._SL500_.jpg" alt="Product Image"></a><p>Triple Paste Diaper Rash Cream for Baby - 8 Oz Tub - Zinc Oxide Ointment Treats, Soothes and Prevents Diaper Rash - Pediatrician-Recommended Hypoallergenic Formula with Soothing Botanicals</p><p> -27% 0FF </p><p>$14.53 ($1.82 / Ounce)</p><a href="https://www.amazon.com/dp/B000LTJRQ8?tag=eloabder-20&linkCode=osi&th=1&psc=1">View Product</a></div><div class="product"><a href="https://www.amazon.com/dp/B00BH0PZBG?tag=eloabder-20&linkCode=osi&th=1&psc=1"><img src="https://m.media-amazon.com/images/I/41nENIiSAHL._SL500_.jpg" alt="Product Image"></a><p>Desitin Maximum Strength Baby Diaper Rash Cream with 40% Zinc Oxide for Treatment, Relief & Prevention, Hypoallergenic, Phthalate- & Paraben-Free Paste, 16 oz</p><p> -31% 0FF </p><p>$18.44 ($1.15 / Ounce)</p><a href="https://www.amazon.com/dp/B00BH0PZBG?tag=eloabder-20&linkCode=osi&th=1&psc=1">View Product</a></div><div class="product"><a href="https://www.amazon.com/dp/B000V3MFUY?tag=eloabder-20&linkCode=osi&th=1&psc=1"><img src="https://m.media-amazon.com/images/I/31To+A+IRQL._SL500_.jpg" alt="Product Image"></a><p>Weleda Baby Calendula Diaper Cream, 2.8 Fluid Ounce, Plant Rich Protection with Calendula, Chamomile, Sweet Almond Oil, Lanolin and Zinc Oxide</p><p> -12% 0FF </p><p>$12.32 ($4.40 / Ounce)</p><a href="https://www.amazon.com/dp/B000V3MFUY?tag=eloabder-20&linkCode=osi&th=1&psc=1">View Product</a></div>
<div class="product"><a href="https://www.amazon.com/dp/B012UFN9T6?tag=eloabder-20&linkCode=osi&th=1&psc=1"><img src="https://m.media-amazon.com/images/I/51SxpJF694L._SL500_.jpg" alt="Product Image"></a><p>Nuby Diaper Disposal Bags for Baby - (6-Pack) 50 Count Disposable Bags - Fresh Baby Powder Scent - Blue</p><p> -10% 0FF </p><p>$16.15</p><a href="https://www.amazon.com/dp/B012UFN9T6?tag=eloabder-20&linkCode=osi&th=1&psc=1">View Product</a></div>
<div class="product"><a href="https://www.amazon.com/dp/B0CPR2N8FD?tag=eloabder-20&linkCode=osi&th=1&psc=1"><img src="https://m.media-amazon.com/images/I/41uXmeS+P5L._SL500_.jpg" alt="Product Image"></a><p>Diaper Genie Select Pail Registry Gift Set (White) | Made of Durable Stainless Steel Metal | Includes 2 Jumbo Refills | Holds 1620 Newborn Diapers</p><p> -20% 0FF </p><p>$59.99</p><a href="https://www.amazon.com/dp/B0CPR2N8FD?tag=eloabder-20&linkCode=osi&th=1&psc=1">View Product</a></div><div class="product"><a href="https://www.amazon.com/dp/B0CNS3R8T7?tag=eloabder-20&linkCode=osi&th=1&psc=1"><img src="https://m.media-amazon.com/images/I/31BIw9M8SwL._SL500_.jpg" alt="Product Image"></a><p>Diaper Genie Classic Pail Includes 1 Starter Square Refill That can Hold up to 165 Newborn-Sized Diapers.</p><p> -20% 0FF </p><p>$23.99</p><a href="https://www.amazon.com/dp/B0CNS3R8T7?tag=eloabder-20&linkCode=osi&th=1&psc=1">View Product</a></div><div class="product"><a href="https://www.amazon.com/dp/B0BWGZ7J7W?tag=eloabder-20&linkCode=osi&th=1&psc=1"><img src="https://m.media-amazon.com/images/I/41pqvAOekFL._SL500_.jpg" alt="Product Image"></a><p>Diaper Genie Signature Gift Set | Includes Easy Roll Refill with 48 Bags | Holds Up to 2256 Newborn Diapers</p><p> -41% 0FF </p><p>$52.79</p><a href="https://www.amazon.com/dp/B0BWGZ7J7W?tag=eloabder-20&linkCode=osi&th=1&psc=1">View Product</a></div><div class="product"><a href="https://www.amazon.com/dp/B00821FLT4?tag=eloabder-20&linkCode=osi&th=1&psc=1"><img src="https://m.media-amazon.com/images/I/21an29pWMkL._SL500_.jpg" alt="Product Image"></a><p>Ubbi Steel Diaper Pail, Odor Locking, No Special Bag Required, Award-Winning, Registry Must-Have, White</p><p> -30% 0FF </p><p>$55.99</p><a href="https://www.amazon.com/dp/B00821FLT4?tag=eloabder-20&linkCode=osi&th=1&psc=1">View Product</a></div><div class="product"><a href="https://www.amazon.com/dp/B0BWGWZ2J4?tag=eloabder-20&linkCode=osi&th=1&psc=1"><img src="https://m.media-amazon.com/images/I/317sppbydxL._SL500_.jpg" alt="Product Image"></a><p>Diaper Genie Signature Pail (Grey) Includes 1 Easy Roll Refill with 18 Bags | Holds Up to 846 Newborn-Sized Diapers Per Refill</p><p> -20% 0FF </p><p>$47.99</p><a href="https://www.amazon.com/dp/B0BWGWZ2J4?tag=eloabder-20&linkCode=osi&th=1&psc=1">View Product</a></div>
<div class="product"><a href="https://www.amazon.com/dp/B0083973FK?tag=eloabder-20&linkCode=osi&th=1&psc=1"><img src="https://m.media-amazon.com/images/I/51c+QHPetfL._SL500_.jpg" alt="Product Image"></a><p>Sposie Booster Pads, Stop Overnight Diaper Leaks, Adhesive-Free for Easy repositioning, Helps Reduce Nighttime Diaper Changes and Diaper Rash, Use with Sizes 4-6, 90 ct.</p><p> -20% 0FF </p><p>$39.99 ($0.44 / Count)</p><a href="https://www.amazon.com/dp/B0083973FK?tag=eloabder-20&linkCode=osi&th=1&psc=1">View Product</a></div><div class="product"><a href="https://www.amazon.com/dp/B07V4MZF2W?tag=eloabder-20&linkCode=osi&th=1&psc=1"><img src="https://m.media-amazon.com/images/I/51u-l608rTL._SL500_.jpg" alt="Product Image"></a><p>Dimples Booster Pads, Baby Diaper Doubler with Adhesive - 1 Size Fits All Diapers - Boosts Diaper Absorbency - No More leaks 90 Count (with Adhesive for Secure Fit)</p><p> -15% 0FF </p><p>$27.99 ($0.31 / Count)</p><a href="https://www.amazon.com/dp/B07V4MZF2W?tag=eloabder-20&linkCode=osi&th=1&psc=1">View Product</a></div><div class="product"><a href="https://www.amazon.com/dp/B0CBQQKMS2?tag=eloabder-20&linkCode=osi&th=1&psc=1"><img src="https://m.media-amazon.com/images/I/51IK5dDp++L._SL500_.jpg" alt="Product Image"></a><p>Inspire Ultra Dimples Diaper Booster Pads | Our Most Absorbent Diaper Inserts Ever | Diaper Pads Inserts Overnight or Daytime | Diaper Liners Turn Any Diaper into Super Overnight Diapers for Babies</p><p> -17% 0FF </p><p>$9.99 ($0.48 / Count)</p><a href="https://www.amazon.com/dp/B0CBQQKMS2?tag=eloabder-20&linkCode=osi&th=1&psc=1">View Product</a></div>
<div class="product"><a href="https://www.amazon.com/dp/B0B5WF7S9F?tag=eloabder-20&linkCode=osi&th=1&psc=1"><img src="https://m.media-amazon.com/images/I/41vB5uYpocL._SL500_.jpg" alt="Product Image"></a><p>Mr. Pen- Baby Diaper Caddy Organizer, Car Caddy, Portable Organizer for Changing Table, Nursery</p><p> -14% 0FF </p><p>$12.85</p><a href="https://www.amazon.com/dp/B0B5WF7S9F?tag=eloabder-20&linkCode=osi&th=1&psc=1">View Product</a></div><div class="product"><a href="https://www.amazon.com/dp/B0734LPFJR?tag=eloabder-20&linkCode=osi&th=1&psc=1"><img src="https://m.media-amazon.com/images/I/51TCskU5lyL._SL500_.jpg" alt="Product Image"></a><p>Lily Miles Baby Diaper Caddy - Large Organizer Tote Bag for Baby essentials Boy or Girl - Baby Shower Basket - Nursery Must Haves - Registry Favorites - Newborn Caddie Car Travel</p><p> -17% 0FF </p><p>$24.95</p><a href="https://www.amazon.com/dp/B0734LPFJR?tag=eloabder-20&linkCode=osi&th=1&psc=1">View Product</a></div><div class="product"><a href="https://www.amazon.com/dp/B0D4LRZW48?tag=eloabder-20&linkCode=osi&th=1&psc=1"><img src="https://m.media-amazon.com/images/I/41NadHwjJlL._SL500_.jpg" alt="Product Image"></a><p>KEETDY Large Diaper Pocket Over the Door Organizer for Nursery, Closet Door Hanging Storage, Baby Organizers and Storage for Newborn Essentials & Diaper Organizer, Beige</p><p> -19% 0FF </p><p>$16.99</p><a href="https://www.amazon.com/dp/B0D4LRZW48?tag=eloabder-20&linkCode=osi&th=1&psc=1">View Product</a></div>
<div class="product"><a href="https://www.amazon.com/dp/B01BDQDIGM?tag=eloabder-20&linkCode=osi&th=1&psc=1"><img src="https://m.media-amazon.com/images/I/41ym1o+HI0L._SL500_.jpg" alt="Product Image"></a><p>Munchkin® STEP™ Diaper Pail Powered by Arm & Hammer, #1 in Odor Control, Award-Winning, Includes 1 Snap, Seal & Toss™ Bag, 1 Starter Refill Ring, and 1 PUCK™ Baking Soda Cartridge</p><p> -19% 0FF </p><p>$59.99</p><a href="https://www.amazon.com/dp/B01BDQDIGM?tag=eloabder-20&linkCode=osi&th=1&psc=1">View Product</a></div><div class="product"><a href="https://www.amazon.com/dp/B0CNS3NMT5?tag=eloabder-20&linkCode=osi&th=1&psc=1"><img src="https://m.media-amazon.com/images/I/41VFasXJE-L._SL500_.jpg" alt="Product Image"></a><p>Diaper Genie Select Pail (Blue) is Made of Durable Stainless Steel and Includes 1 Starter Square Refill That can Hold up to 165 Newborn-Sized Diapers.</p><p> -34% 0FF </p><p>$32.79</p><a href="https://www.amazon.com/dp/B0CNS3NMT5?tag=eloabder-20&linkCode=osi&th=1&psc=1">View Product</a></div><div class="product"><a href="https://www.amazon.com/dp/B000RLQZD8?tag=eloabder-20&linkCode=osi&th=1&psc=1"><img src="https://m.media-amazon.com/images/I/41vuQVcyESL._SL500_.jpg" alt="Product Image"></a><p>Diaper Dekor Plus Hands-Free Diaper Pail | White | Easiest to Use | Just Step–Drop–Done | Doesn’t Absorb Odors | 20 Second Bag Change | Most Economical Refill System | Great for Cloth Diapers</p><p> -9% 0FF </p><p>$49.95</p><a href="https://www.amazon.com/dp/B000RLQZD8?tag=eloabder-20&linkCode=osi&th=1&psc=1">View Product</a></div>
<div class="product"><a href="https://www.amazon.com/dp/B016N3PHBO?tag=eloabder-20&linkCode=osi&th=1&psc=1"><img src="https://m.media-amazon.com/images/I/31X8EAoIwzL._SL500_.jpg" alt="Product Image"></a><p>A+D Zinc Oxide Diaper Rash Treatment Cream, Dimenthicone 1%, Zinc Oxide 10%, Easy Spreading Baby Skin Care, 4 Ounce Tube (Packaging May Vary)</p><p> -9% 0FF </p><p>$5.47 ($0.98 / Ounce)</p><a href="https://www.amazon.com/dp/B016N3PHBO?tag=eloabder-20&linkCode=osi&th=1&psc=1">View Product</a></div>
<div class="product"><a href="https://www.amazon.com/dp/B073V5XZHZ?tag=eloabder-20&linkCode=osi&th=1&psc=1"><img src="https://m.media-amazon.com/images/I/41FJH3vX0xL._SL500_.jpg" alt="Product Image"></a><p>hiccapop Hanging Diaper Organizer for Changing Table, Cribs and Walls, Diaper Stacker and Nursery Organizer | Hanging Storage Caddy Organizer for Baby Essentials |</p><p> -14% 0FF </p><p>$29.92</p><a href="https://www.amazon.com/dp/B073V5XZHZ?tag=eloabder-20&linkCode=osi&th=1&psc=1">View Product</a></div>

<div class="product"><a href="https://www.amazon.com/dp/B07MB5PZBF?tag=eloabder-20&linkCode=osi&th=1&psc=1"><img src="https://m.media-amazon.com/images/I/51JYyHL1KML._SL500_.jpg" alt="Product Image"></a><p>Huggies Size 1 Diapers, Little Snugglers Newborn Diapers, Size 1 (8-14 lbs), 32 Count</p><p> -19% 0FF </p><p>$9.94 ($0.31 / Count)</p><a href="https://www.amazon.com/dp/B07MB5PZBF?tag=eloabder-20&linkCode=osi&th=1&psc=1">View Product</a></div><div class="product"><a href="https://www.amazon.com/dp/B07T4WQRNJ?tag=eloabder-20&linkCode=osi&th=1&psc=1"><img src="https://m.media-amazon.com/images/I/41yeY7iBMEL._SL500_.jpg" alt="Product Image"></a><p>Amazon Brand - Mama Bear Gentle Touch Diapers, Hypoallergenic, Size 5, 33 Count, White</p><p> -9% 0FF </p><p>$11.61</p><a href="https://www.amazon.com/dp/B07T4WQRNJ?tag=eloabder-20&linkCode=osi&th=1&psc=1">View Product</a></div><div class="product"><a href="https://www.amazon.com/dp/B0CKV3GLS2?tag=eloabder-20&linkCode=osi&th=1&psc=1"><img src="https://m.media-amazon.com/images/I/51zE6kc5RWL._SL500_.jpg" alt="Product Image"></a><p>The Honest Company Clean Conscious Diapers | Plant-Based, Sustainable | Young at Heart + Rose Blossom | Club Box, Size 2 (12-18 lbs), 72 Count</p><p> -15% 0FF </p><p>$25.49 ($0.35 / Count)</p><a href="https://www.amazon.com/dp/B0CKV3GLS2?tag=eloabder-20&linkCode=osi&th=1&psc=1">View Product</a></div><div class="product"><a href="https://www.amazon.com/dp/B0CHGJ4YVM?tag=eloabder-20&linkCode=osi&th=1&psc=1"><img src="https://m.media-amazon.com/images/I/51eBhAfAr+L._SL500_.jpg" alt="Product Image"></a><p>Huggies Size 1 Diapers, Skin Essentials Baby Diapers, Size 1 (8-14 lbs), 32 Count</p><p> -19% 0FF </p><p>$9.94 ($0.31 / Count)</p><a href="https://www.amazon.com/dp/B0CHGJ4YVM?tag=eloabder-20&linkCode=osi&th=1&psc=1">View Product</a></div>
<div class="product"><a href="https://www.amazon.com/dp/B005OSHTXO?tag=eloabder-20&linkCode=osi&th=1&psc=1"><img src="https://m.media-amazon.com/images/I/41MQMmwwDUL._SL500_.jpg" alt="Product Image"></a><p>Badger Basket Modern Baby Changing Table with Laundry Hamper, 3 Storage Drawers and Pad, Diaper Change Station - Espresso/Ecru</p><p> -35% 0FF </p><p>$122.99</p><a href="https://www.amazon.com/dp/B005OSHTXO?tag=eloabder-20&linkCode=osi&th=1&psc=1">View Product</a></div><div class="product"><a href="https://www.amazon.com/dp/B0C84T1L1F?tag=eloabder-20&linkCode=osi&th=1&psc=1"><img src="https://m.media-amazon.com/images/I/31VUJhNc2fL._SL500_.jpg" alt="Product Image"></a><p>Portable Baby Changing Table with 2 Storage Baskets, BabyBond Foldable Changing Table Dresser Waterproof Diaper Changing Table Height Adjustable Changing Station for Infant and Newborn(Beige)</p><p> -10% 0FF </p><p>$143.99</p><a href="https://www.amazon.com/dp/B0C84T1L1F?tag=eloabder-20&linkCode=osi&th=1&psc=1">View Product</a></div><div class="product"><a href="https://www.amazon.com/dp/B002ACCC52?tag=eloabder-20&linkCode=osi&th=1&psc=1"><img src="https://m.media-amazon.com/images/I/415B3nyWlOS._SL500_.jpg" alt="Product Image"></a><p>Delta Children Eclipse Changing Table with Changing Pad, Black Cherry</p><p> -24% 0FF </p><p>$106.98</p><a href="https://www.amazon.com/dp/B002ACCC52?tag=eloabder-20&linkCode=osi&th=1&psc=1">View Product</a></div>
<div class="product"><a href="https://www.amazon.com/dp/B01AZ20SSQ?tag=eloabder-20&linkCode=osi&th=1&psc=1"><img src="https://m.media-amazon.com/images/I/51gIZq6E8lL._SL500_.jpg" alt="Product Image"></a><p>Baby Trend Sit N' Stand Double Stroller, Onyx</p><p> -30% 0FF </p><p>$139.99</p><a href="https://www.amazon.com/dp/B01AZ20SSQ?tag=eloabder-20&linkCode=osi&th=1&psc=1">View Product</a></div><div class="product"><a href="https://www.amazon.com/dp/B07B7QC8DV?tag=eloabder-20&linkCode=osi&th=1&psc=1"><img src="https://m.media-amazon.com/images/I/41bHbNU6jhL._SL500_.jpg" alt="Product Image"></a><p>Jeep Destination Ultralight Side x Side Double Stroller, Midnight</p><p> -15% 0FF </p><p>$254.00</p><a href="https://www.amazon.com/dp/B07B7QC8DV?tag=eloabder-20&linkCode=osi&th=1&psc=1">View Product</a></div><div class="product"><a href="https://www.amazon.com/dp/B00GJIXW2K?tag=eloabder-20&linkCode=osi&th=1&psc=1"><img src="https://m.media-amazon.com/images/I/518kAj+pzjL._SL500_.jpg" alt="Product Image"></a><p>Delta Children LX Side by Side Stroller - with Recline, Storage & Compact Fold, Grey</p><p> -33% 0FF </p><p>$74.00</p><a href="https://www.amazon.com/dp/B00GJIXW2K?tag=eloabder-20&linkCode=osi&th=1&psc=1">View Product</a></div><div class="product"><a href="https://www.amazon.com/dp/B01L7C479Y?tag=eloabder-20&linkCode=osi&th=1&psc=1"><img src="https://m.media-amazon.com/images/I/51QBKRK7LwL._SL500_.jpg" alt="Product Image"></a><p>Jeep Scout Double Stroller, Charcoal Galaxy</p><p> -8% 0FF </p><p>$109.99</p><a href="https://www.amazon.com/dp/B01L7C479Y?tag=eloabder-20&linkCode=osi&th=1&psc=1">View Product</a></div><div class="product"><a href="https://www.amazon.com/dp/B07BVMSHTZ?tag=eloabder-20&linkCode=osi&th=1&psc=1"><img src="https://m.media-amazon.com/images/I/41arpDdiGJL._SL500_.jpg" alt="Product Image"></a><p>Baby Trend Expedition Double Jogger Stroller, Griffin</p><p> -12% 0FF </p><p>$219.99</p><a href="https://www.amazon.com/dp/B07BVMSHTZ?tag=eloabder-20&linkCode=osi&th=1&psc=1">View Product</a></div><div class="product"><a href="https://www.amazon.com/dp/B095JMDHG1?tag=eloabder-20&linkCode=osi&th=1&psc=1"><img src="https://m.media-amazon.com/images/I/41RzxXFC3zL._SL500_.jpg" alt="Product Image"></a><p>Summer Infant 3Dlite Folding Lightweight Side by Side Double Stroller with 5-Point Safety Harness for Infants and Toddlers, Black</p><p> -10% 0FF </p><p>$143.99</p><a href="https://www.amazon.com/dp/B095JMDHG1?tag=eloabder-20&linkCode=osi&th=1&psc=1">View Product</a></div>
<div class="product"><a href="https://www.amazon.com/dp/B08SQ88X9F?tag=eloabder-20&linkCode=osi&th=1&psc=1"><img src="https://m.media-amazon.com/images/I/614bujHCtPL._SL500_.jpg" alt="Product Image"></a><p>One Fire Night Light for Kids, 96 Lighting Modes Star Projector 360° Rotating+6 Films Kids Night Light Projector,Rechargeable Baby Night Light Ceiling Projector for Bedroom,Kids Gifts&Kids Room Decor</p><p> -29% 0FF </p><p>$14.98</p><a href="https://www.amazon.com/dp/B08SQ88X9F?tag=eloabder-20&linkCode=osi&th=1&psc=1">View Product</a></div><div class="product"><a href="https://www.amazon.com/dp/B07NZN2ZYN?tag=eloabder-20&linkCode=osi&th=1&psc=1"><img src="https://m.media-amazon.com/images/I/51PBHAO+ngL._SL500_.jpg" alt="Product Image"></a><p>Night Light for Kids,Unicorn Night Light Star Projector Gifts for Kids Toddlers,Night Lights Projector for Baby,Unicorn Lamp Ceiling Lights for Girls Bedroom,Night Light for Kids Bedroom(Light Pink)</p><p> -25% 0FF </p><p>$14.99</p><a href="https://www.amazon.com/dp/B07NZN2ZYN?tag=eloabder-20&linkCode=osi&th=1&psc=1">View Product</a></div><div class="product"><a href="https://www.amazon.com/dp/B01LQX0BXA?tag=eloabder-20&linkCode=osi&th=1&psc=1"><img src="https://m.media-amazon.com/images/I/41BcHezl7XL._SL500_.jpg" alt="Product Image"></a><p>Emotionlite Plug in Night Light, Warm White LED Nightlights, Dusk to Dawn Sensor, Kids, Nursery, Bedroom, Bathroom,Hallway, Stairs, Kitchen, UL Listed, 4 Pack</p><p> -17% 0FF </p><p>$9.99 ($2.50 / Count)</p><a href="https://www.amazon.com/dp/B01LQX0BXA?tag=eloabder-20&linkCode=osi&th=1&psc=1">View Product</a></div><div class="product"><a href="https://www.amazon.com/dp/B07H71NHYM?tag=eloabder-20&linkCode=osi&th=1&psc=1"><img src="https://m.media-amazon.com/images/I/412t0Nzaz2L._SL500_.jpg" alt="Product Image"></a><p>2 Pack Sensor LED Night Lights, Color Changing Plug-in Led Mushroom Dream Bed Lamp for Kids Children Adults, Dusk to Dawn Sensor Auto On/Off, Funny Wall Decor Gifts for Nursery Baby Bed Flower Lamp</p><p> -20% 0FF </p><p>$7.99 ($4.00 / Count)</p><a href="https://www.amazon.com/dp/B07H71NHYM?tag=eloabder-20&linkCode=osi&th=1&psc=1">View Product</a></div>
<div class="product"><a href="https://www.amazon.com/dp/B07N1JP56L?tag=eloabder-20&linkCode=osi&th=1&psc=1"><img src="https://m.media-amazon.com/images/I/31R-qSPlk8L._SL500_.jpg" alt="Product Image"></a><p>Fisher-Price Baby Toy Soothe 'n Snuggle Otter Portable Plush Sound Machine with Music Lights & Breathing Motion for Newborns 0+ Months</p><p> -14% 0FF </p><p>$36.99</p><a href="https://www.amazon.com/dp/B07N1JP56L?tag=eloabder-20&linkCode=osi&th=1&psc=1">View Product</a></div><div class="product"><a href="https://www.amazon.com/dp/B006YBHE6M?tag=eloabder-20&linkCode=osi&th=1&psc=1"><img src="https://m.media-amazon.com/images/I/51xjlvsIJlL._SL500_.jpg" alt="Product Image"></a><p>Baby Einstein Sea Dreams Soother, Crib Mount</p><p> -15% 0FF </p><p>$53.99</p><a href="https://www.amazon.com/dp/B006YBHE6M?tag=eloabder-20&linkCode=osi&th=1&psc=1">View Product</a></div><div class="product"><a href="https://www.amazon.com/dp/B075LRC7Z4?tag=eloabder-20&linkCode=osi&th=1&psc=1"><img src="https://m.media-amazon.com/images/I/51n2YwyhfIL._SL500_.jpg" alt="Product Image"></a><p>Soft Dreams Elephant Music and Glow Soother, Grey/Mint</p><p> -17% 0FF </p><p>$19.99</p><a href="https://www.amazon.com/dp/B075LRC7Z4?tag=eloabder-20&linkCode=osi&th=1&psc=1">View Product</a></div><div class="product"><a href="https://www.amazon.com/dp/B0C98SMC3J?tag=eloabder-20&linkCode=osi&th=1&psc=1"><img src="https://m.media-amazon.com/images/I/41FqmVxcrYL._SL500_.jpg" alt="Product Image"></a><p>Baby Sleep Soother Pillow Pets Dream Lites Dinosaur Projector Plush Toys for Boys Girls Baby Sound Machine Stuffed Animal Machine Pillow Ceiling Toys for Toddler</p><p> -17% 0FF </p><p>$19.99</p><a href="https://www.amazon.com/dp/B0C98SMC3J?tag=eloabder-20&linkCode=osi&th=1&psc=1">View Product</a></div>
<div class="product"><a href="https://www.amazon.com/dp/B01HP0JU2G?tag=eloabder-20&linkCode=osi&th=1&psc=1"><img src="https://m.media-amazon.com/images/I/51VRUtudnyL._SL500_.jpg" alt="Product Image"></a><p>Braun ThermoScan 5 Ear Thermometer</p><p> -11% 0FF </p><p>$31.00</p><a href="https://www.amazon.com/dp/B01HP0JU2G?tag=eloabder-20&linkCode=osi&th=1&psc=1">View Product</a></div><div class="product"><a href="https://www.amazon.com/dp/B07YYMBVVC?tag=eloabder-20&linkCode=osi&th=1&psc=1"><img src="https://m.media-amazon.com/images/I/41eqvQ9sQ-L._SL500_.jpg" alt="Product Image"></a><p>Alcedo Forehead and Ear Thermometer for Adults, Kids, and Baby | Digital Infrared Thermometer for Fever | Touchless, Instant Read, Medical Grade | Pouch and Batteries Included</p><p> -17% 0FF </p><p>$24.95</p><a href="https://www.amazon.com/dp/B07YYMBVVC?tag=eloabder-20&linkCode=osi&th=1&psc=1">View Product</a></div>
<div class="product"><a href="https://www.amazon.com/dp/B077QBJNVM?tag=eloabder-20&linkCode=osi&th=1&psc=1"><img src="https://m.media-amazon.com/images/I/41Rrkn2-CKL._SL500_.jpg" alt="Product Image"></a><p>Baby Nail Trimmer 21 in 1, with Labeled case, Includes 13 Extra Replacement Tools, Royal Angels Baby Electric Nail Kit, Baby Nail Care, Nail File Newborn Toddler Toes & Fingernails Clipper (Blue)</p><p> -49% 0FF </p><p>$15.19</p><a href="https://www.amazon.com/dp/B077QBJNVM?tag=eloabder-20&linkCode=osi&th=1&psc=1">View Product</a></div><div class="product"><a href="https://www.amazon.com/dp/B0CL4G33BX?tag=eloabder-20&linkCode=osi&th=1&psc=1"><img src="https://m.media-amazon.com/images/I/41ciCj+3ozL._SL500_.jpg" alt="Product Image"></a><p>Momcozy Baby Nail File Electric, Gentle Baby Nail Trimmer Electric Rechargeable, Baby Nail Clipper Electric, 7 Grinding Head Replacement Pads</p><p> -17% 0FF </p><p>$24.99</p><a href="https://www.amazon.com/dp/B0CL4G33BX?tag=eloabder-20&linkCode=osi&th=1&psc=1">View Product</a></div><div class="product"><a href="https://www.amazon.com/dp/B07B2C8DJD?tag=eloabder-20&linkCode=osi&th=1&psc=1"><img src="https://m.media-amazon.com/images/I/41fgXtsyDWL._SL500_.jpg" alt="Product Image"></a><p>Baby Nail Trimmer Electric Nail File Baby Nail Clippers, Safe Nail Filer Grinder Kit for Newborn Infant Toddler Kids or Adults Toes Fingernails Care Trim Polish, with Led Light and 10 Grinding Heads</p><p> -8% 0FF </p><p>$14.99</p><a href="https://www.amazon.com/dp/B07B2C8DJD?tag=eloabder-20&linkCode=osi&th=1&psc=1">View Product</a></div><div class="product"><a href="https://www.amazon.com/dp/B0D6R6ZPPF?tag=eloabder-20&linkCode=osi&th=1&psc=1"><img src="https://m.media-amazon.com/images/I/41f5Kh-OjGL._SL500_.jpg" alt="Product Image"></a><p>Electric Baby Nail Clippers - 3 in 1 Fingernail Trimmer, Polisher & Clip Storage with Led, USB Rechargeable & 2 Speeds for Baby, Kids, Adult, Seniors, Caregivers</p><p> -15% 0FF </p><p>$23.58</p><a href="https://www.amazon.com/dp/B0D6R6ZPPF?tag=eloabder-20&linkCode=osi&th=1&psc=1">View Product</a></div>
<div class="product"><a href="https://www.amazon.com/dp/B07WY1PGQC?tag=eloabder-20&linkCode=osi&th=1&psc=1"><img src="https://m.media-amazon.com/images/I/414iv2EhSgL._SL500_.jpg" alt="Product Image"></a><p>Dr. Brown's Natural Flow Anti-Colic Options+ Narrow Glass Baby Bottle 8 oz/250 mL, with Level 1 Slow Flow Nipple, 2 Pack, 0m+</p><p> -6% 0FF </p><p>$15.98</p><a href="https://www.amazon.com/dp/B07WY1PGQC?tag=eloabder-20&linkCode=osi&th=1&psc=1">View Product</a></div><div class="product"><a href="https://www.amazon.com/dp/B000WPVCQE?tag=eloabder-20&linkCode=osi&th=1&psc=1"><img src="https://m.media-amazon.com/images/I/41sXQF4JFtL._SL500_.jpg" alt="Product Image"></a><p>Medela Slow Flow Feeding & Storage Bottles, 3 Pack of 5 Ounce Bottle with Nipple, Lids, Wide Base Collars, and Travel Caps, Made Without BPA</p><p> -37% 0FF </p><p>$14.98</p><a href="https://www.amazon.com/dp/B000WPVCQE?tag=eloabder-20&linkCode=osi&th=1&psc=1">View Product</a></div><div class="product"><a href="https://www.amazon.com/dp/B08XNYS46K?tag=eloabder-20&linkCode=osi&th=1&psc=1"><img src="https://m.media-amazon.com/images/I/31bCTm8z+KL._SL500_.jpg" alt="Product Image"></a><p>Sassy 2pk Baby Food Nursers- 3 Nipples, Multi</p><p> -15% 0FF </p><p>$11.04</p><a href="https://www.amazon.com/dp/B08XNYS46K?tag=eloabder-20&linkCode=osi&th=1&psc=1">View Product</a></div>
<div class="product"><a href="https://www.amazon.com/dp/B004RIBVTK?tag=eloabder-20&linkCode=osi&th=1&psc=1"><img src="https://m.media-amazon.com/images/I/41qLfV5gyYL._SL500_.jpg" alt="Product Image"></a><p>First Aid Only 12-110 Alcohol Wipes, Individually Wrapped, 100 Per Box</p><p> -9% 0FF </p><p>$5.29 ($0.05 / Count)</p><a href="https://www.amazon.com/dp/B004RIBVTK?tag=eloabder-20&linkCode=osi&th=1&psc=1">View Product</a></div><div class="product"><a href="https://www.amazon.com/dp/B09YN8K3TH?tag=eloabder-20&linkCode=osi&th=1&psc=1"><img src="https://m.media-amazon.com/images/I/51uaWltWJiL._SL500_.jpg" alt="Product Image"></a><p>Baby Healthcare and Grooming Kit, Portable Baby Safety Care Set, Baby Essentials kit for Newborn (Blue 26 in 1)</p><p> -6% 0FF </p><p>$16.99</p><a href="https://www.amazon.com/dp/B09YN8K3TH?tag=eloabder-20&linkCode=osi&th=1&psc=1">View Product</a></div><div class="product"><a href="https://www.amazon.com/dp/B09FFT9BL2?tag=eloabder-20&linkCode=osi&th=1&psc=1"><img src="https://m.media-amazon.com/images/I/51mTQI4FDBL._SL500_.jpg" alt="Product Image"></a><p>Smart Care Fisher-Price 6-Piece Baby Healthcare Kit, Newborn Essentials, Baby Gift Set, Includes Medicine Dispensers, Aspirator, Baby Nail Clippers, Baby Thermometer</p><p> -23% 0FF </p><p>$10.73</p><a href="https://www.amazon.com/dp/B09FFT9BL2?tag=eloabder-20&linkCode=osi&th=1&psc=1">View Product</a></div>

<div class="product"><a href="https://www.amazon.com/dp/B07GTMWP8R?tag=eloabder-20&linkCode=osi&th=1&psc=1"><img src="https://m.media-amazon.com/images/I/412oB-MFGOL._SL500_.jpg" alt="Product Image"></a><p>Matyz Versatile Baby Food Maker Set - Toddler Food Mills with Mash Bowl, Hand Masher, Citrus Juicer, Grater - Making Homemade Baby Food - Fruits and Vegetables Masher - No BPA (Yellow)</p><p> -36% 0FF </p><p>$15.99</p><a href="https://www.amazon.com/dp/B07GTMWP8R?tag=eloabder-20&linkCode=osi&th=1&psc=1">View Product</a></div><div class="product"><a href="https://www.amazon.com/dp/B00FWSQ55E?tag=eloabder-20&linkCode=osi&th=1&psc=1"><img src="https://m.media-amazon.com/images/I/316TAIMF4qL._SL500_.jpg" alt="Product Image"></a><p>NUK Fresh Foods Masher & Bowl, colour pistachio</p><p> -10% 0FF </p><p>$17.99</p><a href="https://www.amazon.com/dp/B00FWSQ55E?tag=eloabder-20&linkCode=osi&th=1&psc=1">View Product</a></div>
<div class="product"><a href="https://www.amazon.com/dp/B07MYW28QR?tag=eloabder-20&linkCode=osi&th=1&psc=1"><img src="https://m.media-amazon.com/images/I/315j5b08H9L._SL500_.jpg" alt="Product Image"></a><p>Baby Brezza New and Improved Formula Pro Advanced Formula Dispenser Machine - Automatically Mix a Warm Formula Bottle Instantly - Easily Make Bottle with Automatic Powder Blending, White</p><p> -20% 0FF </p><p>$184.99</p><a href="https://www.amazon.com/dp/B07MYW28QR?tag=eloabder-20&linkCode=osi&th=1&psc=1">View Product</a></div>
<div class="product"><a href="https://www.amazon.com/dp/B0B2KVK1QS?tag=eloabder-20&linkCode=osi&th=1&psc=1"><img src="https://m.media-amazon.com/images/I/31JCp0AmlBL._SL500_.jpg" alt="Product Image"></a><p>Dr. Brown's Baby Formula Mixing Pitcher with Adjustable Stopper, Locking Lid, & No Drip Spout, 32oz, BPA Free, Teal</p><p> -9% 0FF </p><p>$9.97</p><a href="https://www.amazon.com/dp/B0B2KVK1QS?tag=eloabder-20&linkCode=osi&th=1&psc=1">View Product</a></div><div class="product"><a href="https://www.amazon.com/dp/B0CM5J4JWT?tag=eloabder-20&linkCode=osi&th=1&psc=1"><img src="https://m.media-amazon.com/images/I/31VSt6TaXAL._SL500_.jpg" alt="Product Image"></a><p>Electric Baby Formula Mixing Pitcher, NehNeh Baby Bi-directional Alternating Stirring Mixer | No Air Bubble | No Clumps | No Drip Spout | Locking Lid | Fridge Storage 36oz, BPA Free -Green</p><p> -27% 0FF </p><p>$21.99</p><a href="https://www.amazon.com/dp/B0CM5J4JWT?tag=eloabder-20&linkCode=osi&th=1&psc=1">View Product</a></div><div class="product"><a href="https://www.amazon.com/dp/B0D1C9D91Q?tag=eloabder-20&linkCode=osi&th=1&psc=1"><img src="https://m.media-amazon.com/images/I/41MGIga8RYL._SL500_.jpg" alt="Product Image"></a><p>Electric Bottle Brush Cleaner Baby, Silicone Electric Baby Bottle Brush Set with Nipple Brush/Baby Formula Mixer USB Rechargeable & 2 Mode 360° Spinning Cleaner. Essential Feeding Supplies for Moms</p><p> -24% 0FF </p><p>$21.99</p><a href="https://www.amazon.com/dp/B0D1C9D91Q?tag=eloabder-20&linkCode=osi&th=1&psc=1">View Product</a></div>
<div class="product"><a href="https://www.amazon.com/dp/B0823FX2SL?tag=eloabder-20&linkCode=osi&th=1&psc=1"><img src="https://m.media-amazon.com/images/I/41i+ptDBdcL._SL500_.jpg" alt="Product Image"></a><p>Frida Baby Grooming Kit | Baby Essentials Gift Set Includes Finger Brush with Storage Stand, Hair Brush with Case, Styling Hair Comb, Easy Grip Nail Scissors with Nail File and Case</p><p> -39% 0FF </p><p>$15.26</p><a href="https://www.amazon.com/dp/B0823FX2SL?tag=eloabder-20&linkCode=osi&th=1&psc=1">View Product</a></div><div class="product"><a href="https://www.amazon.com/dp/B08PFCJWLF?tag=eloabder-20&linkCode=osi&th=1&psc=1"><img src="https://m.media-amazon.com/images/I/41ugdN8QcEL._SL500_.jpg" alt="Product Image"></a><p>OTTOLIVES Baby Healthcare and Grooming Kit, 24 in 1 Baby Electric Nail Trimmer Set Newborn Nursery Health Care Set for Newborn Infant Toddlers Baby Boys Girls Kids Haircut Tools (0-3 Years+) (Pink)</p><p> -17% 0FF </p><p>$24.99</p><a href="https://www.amazon.com/dp/B08PFCJWLF?tag=eloabder-20&linkCode=osi&th=1&psc=1">View Product</a></div>
<div class="product"><a href="https://www.amazon.com/dp/B074W7SKZ2?tag=eloabder-20&linkCode=osi&th=1&psc=1"><img src="https://m.media-amazon.com/images/I/31KOO0YFRdL._SL500_.jpg" alt="Product Image"></a><p>Mibote Baby Growth Height Chart Handing Ruler Wall Decor for Kids, Canvas Removable Height Growth Chart 79" x 7.9" (Black & White)</p><p> -18% 0FF </p><p>$7.99</p><a href="https://www.amazon.com/dp/B074W7SKZ2?tag=eloabder-20&linkCode=osi&th=1&psc=1">View Product</a></div><div class="product"><a href="https://www.amazon.com/dp/B073V6JFZ1?tag=eloabder-20&linkCode=osi&th=1&psc=1"><img src="https://m.media-amazon.com/images/I/31Fr48bMYdL._SL500_.jpg" alt="Product Image"></a><p>Kate and Laurel Growth Chart 6.5' Wood Wall Ruler, Rustic Brown</p><p> -12% 0FF </p><p>$52.99</p><a href="https://www.amazon.com/dp/B073V6JFZ1?tag=eloabder-20&linkCode=osi&th=1&psc=1">View Product</a></div><div class="product"><a href="https://www.amazon.com/dp/B08PTVQ1W5?tag=eloabder-20&linkCode=osi&th=1&psc=1"><img src="https://m.media-amazon.com/images/I/31m1GJZxGtS._SL500_.jpg" alt="Product Image"></a><p>PandaEar Baby Height Growth Chart Ruler| Kids Boys Girls | Removable Wall Decor Measurement 79" x 7.9" (White)</p><p> -16% 0FF </p><p>$7.59</p><a href="https://www.amazon.com/dp/B08PTVQ1W5?tag=eloabder-20&linkCode=osi&th=1&psc=1">View Product</a></div><div class="product"><a href="https://www.amazon.com/dp/B08TVT93RY?tag=eloabder-20&linkCode=osi&th=1&psc=1"><img src="https://m.media-amazon.com/images/I/41kME5mTgKL._SL500_.jpg" alt="Product Image"></a><p>SUJAYU Growth Chart for Kids, Canvas Height Chart Ruler Removable Wood Hanging Wall Ruler Measurement Chart for Home Decoration (White)</p><p> -13% 0FF </p><p>$6.99</p><a href="https://www.amazon.com/dp/B08TVT93RY?tag=eloabder-20&linkCode=osi&th=1&psc=1">View Product</a></div><div class="product"><a href="https://www.amazon.com/dp/B0D2N5HN9K?tag=eloabder-20&linkCode=osi&th=1&psc=1"><img src="https://m.media-amazon.com/images/I/41rYpem0a5L._SL500_.jpg" alt="Product Image"></a><p>Growth Chart for Wall Wooden Height Chart for Kids Unicorn Castle Height Measurement for Wall Kids Height Wall Chart Kids Room Nursery Wall Decor</p><p> -19% 0FF </p><p>$21.99</p><a href="https://www.amazon.com/dp/B0D2N5HN9K?tag=eloabder-20&linkCode=osi&th=1&psc=1">View Product</a></div>
<div class="product"><a href="https://www.amazon.com/dp/B01N1PTHED?tag=eloabder-20&linkCode=osi&th=1&psc=1"><img src="https://m.media-amazon.com/images/I/31l11tL5deL._SL500_.jpg" alt="Product Image"></a><p>Natemia Baby Hair Brush - Soft Bristle Hair Brush Baby, Baby Registry Gift, Soft Baby Brush, Toddler Hair Brush for Boys & Girls, Newborn Baby Essentials, Newborn Hair Brush, Baby Wooden Brush</p><p> -28% 0FF </p><p>$12.94</p><a href="https://www.amazon.com/dp/B01N1PTHED?tag=eloabder-20&linkCode=osi&th=1&psc=1">View Product</a></div><div class="product"><a href="https://www.amazon.com/dp/B07V6VN1V8?tag=eloabder-20&linkCode=osi&th=1&psc=1"><img src="https://m.media-amazon.com/images/I/415TTdnE6ZL._SL500_.jpg" alt="Product Image"></a><p>Baby Hair Brush - Baby Brush with Soft Goat Bristles, Cradle Cap Brush, Perfect Scalp Grooming Product for Infant, Toddler, Kids, Newborns, Baby Girls, Boys (Walnut, Oval)</p><p> -32% 0FF </p><p>$12.96</p><a href="https://www.amazon.com/dp/B07V6VN1V8?tag=eloabder-20&linkCode=osi&th=1&psc=1">View Product</a></div><div class="product"><a href="https://www.amazon.com/dp/B07XPS253G?tag=eloabder-20&linkCode=osi&th=1&psc=1"><img src="https://m.media-amazon.com/images/I/41Yb4VpbnkS._SL500_.jpg" alt="Product Image"></a><p>Molylove Baby Hair Brush, Wooden Goat Bristles Hair Brush for Newborns & Toddlers, Ideal for Cradle Cap, Perfect Baby Registry Gift, Hypoallergenic, 1 Count</p><p> -33% 0FF </p><p>$5.99</p><a href="https://www.amazon.com/dp/B07XPS253G?tag=eloabder-20&linkCode=osi&th=1&psc=1">View Product</a></div><div class="product"><a href="https://www.amazon.com/dp/B0D68KKVN2?tag=eloabder-20&linkCode=osi&th=1&psc=1"><img src="https://m.media-amazon.com/images/I/41M35gnwy-L._SL500_.jpg" alt="Product Image"></a><p>ROMY RO Soft Wooden Baby Hair Brush for Newborns & Toddlers in Chic Gift Box - Ultra Soft Natural Goat Hair - Perfect Registry Gift (Goat hair brush - Oval)</p><p> -48% 0FF </p><p>$12.94</p><a href="https://www.amazon.com/dp/B0D68KKVN2?tag=eloabder-20&linkCode=osi&th=1&psc=1">View Product</a></div>
<div class="product"><a href="https://www.amazon.com/dp/B08BPD2RHF?tag=eloabder-20&linkCode=osi&th=1&psc=1"><img src="https://m.media-amazon.com/images/I/41lSftNLw1L._SL500_.jpg" alt="Product Image"></a><p>Yoocaa Car Headrest Pillow, Road Pal Headrest, Adjustable Car Seat Head Neck Support, U Shaped Car Sleeping Pillow for Kids & Adults, Only Suitable for Car Seat Headrest with Poles, Black</p><p> -9% 0FF </p><p>$29.99</p><a href="https://www.amazon.com/dp/B08BPD2RHF?tag=eloabder-20&linkCode=osi&th=1&psc=1">View Product</a></div><div class="product"><a href="https://www.amazon.com/dp/B07LF8G768?tag=eloabder-20&linkCode=osi&th=1&psc=1"><img src="https://m.media-amazon.com/images/I/21e1Tt6BFrL._SL500_.jpg" alt="Product Image"></a><p>Car Head Support Toddle Car Neck Relief Baby Child Car Seat Adjustable Head and Neck Support Band - A Comfortable Sleep Solution (Gray)</p><p> -13% 0FF </p><p>$12.99</p><a href="https://www.amazon.com/dp/B07LF8G768?tag=eloabder-20&linkCode=osi&th=1&psc=1">View Product</a></div><div class="product"><a href="https://www.amazon.com/dp/B09ZL3P26Z?tag=eloabder-20&linkCode=osi&th=1&psc=1"><img src="https://m.media-amazon.com/images/I/31zv-UP+MDL._SL500_.jpg" alt="Product Image"></a><p>Pro Goleem Car Seat Head Support Infant, Soft Infant Car Seat Insert, 2 in 1 Carseat Head Support for Newborn, Perfect for Car Seat, Stroller, Swing, Bouncer, Gray and Black</p><p> -21% 0FF </p><p>$18.99</p><a href="https://www.amazon.com/dp/B09ZL3P26Z?tag=eloabder-20&linkCode=osi&th=1&psc=1">View Product</a></div>
<div class="product"><a href="https://www.amazon.com/dp/B0CLM3ZNJ6?tag=eloabder-20&linkCode=osi&th=1&psc=1"><img src="https://m.media-amazon.com/images/I/4131cOAl1wL._SL500_.jpg" alt="Product Image"></a><p>Toddler Bath Towel Baby Bath Towels Hooded Kids Towels for Boy Girl 0-5 Year, 2-Pack Thick Absorbent Toddler Towels Hooded Baby Towels with Hood, Large 50''x32'' Baby Hooded Towel for Kids Bath Towel</p><p> -20% 0FF </p><p>$23.99</p><a href="https://www.amazon.com/dp/B0CLM3ZNJ6?tag=eloabder-20&linkCode=osi&th=1&psc=1">View Product</a></div>
<div class="product"><a href="https://www.amazon.com/dp/B094YGQNSV?tag=eloabder-20&linkCode=osi&th=1&psc=1"><img src="https://m.media-amazon.com/images/I/31BKhmVToOL._SL500_.jpg" alt="Product Image"></a><p>Westinghouse Ultrasonic Cool Mist Humidifier, 4.5L Top Filling Quiet Air Humidifier with Low Water Alarm, Adjustable Mist Humidifier for Bedrooms</p><p> -60% 0FF </p><p>$25.00</p><a href="https://www.amazon.com/dp/B094YGQNSV?tag=eloabder-20&linkCode=osi&th=1&psc=1">View Product</a></div><div class="product"><a href="https://www.amazon.com/dp/B000056HL5?tag=eloabder-20&linkCode=osi&th=1&psc=1"><img src="https://m.media-amazon.com/images/I/41ad8kyAgJL._SL500_.jpg" alt="Product Image"></a><p>Vicks Ultrasonic Humidifier Cool Mist Humidifier to Help Relieve Cold and Flu Symptoms</p><p> -27% 0FF </p><p>$44.00</p><a href="https://www.amazon.com/dp/B000056HL5?tag=eloabder-20&linkCode=osi&th=1&psc=1">View Product</a></div><div class="product"><a href="https://www.amazon.com/dp/B000GWJD0A?tag=eloabder-20&linkCode=osi&th=1&psc=1"><img src="https://m.media-amazon.com/images/I/3124anf96JL._SL500_.jpg" alt="Product Image"></a><p>Crane Adorables Ultrasonic Humidifiers for Bedroom and Baby Nursery, 1 Gallon Cool Mist Air Humidifier for Large Room or Kid's Room, Humidifier Filters Optional, Penguin</p><p> -28% 0FF </p><p>$43.20</p><a href="https://www.amazon.com/dp/B000GWJD0A?tag=eloabder-20&linkCode=osi&th=1&psc=1">View Product</a></div><div class="product"><a href="https://www.amazon.com/dp/B06XP1GMDY?tag=eloabder-20&linkCode=osi&th=1&psc=1"><img src="https://m.media-amazon.com/images/I/31g-+ypTSrL._SL500_.jpg" alt="Product Image"></a><p>Babymoov Hygro Plus Cool Mist Humidifier 3-in-1 Humidity Control, Multicolored Night Light & Essential Oil Diffuser Easy Use and Care-Blue(NO Filter Needed)</p><p> -22% 0FF </p><p>$69.99</p><a href="https://www.amazon.com/dp/B06XP1GMDY?tag=eloabder-20&linkCode=osi&th=1&psc=1">View Product</a></div><div class="product"><a href="https://www.amazon.com/dp/B009COIFAC?tag=eloabder-20&linkCode=osi&th=1&psc=1"><img src="https://m.media-amazon.com/images/I/415IUpVHxDL._SL500_.jpg" alt="Product Image"></a><p>Guardian Technologies Pure Guardian H920BL Ultrasonic Cool Mist Humidifier, 10 Hrs. Run Time, 210 Sq. Ft. Coverage, Small Rooms, Quiet, Filter Free, Treated Tank Resists</p><p> -50% 0FF </p><p>$19.99</p><a href="https://www.amazon.com/dp/B009COIFAC?tag=eloabder-20&linkCode=osi&th=1&psc=1">View Product</a></div>
<div class="product"><a href="https://www.amazon.com/dp/B08847QPWV?tag=eloabder-20&linkCode=osi&th=1&psc=1"><img src="https://m.media-amazon.com/images/I/41I9zGsqR2L._SL500_.jpg" alt="Product Image"></a><p>Graco SnugFit 35 Infant Car Seat with Simply Safe Adjust Harness System | Baby Car Seat with Anti Rebound Bar, Gotham</p><p> -30% 0FF </p><p>$118.99</p><a href="https://www.amazon.com/dp/B08847QPWV?tag=eloabder-20&linkCode=osi&th=1&psc=1">View Product</a></div>
<div class="product"><a href="https://www.amazon.com/dp/B09DLGM21Q?tag=eloabder-20&linkCode=osi&th=1&psc=1"><img src="https://m.media-amazon.com/images/I/4161UIlOUcL._SL500_.jpg" alt="Product Image"></a><p>Fisher-Price Portable Baby Chair Sit-Me-Up Floor Seat with Developmental Toys & Machine Washable Seat Pad, Rainbow Sprinkles</p><p> -6% 0FF </p><p>$40.49</p><a href="https://www.amazon.com/dp/B09DLGM21Q?tag=eloabder-20&linkCode=osi&th=1&psc=1">View Product</a></div><div class="product"><a href="https://www.amazon.com/dp/B0C2V717QN?tag=eloabder-20&linkCode=osi&th=1&psc=1"><img src="https://m.media-amazon.com/images/I/413QFmg9NwL._SL500_.jpg" alt="Product Image"></a><p>EKEPE Inflatable Baby Seat for Babies 3 Months & Up, Baby Floor Seats for Sitting Up, Baby Seats for Infants, Blow Up Baby Chair with Built in Air Pump - Bear</p><p> -20% 0FF </p><p>$21.59</p><a href="https://www.amazon.com/dp/B0C2V717QN?tag=eloabder-20&linkCode=osi&th=1&psc=1">View Product</a></div>

<div class="product"><a href="https://www.amazon.com/dp/B01M6YVW7B?tag=eloabder-20&linkCode=osi&th=1&psc=1"><img src="https://m.media-amazon.com/images/I/41HXEU0eLLL._SL500_.jpg" alt="Product Image"></a><p>Angelcare Baby Bath Support (Gray) | Ideal for Babies Less Than 6 Months Old</p><p> -33% 0FF </p><p>$19.99</p><a href="https://www.amazon.com/dp/B01M6YVW7B?tag=eloabder-20&linkCode=osi&th=1&psc=1">View Product</a></div><div class="product"><a href="https://www.amazon.com/dp/B0D9JLFDWL?tag=eloabder-20&linkCode=osi&th=1&psc=1"><img src="https://m.media-amazon.com/images/I/41t4fYIsNiL._SL500_.jpg" alt="Product Image"></a><p>GloTika Foldable Baby Bathtub Support, Ergonomic Mesh Infant Bathtub, Portable Baby Bath Tub for Newborn Babies 0-6 Months, Grey</p><p> -31% 0FF </p><p>$19.99</p><a href="https://www.amazon.com/dp/B0D9JLFDWL?tag=eloabder-20&linkCode=osi&th=1&psc=1">View Product</a></div><div class="product"><a href="https://www.amazon.com/dp/B000XW65SG?tag=eloabder-20&linkCode=osi&th=1&psc=1"><img src="https://m.media-amazon.com/images/I/41Nyw2TWaWL._SL500_.jpg" alt="Product Image"></a><p>The First Years Newborn to Toddler Baby Bath Tub - Convertible 3-in-1 Baby Tub with Removable Sling - Ages 0 to 24 Months - Sure Comfort - Pink</p><p> -37% 0FF </p><p>$22.00</p><a href="https://www.amazon.com/dp/B000XW65SG?tag=eloabder-20&linkCode=osi&th=1&psc=1">View Product</a></div><div class="product"><a href="https://www.amazon.com/dp/B0CGD46P4F?tag=eloabder-20&linkCode=osi&th=1&psc=1"><img src="https://m.media-amazon.com/images/I/41lNJLni9PL._SL500_.jpg" alt="Product Image"></a><p>AVIDOR Baby Bathtub,Collapsible Bathtub for Newborn to Toddler,Durable Essential Infant Bath Tub,Portable Travel Baby Bathtub with Soft Cushion,No-Slip Hanging and Detachable Bathtub,Green</p><p> -18% 0FF </p><p>$32.99</p><a href="https://www.amazon.com/dp/B0CGD46P4F?tag=eloabder-20&linkCode=osi&th=1&psc=1">View Product</a></div>
<div class="product"><a href="https://www.amazon.com/dp/B0CKWN7R3N?tag=eloabder-20&linkCode=osi&th=1&psc=1"><img src="https://m.media-amazon.com/images/I/31Z12rMqZ6L._SL500_.jpg" alt="Product Image"></a><p>Itzy Ritzy Insulated Bottle Bag – Keeps Bottles Warm or Cool - Holds 3 Bottles & Features Interior Pocket for Ice Pack (Not Included), Milk & Honey</p><p> -29% 0FF </p><p>$24.99</p><a href="https://www.amazon.com/dp/B0CKWN7R3N?tag=eloabder-20&linkCode=osi&th=1&psc=1">View Product</a></div>
<div class="product"><a href="https://www.amazon.com/dp/B002GKC4AG?tag=eloabder-20&linkCode=osi&th=1&psc=1"><img src="https://m.media-amazon.com/images/I/4195Qc9-38L._SL500_.jpg" alt="Product Image"></a><p>My Brest Friend Professional Nursing Pillow | Ergonomic Breastfeeding Pillows | Ideal for Lactation Consultants, NICUs & More | Breastfeeding Essentials | Handy Side Pocket & Easily Wipes Clean, Blue</p><p> -6% 0FF </p><p>$51.50</p><a href="https://www.amazon.com/dp/B002GKC4AG?tag=eloabder-20&linkCode=osi&th=1&psc=1">View Product</a></div><div class="product"><a href="https://www.amazon.com/dp/B0BT6TTHK6?tag=eloabder-20&linkCode=osi&th=1&psc=1"><img src="https://m.media-amazon.com/images/I/51GP+4wNoZL._SL500_.jpg" alt="Product Image"></a><p>Boppy Nursing Pillow Best Latch, Mocha Half Domes, Created with Lactation Consultant, Firm Contoured and Plush Sides for Two Breastfeeding Options, Padded Belt, Plus Sized to Petite, Machine Washable</p><p> -20% 0FF </p><p>$40.00</p><a href="https://www.amazon.com/dp/B0BT6TTHK6?tag=eloabder-20&linkCode=osi&th=1&psc=1">View Product</a></div>
<div class="product"><a href="https://www.amazon.com/dp/B01GGLV4V0?tag=eloabder-20&linkCode=osi&th=1&psc=1"><img src="https://m.media-amazon.com/images/I/41KKABFTw+L._SL500_.jpg" alt="Product Image"></a><p>Zote Pink Soap Pack of 3 Total 7 oz</p><p> -10% 0FF </p><p>$6.30</p><a href="https://www.amazon.com/dp/B01GGLV4V0?tag=eloabder-20&linkCode=osi&th=1&psc=1">View Product</a></div><div class="product"><a href="https://www.amazon.com/dp/B08MPWSBRR?tag=eloabder-20&linkCode=osi&th=1&psc=1"><img src="https://m.media-amazon.com/images/I/31gvg0Il4bL._SL500_.jpg" alt="Product Image"></a><p>Grangers Down Wash/Detergent for Down Insulated Clothing, Sleeping Bags and Bedding (12 Washes), 10 oz</p><p> -6% 0FF </p><p>$13.45 ($1.34 / Fl Oz)</p><a href="https://www.amazon.com/dp/B08MPWSBRR?tag=eloabder-20&linkCode=osi&th=1&psc=1">View Product</a></div><div class="product"><a href="https://www.amazon.com/dp/B08Y9691J6?tag=eloabder-20&linkCode=osi&th=1&psc=1"><img src="https://m.media-amazon.com/images/I/31wqAyGiS-L._SL500_.jpg" alt="Product Image"></a><p>WHOLENATURALS Pure Castile Soap Liquid, EWG Verified & Certified Palm Oil Free Unscented, Natural, Mild & Gentle Non-gmo & Vegan - Organic Body Wash, Laundry, and Baby Soap - 64 Fl Oz</p><p> -17% 0FF </p><p>$28.89 ($0.45 / Fl Oz)</p><a href="https://www.amazon.com/dp/B08Y9691J6?tag=eloabder-20&linkCode=osi&th=1&psc=1">View Product</a></div>
<div class="product"><a href="https://www.amazon.com/dp/B01JK164JU?tag=eloabder-20&linkCode=osi&th=1&psc=1"><img src="https://m.media-amazon.com/images/I/31tGM0o-n7L._SL500_.jpg" alt="Product Image"></a><p>The Honest Company Hydrating Face + Body Lotion | Fast Absorbing, Naturally Derived, Hypoallergenic | Lavender Calm, 8.5 fl oz</p><p> -8% 0FF </p><p>$10.99 ($1.29 / Fl Oz)</p><a href="https://www.amazon.com/dp/B01JK164JU?tag=eloabder-20&linkCode=osi&th=1&psc=1">View Product</a></div><div class="product"><a href="https://www.amazon.com/dp/B0018CK3VK?tag=eloabder-20&linkCode=osi&th=1&psc=1"><img src="https://m.media-amazon.com/images/I/41+wBu0geAL._SL500_.jpg" alt="Product Image"></a><p>Avalon Organics Hand & Body Lotion, Aloe Unscented, 32 Oz</p><p> -12% 0FF </p><p>$17.19 ($0.54 / Ounce)</p><a href="https://www.amazon.com/dp/B0018CK3VK?tag=eloabder-20&linkCode=osi&th=1&psc=1">View Product</a></div><div class="product"><a href="https://www.amazon.com/dp/B0013DIZL4?tag=eloabder-20&linkCode=osi&th=1&psc=1"><img src="https://m.media-amazon.com/images/I/31bPmcqX7+L._SL500_.jpg" alt="Product Image"></a><p>Lubriderm Intense Dry Skin Repair Lotion + Pro-Ceramide with Vitamin E & Minerals Helps to Repair Rough, Dry Skin, Fast Absorbing Lotion is Fragrance-Free and Non-Greasy, 16 fl. oz</p><p> -24% 0FF </p><p>$9.34 ($0.58 / Fl Oz)</p><a href="https://www.amazon.com/dp/B0013DIZL4?tag=eloabder-20&linkCode=osi&th=1&psc=1">View Product</a></div>
<div class="product"><a href="https://www.amazon.com/dp/B0BPHJN972?tag=eloabder-20&linkCode=osi&th=1&psc=1"><img src="https://m.media-amazon.com/images/I/41np1V18sQL._SL500_.jpg" alt="Product Image"></a><p>Pro Goleem Loveys for Babies - Soft Security Blanket Baby Snuggle Toy Newborn Stuffed Animals Baby Gifts for Boys and Girls, Lion 16 Inch</p><p> -37% 0FF </p><p>$9.48</p><a href="https://www.amazon.com/dp/B0BPHJN972?tag=eloabder-20&linkCode=osi&th=1&psc=1">View Product</a></div><div class="product"><a href="https://www.amazon.com/dp/B01MRVHKP1?tag=eloabder-20&linkCode=osi&th=1&psc=1"><img src="https://m.media-amazon.com/images/I/5183CyG7XSL._SL500_.jpg" alt="Product Image"></a><p>Mary Meyer Putty Nursery Character Blanket, Hound Dog, 1 Pack</p><p> -9% 0FF </p><p>$19.96</p><a href="https://www.amazon.com/dp/B01MRVHKP1?tag=eloabder-20&linkCode=osi&th=1&psc=1">View Product</a></div><div class="product"><a href="https://www.amazon.com/dp/B00PKP4JUM?tag=eloabder-20&linkCode=osi&th=1&psc=1"><img src="https://m.media-amazon.com/images/I/41OzmBpx8bL._SL500_.jpg" alt="Product Image"></a><p>Mary Meyer Lovey Soft Toy, 13-Inches, Oatmeal Bunny</p><p> -14% 0FF </p><p>$17.96</p><a href="https://www.amazon.com/dp/B00PKP4JUM?tag=eloabder-20&linkCode=osi&th=1&psc=1">View Product</a></div><div class="product"><a href="https://www.amazon.com/dp/B08PP8S8KZ?tag=eloabder-20&linkCode=osi&th=1&psc=1"><img src="https://m.media-amazon.com/images/I/41kmsE51naL._SL500_.jpg" alt="Product Image"></a><p>Pro Goleem Dog Security Blanket Brown Soft Puppy Lovey for Boys and Girls Unisex Lovie Baby Gifts for Toddler and Infant Snuggle Toy Stuffed Animal 16 Inch</p><p> -25% 0FF </p><p>$14.99</p><a href="https://www.amazon.com/dp/B08PP8S8KZ?tag=eloabder-20&linkCode=osi&th=1&psc=1">View Product</a></div><div class="product"><a href="https://www.amazon.com/dp/B08SZD1XXG?tag=eloabder-20&linkCode=osi&th=1&psc=1"><img src="https://m.media-amazon.com/images/I/41M7mPD9ieL._SL500_.jpg" alt="Product Image"></a><p>Itzy Ritzy - Itzy Lovey Including Teether - Baby Lovey with Teether, Textured Ribbons & Dangle Arms - Features Crinkle Sound, Sherpa Fabric and Minky Plush (Sloth)</p><p> -31% 0FF </p><p>$8.90</p><a href="https://www.amazon.com/dp/B08SZD1XXG?tag=eloabder-20&linkCode=osi&th=1&psc=1">View Product</a></div>
<div class="product"><a href="https://www.amazon.com/dp/B0B5Z89FZW?tag=eloabder-20&linkCode=osi&th=1&psc=1"><img src="https://m.media-amazon.com/images/I/31HOhMzLqbL._SL500_.jpg" alt="Product Image"></a><p>Yoofoss Waterproof Crib Mattress Protector 2 Pack, Quilted Crib Mattress Pad Cover Ultra Soft and Breathable, Machine Washable Toddler Mattress Protector for Standard Baby Crib Size 52''x28''</p><p> -17% 0FF </p><p>$19.99</p><a href="https://www.amazon.com/dp/B0B5Z89FZW?tag=eloabder-20&linkCode=osi&th=1&psc=1">View Product</a></div><div class="product"><a href="https://www.amazon.com/dp/B0CFG4G839?tag=eloabder-20&linkCode=osi&th=1&psc=1"><img src="https://m.media-amazon.com/images/I/41tYoYajqyL._SL500_.jpg" alt="Product Image"></a><p>SafeRest Sleepure 100% Waterproof Crib Size Mattress Protector - Viscose Derived from Bamboo - Fitted with Stretchable Pockets - Machine Washable Cotton Mattress Cover for Bed</p><p> -40% 0FF </p><p>$20.99</p><a href="https://www.amazon.com/dp/B0CFG4G839?tag=eloabder-20&linkCode=osi&th=1&psc=1">View Product</a></div><div class="product"><a href="https://www.amazon.com/dp/B09B1NNPP9?tag=eloabder-20&linkCode=osi&th=1&psc=1"><img src="https://m.media-amazon.com/images/I/31P+e7ESa8L._SL500_.jpg" alt="Product Image"></a><p>Bassinet Mattress Pad Cover 2 Pack Quilted Bassinet Mattress Protector Waterproof Bassinet Sheets (32"x17") for Boys & Girls, Fit for Hourglass/Oval Bassinet Mattress, White</p><p> -15% 0FF </p><p>$14.23</p><a href="https://www.amazon.com/dp/B09B1NNPP9?tag=eloabder-20&linkCode=osi&th=1&psc=1">View Product</a></div>
<div class="product"><a href="https://www.amazon.com/dp/B07WW1CT4W?tag=eloabder-20&linkCode=osi&th=1&psc=1"><img src="https://m.media-amazon.com/images/I/51jnxJGkipL._SL500_.jpg" alt="Product Image"></a><p>Luka&Lily Month Milestone Blanket- 60"x40" for Baby Boys - First Year Calendar Monthly Growth Chart, Moon - Shower Gifts</p><p> -14% 0FF </p><p>$29.99</p><a href="https://www.amazon.com/dp/B07WW1CT4W?tag=eloabder-20&linkCode=osi&th=1&psc=1">View Product</a></div><div class="product"><a href="https://www.amazon.com/dp/B07BNBTGHD?tag=eloabder-20&linkCode=osi&th=1&psc=1"><img src="https://m.media-amazon.com/images/I/4143Q79bsYL._SL500_.jpg" alt="Product Image"></a><p>Organic Baby Monthly Milestone Blanket Boy or Girl - Months Blanket with Wood Frame and Newborn Announcement Disc - Growth Chart Milestone Blanket Neutral, 1-12 Month Milestones, 47”x47”</p><p> -21% 0FF </p><p>$25.99</p><a href="https://www.amazon.com/dp/B07BNBTGHD?tag=eloabder-20&linkCode=osi&th=1&psc=1">View Product</a></div><div class="product"><a href="https://www.amazon.com/dp/B07SW75W4Q?tag=eloabder-20&linkCode=osi&th=1&psc=1"><img src="https://m.media-amazon.com/images/I/41JMlZBEbQL._SL500_.jpg" alt="Product Image"></a><p>Kate & Milo Baby Monthly Milestone Blanket, Infant Milestone Markers, Newborn Photoshoot Photo Props, Baby Girl or Baby Boy Gift, Large Blanket</p><p> -19% 0FF </p><p>$12.21</p><a href="https://www.amazon.com/dp/B07SW75W4Q?tag=eloabder-20&linkCode=osi&th=1&psc=1">View Product</a></div><div class="product"><a href="https://www.amazon.com/dp/B0986S52N1?tag=eloabder-20&linkCode=osi&th=1&psc=1"><img src="https://m.media-amazon.com/images/I/51v8Yn1ycsL._SL500_.jpg" alt="Product Image"></a><p>Popfavors, Yuzioey Safari Baby Monthly Milestone Blanket, Jungle Animals Baby Month Blanket , Baby Boy Blanket Growth Chart Nursery Decor, Includes Marker, White, 50Inx40In</p><p> -5% 0FF </p><p>$18.99</p><a href="https://www.amazon.com/dp/B0986S52N1?tag=eloabder-20&linkCode=osi&th=1&psc=1">View Product</a></div><div class="product"><a href="https://www.amazon.com/dp/B0CX9W8SND?tag=eloabder-20&linkCode=osi&th=1&psc=1"><img src="https://m.media-amazon.com/images/I/41r8vCzGa2L._SL500_.jpg" alt="Product Image"></a><p>Pearhead Hello World Milestone Blanket and Prop, Baby Monthly Milestone Updates, Growth Blanket with Photo Posing Props, Ideal Mother's Day Gift, Perfect Newborn Gift and Nursery Decor</p><p> -6% 0FF </p><p>$18.79</p><a href="https://www.amazon.com/dp/B0CX9W8SND?tag=eloabder-20&linkCode=osi&th=1&psc=1">View Product</a></div><div class="product"><a href="https://www.amazon.com/dp/B07JKN43H6?tag=eloabder-20&linkCode=osi&th=1&psc=1"><img src="https://m.media-amazon.com/images/I/511MIyg00lL._SL500_.jpg" alt="Product Image"></a><p>Bliss n' Baby Monthly Milestone Blanket for Baby Girl - 60"x40" - Wrinkle Free Baby Age Month Blanket with Growth Chart - Washable & Dryable - w/Wreath & Headband - Floral Theme</p><p> -14% 0FF </p><p>$23.99</p><a href="https://www.amazon.com/dp/B07JKN43H6?tag=eloabder-20&linkCode=osi&th=1&psc=1">View Product</a></div>
<div class="product"><a href="https://www.amazon.com/dp/B001E1JKFU?tag=eloabder-20&linkCode=osi&th=1&psc=1"><img src="https://m.media-amazon.com/images/I/41JBWVeh+QL._SL500_.jpg" alt="Product Image"></a><p>Stansport Mosquito Netting Small (705)</p><p> -39% 0FF </p><p>$16.33</p><a href="https://www.amazon.com/dp/B001E1JKFU?tag=eloabder-20&linkCode=osi&th=1&psc=1">View Product</a></div><div class="product"><a href="https://www.amazon.com/dp/B0BV2RNTR7?tag=eloabder-20&linkCode=osi&th=1&psc=1"><img src="https://m.media-amazon.com/images/I/51-iyQhcHsL._SL500_.jpg" alt="Product Image"></a><p>Mosquito Net for Bed,Large Mosquito Netting Tent Canopy for Beds,Folding Portable Design Travel POP UP Mosquito Netting for Bed,L80*W72*H60inch Queen King Size Mosquito Net</p><p> -14% 0FF </p><p>$31.99</p><a href="https://www.amazon.com/dp/B0BV2RNTR7?tag=eloabder-20&linkCode=osi&th=1&psc=1">View Product</a></div><div class="product"><a href="https://www.amazon.com/dp/B0D8HLQJ5G?tag=eloabder-20&linkCode=osi&th=1&psc=1"><img src="https://m.media-amazon.com/images/I/31hFeMp1LQL._SL500_.jpg" alt="Product Image"></a><p>77 * 30 * 23 Inch Large Pop Up Mosquito Tent, Portable Foldable Mosquito Net for Bed Camping Travel Patio</p><p> -6% 0FF </p><p>$29.99</p><a href="https://www.amazon.com/dp/B0D8HLQJ5G?tag=eloabder-20&linkCode=osi&th=1&psc=1">View Product</a></div><div class="product"><a href="https://www.amazon.com/dp/B0C2YQKF71?tag=eloabder-20&linkCode=osi&th=1&psc=1"><img src="https://m.media-amazon.com/images/I/41yDl7W2ZNL._SL500_.jpg" alt="Product Image"></a><p>Portable Mosquito Net Tent, Folding Mosquito Head Net, Pop Up Mosquito Tent Netting for Bedding Camping Traveling Patio (1 Pack, Large)</p><p> -20% 0FF </p><p>$15.99</p><a href="https://www.amazon.com/dp/B0C2YQKF71?tag=eloabder-20&linkCode=osi&th=1&psc=1">View Product</a></div>
<div class="product"><a href="https://www.amazon.com/dp/B0CL9SJ88Z?tag=eloabder-20&linkCode=osi&th=1&psc=1"><img src="https://m.media-amazon.com/images/I/41iQwRq8cBL._SL500_.jpg" alt="Product Image"></a><p>Muslin Swaddle Blankets for Newborn, 3 Pack Breathable Soft Receiving Blanket, Large 38 x 40 inches Swaddle Wrap Burping Clothes, Essentials Infant Shower Items, Toddler Gift (Bright Colors)</p><p> -5% 0FF </p><p>$18.99</p><a href="https://www.amazon.com/dp/B0CL9SJ88Z?tag=eloabder-20&linkCode=osi&th=1&psc=1">View Product</a></div><div class="product"><a href="https://www.amazon.com/dp/B0C6GP7NXF?tag=eloabder-20&linkCode=osi&th=1&psc=1"><img src="https://m.media-amazon.com/images/I/51vjlWRLQjL._SL500_.jpg" alt="Product Image"></a><p>Konssy 2 Pack Muslin Swaddle Blankets for Baby Boys Girls, Receiving Blanket Large 47 x 47 inches, Soft Breathable Muslin Baby Blanket for Unisex Newborn(Pink, Floral)</p><p> -19% 0FF </p><p>$21.99 ($11.00 / Count)</p><a href="https://www.amazon.com/dp/B0C6GP7NXF?tag=eloabder-20&linkCode=osi&th=1&psc=1">View Product</a></div>
<div class="product"><a href="https://www.amazon.com/dp/B0B8TCTXBV?tag=eloabder-20&linkCode=osi&th=1&psc=1"><img src="https://m.media-amazon.com/images/I/41j61T25VcL._SL500_.jpg" alt="Product Image"></a><p>aden + anais Essentials Swaddle Blanket, Boutique Muslin Blankets for Girls & Boys, Baby Receiving Swaddles, Ideal Newborn & Infant Swaddling Set, Perfect Shower Gifts, 4 Pack, Alphabet Animals</p><p> -29% 0FF </p><p>$28.49</p><a href="https://www.amazon.com/dp/B0B8TCTXBV?tag=eloabder-20&linkCode=osi&th=1&psc=1">View Product</a></div>
<div class="product"><a href="https://www.amazon.com/dp/B0D475YDF5?tag=eloabder-20&linkCode=osi&th=1&psc=1"><img src="https://m.media-amazon.com/images/I/31TAYPOHywL._SL500_.jpg" alt="Product Image"></a><p>Electric Nail Clipper with Nail File, 2 in 1 Rechargeable & Gentle Nail Trimmer with LED Light for Baby and Seniors</p><p> -37% 0FF </p><p>$12.00 ($1.13 / Ounce)</p><a href="https://www.amazon.com/dp/B0D475YDF5?tag=eloabder-20&linkCode=osi&th=1&psc=1">View Product</a></div><div class="product"><a href="https://www.amazon.com/dp/B0D6BCSLNQ?tag=eloabder-20&linkCode=osi&th=1&psc=1"><img src="https://m.media-amazon.com/images/I/413w5b8GCzL._SL500_.jpg" alt="Product Image"></a><p>Automatic Nail Clipper, 2 in-1 Electric Nail Clipper and Nail Polisher, Electric Baby Nail Clippers with Light,USB Rechargeable Suitable for Babies,Women Manicure,Kids, Adults and Seniors（Orange）</p><p> -23% 0FF </p><p>$16.99</p><a href="https://www.amazon.com/dp/B0D6BCSLNQ?tag=eloabder-20&linkCode=osi&th=1&psc=1">View Product</a></div>

<div class="product"><a href="https://www.amazon.com/dp/B0037SEU7Q?tag=eloabder-20&linkCode=osi&th=1&psc=1"><img src="https://m.media-amazon.com/images/I/41yN94m-XlL._SL500_.jpg" alt="Product Image"></a><p>Bepanthen Nappy Care Ointment 5 Percent, 30 g</p><p> -13% 0FF </p><p>$6.79 ($6.47 / Ounce)</p><a href="https://www.amazon.com/dp/B0037SEU7Q?tag=eloabder-20&linkCode=osi&th=1&psc=1">View Product</a></div><div class="product"><a href="https://www.amazon.com/dp/B0BTTT6VW2?tag=eloabder-20&linkCode=osi&th=1&psc=1"><img src="https://m.media-amazon.com/images/I/41cBqj0Z9tL._SL500_.jpg" alt="Product Image"></a><p>Weleda Baby Calendula Diaper Cream, 2.8 Fluid Ounce (Pack of 3), Plant Rich Protection with Calendula, Chamomile, Sweet Almond Oil, Lanolin and Zinc Oxide</p><p> -13% 0FF </p><p>$32.29 ($3.84 / Fl Oz)</p><a href="https://www.amazon.com/dp/B0BTTT6VW2?tag=eloabder-20&linkCode=osi&th=1&psc=1">View Product</a></div><div class="product"><a href="https://www.amazon.com/dp/B074YXP676?tag=eloabder-20&linkCode=osi&th=1&psc=1"><img src="https://m.media-amazon.com/images/I/41y8VvUNCLL._SL500_.jpg" alt="Product Image"></a><p>Nappy Styles Napping Creme Paste</p><p> -12% 0FF </p><p>$14.36 ($1.80 / Ounce)</p><a href="https://www.amazon.com/dp/B074YXP676?tag=eloabder-20&linkCode=osi&th=1&psc=1">View Product</a></div>
<div class="product"><a href="https://www.amazon.com/dp/B00821FLSU?tag=eloabder-20&linkCode=osi&th=1&psc=1"><img src="https://m.media-amazon.com/images/I/31MQYDa7dYL._SL500_.jpg" alt="Product Image"></a><p>Ubbi Steel Diaper Pail, Odor Locking, No Special Bag Required, Award-Winning, Registry Must-Have, Gray</p><p> -12% 0FF </p><p>$69.99</p><a href="https://www.amazon.com/dp/B00821FLSU?tag=eloabder-20&linkCode=osi&th=1&psc=1">View Product</a></div><div class="product"><a href="https://www.amazon.com/dp/B0CNS2FRMZ?tag=eloabder-20&linkCode=osi&th=1&psc=1"><img src="https://m.media-amazon.com/images/I/31O+tXnLaXL._SL500_.jpg" alt="Product Image"></a><p>Diaper Genie Select Pail is Made of Durable Stainless Steel and Includes 1 Starter Square Refill That can Hold up to 165 Newborn-Sized Diapers.</p><p> -20% 0FF </p><p>$35.99</p><a href="https://www.amazon.com/dp/B0CNS2FRMZ?tag=eloabder-20&linkCode=osi&th=1&psc=1">View Product</a></div><div class="product"><a href="https://www.amazon.com/dp/B08XNVW9TW?tag=eloabder-20&linkCode=osi&th=1&psc=1"><img src="https://m.media-amazon.com/images/I/41U7mL6nXRL._SL500_.jpg" alt="Product Image"></a><p>Sassy 250 Count Disposable Diaper Sacks, Lavender Scented, Easy-To-Tie, Diaper Disposal or Pet Waste Bags</p><p> -11% 0FF </p><p>$9.80</p><a href="https://www.amazon.com/dp/B08XNVW9TW?tag=eloabder-20&linkCode=osi&th=1&psc=1">View Product</a></div>


<div class="product"><a href="https://www.amazon.com/dp/B0CTKK5YY5?tag=eloabder-20&linkCode=osi&th=1&psc=1"><img src="https://m.media-amazon.com/images/I/31OhvT5rWmL._SL500_.jpg" alt="Product Image"></a><p>Koalababy Large Flow Electric Nasal Aspirator, Newest Baby Nose Sucker, Nose Cleaner for Toddlers with 3 Suction Levels, Soothing Music and Light, Space Gray</p><p> -33% 0FF </p><p>$29.99</p><a href="https://www.amazon.com/dp/B0CTKK5YY5?tag=eloabder-20&linkCode=osi&th=1&psc=1">View Product</a></div>
<div class="product"><a href="https://www.amazon.com/dp/B07GG1R9WC?tag=eloabder-20&linkCode=osi&th=1&psc=1"><img src="https://m.media-amazon.com/images/I/31T-p4V5gsL._SL500_.jpg" alt="Product Image"></a><p>Gerber Unisex Baby Multi-Pack Long-Sleeve Onesies Bodysuit Mitten Cuff Sizes 6-Pack Mitten Cuff Newborn</p><p> -12% 0FF </p><p>$15.81</p><a href="https://www.amazon.com/dp/B07GG1R9WC?tag=eloabder-20&linkCode=osi&th=1&psc=1">View Product</a></div><div class="product"><a href="https://www.amazon.com/dp/B0BVMXF1DJ?tag=eloabder-20&linkCode=osi&th=1&psc=1"><img src="https://m.media-amazon.com/images/I/31aJYRwZ+-L._SL500_.jpg" alt="Product Image"></a><p>HonestBaby Baby Boys 3-pack Organic Cotton Long Sleeve Side-snap Kimono Bodysuits And Toddler T-Shirt Set, Honestly Pure White, Newborn US</p><p> -63% 0FF </p><p>$11.19</p><a href="https://www.amazon.com/dp/B0BVMXF1DJ?tag=eloabder-20&linkCode=osi&th=1&psc=1">View Product</a></div>
<div class="product"><a href="https://www.amazon.com/dp/B01N47M3V0?tag=eloabder-20&linkCode=osi&th=1&psc=1"><img src="https://m.media-amazon.com/images/I/31WVThyEEcL._SL500_.jpg" alt="Product Image"></a><p>Uigos LED Night Light Lamp with Smart Sensor Dusk to Dawn Sensor, Daylight White, 0.5W Plug-in, 6-Pack</p><p> -23% 0FF </p><p>$9.99</p><a href="https://www.amazon.com/dp/B01N47M3V0?tag=eloabder-20&linkCode=osi&th=1&psc=1">View Product</a></div><div class="product"><a href="https://www.amazon.com/dp/B09B1B6J9S?tag=eloabder-20&linkCode=osi&th=1&psc=1"><img src="https://m.media-amazon.com/images/I/11rEGPdWq7L._SL500_.jpg" alt="Product Image"></a><p>Anico EASZZZ Baby Night Light, Nursery Night Lamp for Breastfeeding, Soft BPA Free Silicone Touch Night Lamp, Eye Caring, Easy Flip Design, Stepless Dimming, 1-Pack</p><p> -25% 0FF </p><p>$29.99</p><a href="https://www.amazon.com/dp/B09B1B6J9S?tag=eloabder-20&linkCode=osi&th=1&psc=1">View Product</a></div><div class="product"><a href="https://www.amazon.com/dp/B097YP171M?tag=eloabder-20&linkCode=osi&th=1&psc=1"><img src="https://m.media-amazon.com/images/I/21jYMKqhB3L._SL500_.jpg" alt="Product Image"></a><p>JolyWell Night Light for Kids, Egg Light for Nursery with 7 RGB Colors Changeable & Stepless Dimming, Rechargeable Tap Light with 1h Timer & Touch Control, Portable Night Light for Babies BPA Free</p><p> -14% 0FF </p><p>$25.99</p><a href="https://www.amazon.com/dp/B097YP171M?tag=eloabder-20&linkCode=osi&th=1&psc=1">View Product</a></div><div class="product"><a href="https://www.amazon.com/dp/B077X48B8Q?tag=eloabder-20&linkCode=osi&th=1&psc=1"><img src="https://m.media-amazon.com/images/I/31TiV9umK-L._SL500_.jpg" alt="Product Image"></a><p>REMINDA 4 Pack Night Light Lamp with Dusk to Dawn Sensor, Plug in, Blue Led Night Light</p><p> -19% 0FF </p><p>$12.99</p><a href="https://www.amazon.com/dp/B077X48B8Q?tag=eloabder-20&linkCode=osi&th=1&psc=1">View Product</a></div>
<div class="product"><a href="https://www.amazon.com/dp/B005MI648C?tag=eloabder-20&linkCode=osi&th=1&psc=1"><img src="https://m.media-amazon.com/images/I/41IsNMYojbL._SL500_.jpg" alt="Product Image"></a><p>Lansinoh Lanolin Nipple Cream Safe for Breastfeeding Baby, 100% Natural Nipple Butter for Mom, Breastfeeding Essentials, 1.41 Ounces</p><p> -17% 0FF </p><p>$8.99 ($6.38 / Ounce)</p><a href="https://www.amazon.com/dp/B005MI648C?tag=eloabder-20&linkCode=osi&th=1&psc=1">View Product</a></div><div class="product"><a href="https://www.amazon.com/dp/B000JVCBBG?tag=eloabder-20&linkCode=osi&th=1&psc=1"><img src="https://m.media-amazon.com/images/I/41TljzHSgHL._SL500_.jpg" alt="Product Image"></a><p>Earth Mama Organic Nipple Butter™ | Nipple Cream Safe for Breastfeeding | Postpartum Essentials for Nursing | Non Lanolin Nipple Cream, 2-Fluid Ounce</p><p> -7% 0FF </p><p>$13.99 ($7.00 / Fl Oz)</p><a href="https://www.amazon.com/dp/B000JVCBBG?tag=eloabder-20&linkCode=osi&th=1&psc=1">View Product</a></div><div class="product"><a href="https://www.amazon.com/dp/B08L68WR4B?tag=eloabder-20&linkCode=osi&th=1&psc=1"><img src="https://m.media-amazon.com/images/I/41qRTIl9vqL._SL500_.jpg" alt="Product Image"></a><p>Medela Purelan Lanolin Nipple Cream for Breastfeeding, 100% All Natural Single Ingredient, Hypoallergenic, Soothing Protection, Safe for Nursing Mom and Baby, 1.3 Ounce Tube</p><p> -29% 0FF </p><p>$7.37</p><a href="https://www.amazon.com/dp/B08L68WR4B?tag=eloabder-20&linkCode=osi&th=1&psc=1">View Product</a></div><div class="product"><a href="https://www.amazon.com/dp/B07X53WM1H?tag=eloabder-20&linkCode=osi&th=1&psc=1"><img src="https://m.media-amazon.com/images/I/41sh4NHSA1L._SL500_.jpg" alt="Product Image"></a><p>Lansinoh Organic Nipple Butter, Nipple Cream Safe for Breastfeeding Baby, Postpartum Essentials for Mom, 2 Ounces</p><p> -37% 0FF </p><p>$9.37</p><a href="https://www.amazon.com/dp/B07X53WM1H?tag=eloabder-20&linkCode=osi&th=1&psc=1">View Product</a></div><div class="product"><a href="https://www.amazon.com/dp/B08PXP59L6?tag=eloabder-20&linkCode=osi&th=1&psc=1"><img src="https://m.media-amazon.com/images/I/31ABi-XhpOL._SL500_.jpg" alt="Product Image"></a><p>The Honest Company Honest Mama Calm Your Nip Balm | USDA Certified Organic Nipple Cream | 1.75 fl oz</p><p> -10% 0FF </p><p>$13.49 ($7.71 / Fl Oz)</p><a href="https://www.amazon.com/dp/B08PXP59L6?tag=eloabder-20&linkCode=osi&th=1&psc=1">View Product</a></div><div class="product"><a href="https://www.amazon.com/dp/B001EPQ1US?tag=eloabder-20&linkCode=osi&th=1&psc=1"><img src="https://m.media-amazon.com/images/I/412ol1D5gFL._SL500_.jpg" alt="Product Image"></a><p>Lansinoh Breast Cream, 1.41 Ounce Tube (Pack of 3)</p><p> -20% 0FF </p><p>$23.99 ($5.67 / Ounce)</p><a href="https://www.amazon.com/dp/B001EPQ1US?tag=eloabder-20&linkCode=osi&th=1&psc=1">View Product</a></div>
<div class="product"><a href="https://www.amazon.com/dp/B0116SFIXS?tag=eloabder-20&linkCode=osi&th=1&psc=1"><img src="https://m.media-amazon.com/images/I/41IXnMjSMRL._SL500_.jpg" alt="Product Image"></a><p>Lansinoh Contact Nipple Shields for Breastfeeding, 2 Nipple Shields (24mm) and Case</p><p> -9% 0FF </p><p>$8.22</p><a href="https://www.amazon.com/dp/B0116SFIXS?tag=eloabder-20&linkCode=osi&th=1&psc=1">View Product</a></div><div class="product"><a href="https://www.amazon.com/dp/B000067PQ0?tag=eloabder-20&linkCode=osi&th=1&psc=1"><img src="https://m.media-amazon.com/images/I/31Bc7JjDLBL._SL500_.jpg" alt="Product Image"></a><p>Medela Contact Nipple Shield, 24mm Medium, Nippleshield for Breastfeeding with Latch Difficulties or Flat or Inverted Nipples, Made Without BPA</p><p> -32% 0FF </p><p>$7.35</p><a href="https://www.amazon.com/dp/B000067PQ0?tag=eloabder-20&linkCode=osi&th=1&psc=1">View Product</a></div><div class="product"><a href="https://www.amazon.com/dp/B08VKRMXGZ?tag=eloabder-20&linkCode=osi&th=1&psc=1"><img src="https://m.media-amazon.com/images/I/41jploOEeaL._SL500_.jpg" alt="Product Image"></a><p>Moogco The Original Silver Nursing Cups - Nipple Shields for Nursing Newborn - Breastfeeding Essentials - Newborn Essentials Must Haves - Nipple Covers Breastfeeding - 925 Silver</p><p> -28% 0FF </p><p>$35.90</p><a href="https://www.amazon.com/dp/B08VKRMXGZ?tag=eloabder-20&linkCode=osi&th=1&psc=1">View Product</a></div><div class="product"><a href="https://www.amazon.com/dp/B07ND58735?tag=eloabder-20&linkCode=osi&th=1&psc=1"><img src="https://m.media-amazon.com/images/I/41EpWEiqvyL._SL500_.jpg" alt="Product Image"></a><p>Koala Babycare The Original Silver Nursing Cups - Nipple Shields for Nursing Newborn -Breastfeeding Essentials - Protect and Soothe - Tri-Laminate Silver - Standard Size</p><p> -13% 0FF </p><p>$34.75</p><a href="https://www.amazon.com/dp/B07ND58735?tag=eloabder-20&linkCode=osi&th=1&psc=1">View Product</a></div>
<div class="product"><a href="https://www.amazon.com/dp/B091FL1QFK?tag=eloabder-20&linkCode=osi&th=1&psc=1"><img src="https://m.media-amazon.com/images/I/41TUb4BsK-L._SL500_.jpg" alt="Product Image"></a><p>Syringe Nasal Irrigator, Professional Baby Nasal Irrigator Portable Infant Nose Cleaner Rinsing Device Fast All Natural Relief-Nasal Irrigation/Nasal Spray/Nasal Hygiene (2 pièces)</p><p> -67% 0FF </p><p>$3.25</p><a href="https://www.amazon.com/dp/B091FL1QFK?tag=eloabder-20&linkCode=osi&th=1&psc=1">View Product</a></div><div class="product"><a href="https://www.amazon.com/dp/B09137WF8K?tag=eloabder-20&linkCode=osi&th=1&psc=1"><img src="https://m.media-amazon.com/images/I/41v2GMmUbZL._SL500_.jpg" alt="Product Image"></a><p>Two Pack 3 in 1 Baby Nose and Ear Gadget, Safe Baby Booger Remover, Nose Cleaning Tweezers, Nose Cleaner for Baby Infants and Toddlers, Dual Earwax and Snot Removal Baby Must Have Items</p><p> -50% 0FF </p><p>$9.95</p><a href="https://www.amazon.com/dp/B09137WF8K?tag=eloabder-20&linkCode=osi&th=1&psc=1">View Product</a></div><div class="product"><a href="https://www.amazon.com/dp/B09Q61B4MM?tag=eloabder-20&linkCode=osi&th=1&psc=1"><img src="https://m.media-amazon.com/images/I/310TWo+qPRL._SL500_.jpg" alt="Product Image"></a><p>Haakaa Silicone Baby Nasal Aspirator | Nose Bulb Syringe | Easy-Squeezy Baby Nose Cleaner, Newborn Infant &Toddler - BPA Free Silicone</p><p> -5% 0FF </p><p>$9.39</p><a href="https://www.amazon.com/dp/B09Q61B4MM?tag=eloabder-20&linkCode=osi&th=1&psc=1">View Product</a></div>
<div class="product"><a href="https://www.amazon.com/dp/B002K6F7AK?tag=eloabder-20&linkCode=osi&th=1&psc=1"><img src="https://m.media-amazon.com/images/I/411elwPHIqL._SL500_.jpg" alt="Product Image"></a><p>Lamaze womens Cotton Spandex Sleep for Nursing and Maternity Full Coverage Bra, Heather Grey, Large US</p><p> -32% 0FF </p><p>$12.28</p><a href="https://www.amazon.com/dp/B002K6F7AK?tag=eloabder-20&linkCode=osi&th=1&psc=1">View Product</a></div>

<div class="product"><a href="https://www.amazon.com/dp/B06XPHR7DF?tag=eloabder-20&linkCode=osi&th=1&psc=1"><img src="https://m.media-amazon.com/images/I/31sNH-POFUL._SL500_.jpg" alt="Product Image"></a><p>Lansinoh Stay Dry Disposable Nursing Pads, Soft and Super Absorbent Breast Pads, Breastfeeding Essentials for Moms, 200 Count</p><p> -21% 0FF </p><p>$18.51</p><a href="https://www.amazon.com/dp/B06XPHR7DF?tag=eloabder-20&linkCode=osi&th=1&psc=1">View Product</a></div><div class="product"><a href="https://www.amazon.com/dp/B0DB3G8G37?tag=eloabder-20&linkCode=osi&th=1&psc=1"><img src="https://m.media-amazon.com/images/I/31Z7+iKhAKL._SL500_.jpg" alt="Product Image"></a><p>Lansinoh Washable Nursing Pads, Made with Organic Bamboo Viscose, Reusable Breast Pads for Breastfeeding with Wash Bag, Breastfeeding Essentials, 10 Count</p><p> -11% 0FF </p><p>$14.28</p><a href="https://www.amazon.com/dp/B0DB3G8G37?tag=eloabder-20&linkCode=osi&th=1&psc=1">View Product</a></div>
<div class="product"><a href="https://www.amazon.com/dp/B09T6V8YH2?tag=eloabder-20&linkCode=osi&th=1&psc=1"><img src="https://m.media-amazon.com/images/I/21knizL1Y1L._SL500_.jpg" alt="Product Image"></a><p>Nursing Pillow and Positioner with Cover for Breastfeeding and Bottle Feeding, Propping Baby, Tummy Time, Baby Sitting Support, Awake-Time Support (Pillow Only, 22" x 17.7" x 5.9")</p><p> -32% 0FF </p><p>$20.49</p><a href="https://www.amazon.com/dp/B09T6V8YH2?tag=eloabder-20&linkCode=osi&th=1&psc=1">View Product</a></div>
<div class="product"><a href="https://www.amazon.com/dp/B00B7TCX0I?tag=eloabder-20&linkCode=osi&th=1&psc=1"><img src="https://m.media-amazon.com/images/I/51n0rXJe9iL._SL500_.jpg" alt="Product Image"></a><p>Leading Lady Women's Nursing Tank Stylish Cami with Inner Shelf Bra, Black Stripe, Large</p><p> -59% 0FF </p><p>$13.98</p><a href="https://www.amazon.com/dp/B00B7TCX0I?tag=eloabder-20&linkCode=osi&th=1&psc=1">View Product</a></div><div class="product"><a href="https://www.amazon.com/dp/B07K72T7Q3?tag=eloabder-20&linkCode=osi&th=1&psc=1"><img src="https://m.media-amazon.com/images/I/31J5oWrxf6L._SL500_.jpg" alt="Product Image"></a><p>Lansinoh Reusable Nursing Pads, Nursing Essentials for Breastfeeding Mothers, 4 Absorbent Nursing Pads With Mesh Wash Bag, White Pads</p><p> -25% 0FF </p><p>$11.99</p><a href="https://www.amazon.com/dp/B07K72T7Q3?tag=eloabder-20&linkCode=osi&th=1&psc=1">View Product</a></div>

<div class="product"><a href="https://www.amazon.com/dp/B086134T3T?tag=eloabder-20&linkCode=osi&th=1&psc=1"><img src="https://m.media-amazon.com/images/I/41KhXKDGe-L._SL500_.jpg" alt="Product Image"></a><p>4our Kiddies Baby-Proof Outlet Covers (60 Pack) - Child Safety Electric Plug Protectors to Prevent Power Shock</p><p> -23% 0FF </p><p>$9.99</p><a href="https://www.amazon.com/dp/B086134T3T?tag=eloabder-20&linkCode=osi&th=1&psc=1">View Product</a></div><div class="product"><a href="https://www.amazon.com/dp/B08FBNKDKB?tag=eloabder-20&linkCode=osi&th=1&psc=1"><img src="https://m.media-amazon.com/images/I/318PTNFomwL._SL500_.jpg" alt="Product Image"></a><p>Outlet Cover Box for Child Safety (2 Pack) Duplex & Decorator Electrical Outlet Plates, Concealed Access Buttons, and Spacious Compartment - Jool Baby</p><p> -35% 0FF </p><p>$14.99</p><a href="https://www.amazon.com/dp/B08FBNKDKB?tag=eloabder-20&linkCode=osi&th=1&psc=1">View Product</a></div>
<div class="product"><a href="https://www.amazon.com/dp/B07TDN9MKC?tag=eloabder-20&linkCode=osi&th=1&psc=1"><img src="https://m.media-amazon.com/images/I/41K55mCBTsL._SL500_.jpg" alt="Product Image"></a><p>Philips Avent Soothie Orthodontic Baby Pacifiers, 100% Silicone Pacifiers, One Piece, BPA-Free, for Babies 0-3 Months, Green, 4 Pack, Model SCF190/41</p><p> -25% 0FF </p><p>$8.94</p><a href="https://www.amazon.com/dp/B07TDN9MKC?tag=eloabder-20&linkCode=osi&th=1&psc=1">View Product</a></div><div class="product"><a href="https://www.amazon.com/dp/B08177ZPKM?tag=eloabder-20&linkCode=osi&th=1&psc=1"><img src="https://m.media-amazon.com/images/I/41+0ETqpizL._SL500_.jpg" alt="Product Image"></a><p>Tommee Tippee Ultra-Light Silicone Pacifier, 0-6 Months, Symmetrical One-Piece Design, BPA-Free Silicone Binkies, Clear/Blue/Green, Pack of 4</p><p> -38% 0FF </p><p>$10.39</p><a href="https://www.amazon.com/dp/B08177ZPKM?tag=eloabder-20&linkCode=osi&th=1&psc=1">View Product</a></div><div class="product"><a href="https://www.amazon.com/dp/B09XJJB478?tag=eloabder-20&linkCode=osi&th=1&psc=1"><img src="https://m.media-amazon.com/images/I/31vbtPyMOGL._SL500_.jpg" alt="Product Image"></a><p>Dr. Brown's HappyPaci 100% Silicone Baby Pacifier, Contoured One-Piece Design, White, Blue, Light Blue, 0-6m, BPA-Free, 3 Pack</p><p> -17% 0FF </p><p>$4.97</p><a href="https://www.amazon.com/dp/B09XJJB478?tag=eloabder-20&linkCode=osi&th=1&psc=1">View Product</a></div><div class="product"><a href="https://www.amazon.com/dp/B09F6YC4MS?tag=eloabder-20&linkCode=osi&th=1&psc=1"><img src="https://m.media-amazon.com/images/I/31j7FmFh-9L._SL500_.jpg" alt="Product Image"></a><p>Itzy Ritzy Natural Rubber Pacifiers, Set of 2 – Natural Rubber Newborn Pacifiers with Cherry-Shaped Nipple & Large Air Holes for Added Safety; Set of 2 in Coconut & Toast, Ages 0 – 6 Months</p><p> -10% 0FF </p><p>$8.97</p><a href="https://www.amazon.com/dp/B09F6YC4MS?tag=eloabder-20&linkCode=osi&th=1&psc=1">View Product</a></div><div class="product"><a href="https://www.amazon.com/dp/B0835TX9TH?tag=eloabder-20&linkCode=osi&th=1&psc=1"><img src="https://m.media-amazon.com/images/I/413oViQleDL._SL500_.jpg" alt="Product Image"></a><p>NUK Orthodontic Pacifier Value Pack</p><p> -48% 0FF </p><p>$6.29</p><a href="https://www.amazon.com/dp/B0835TX9TH?tag=eloabder-20&linkCode=osi&th=1&psc=1">View Product</a></div><div class="product"><a href="https://www.amazon.com/dp/B0BJ4Q64L9?tag=eloabder-20&linkCode=osi&th=1&psc=1"><img src="https://m.media-amazon.com/images/I/31T4DaO7KeL._SL500_.jpg" alt="Product Image"></a><p>Tommee Tippee Ultra-light Silicone Pacifier, Symmetrical One-Piece Design, BPA-Free Silicone Binkies, 6-18 months, Pack of 4 Pacifiers</p><p> -32% 0FF </p><p>$11.51</p><a href="https://www.amazon.com/dp/B0BJ4Q64L9?tag=eloabder-20&linkCode=osi&th=1&psc=1">View Product</a></div><div class="product"><a href="https://www.amazon.com/dp/B0C5B1SLFL?tag=eloabder-20&linkCode=osi&th=1&psc=1"><img src="https://m.media-amazon.com/images/I/41XLQFTsedL._SL500_.jpg" alt="Product Image"></a><p>Philips Avent Ultra Soft Pacifier - 4 x Soft and Flexible Baby Pacifiers for Babies Aged 0-6 Months, BPA Free with Sterilizer Carry Case, SCF091/23</p><p> -7% 0FF </p><p>$12.94</p><a href="https://www.amazon.com/dp/B0C5B1SLFL?tag=eloabder-20&linkCode=osi&th=1&psc=1">View Product</a></div><div class="product"><a href="https://www.amazon.com/dp/B09H7LR2K2?tag=eloabder-20&linkCode=osi&th=1&psc=1"><img src="https://m.media-amazon.com/images/I/31J6KoAN3IL._SL500_.jpg" alt="Product Image"></a><p>MAM Original Start Matte Newborn Baby Pacifier, Best Pacifier for Breastfed Babies, Sterilizer Case, Girl, 0-3 Months (Pack of 2)</p><p> -38% 0FF </p><p>$4.99</p><a href="https://www.amazon.com/dp/B09H7LR2K2?tag=eloabder-20&linkCode=osi&th=1&psc=1">View Product</a></div>
<div class="product"><a href="https://www.amazon.com/dp/B0C98MM24R?tag=eloabder-20&linkCode=osi&th=1&psc=1"><img src="https://m.media-amazon.com/images/I/411zeOj8dIL._SL500_.jpg" alt="Product Image"></a><p>Silicone Pacifier Clip, Seposeve Pack of 3 Baby Pacifier Teether Clip with 4 Texture, Soft Flexible Silicone Pacifier Leashes & Cases for Boy and Girl, Keeps Pacifier Clean, Purple Pink White</p><p> -29% 0FF </p><p>$4.99</p><a href="https://www.amazon.com/dp/B0C98MM24R?tag=eloabder-20&linkCode=osi&th=1&psc=1">View Product</a></div><div class="product"><a href="https://www.amazon.com/dp/B0828BFK15?tag=eloabder-20&linkCode=osi&th=1&psc=1"><img src="https://m.media-amazon.com/images/I/41OXr2mKwYL._SL500_.jpg" alt="Product Image"></a><p>PandaEar Baby Pacifier Clips Solid Color, 4 Pack Universal Holder Leash for Boys and Girls, Teething Toys Teethers (Neutral)</p><p> -17% 0FF </p><p>$4.98</p><a href="https://www.amazon.com/dp/B0828BFK15?tag=eloabder-20&linkCode=osi&th=1&psc=1">View Product</a></div>
<div class="product"><a href="https://www.amazon.com/dp/B09JCJKMF2?tag=eloabder-20&linkCode=osi&th=1&psc=1"><img src="https://m.media-amazon.com/images/I/21hMAxonL8L._SL500_.jpg" alt="Product Image"></a><p>Ubbi On-The-Go Dual Pacifier Holder, Keep's Baby's Binkies Clean and Accessible, Portable for Travel, Diaper Bag Accessory Must Have for Newborns, Sage Green</p><p> -17% 0FF </p><p>$4.99</p><a href="https://www.amazon.com/dp/B09JCJKMF2?tag=eloabder-20&linkCode=osi&th=1&psc=1">View Product</a></div><div class="product"><a href="https://www.amazon.com/dp/B0BG8J1JJR?tag=eloabder-20&linkCode=osi&th=1&psc=1"><img src="https://m.media-amazon.com/images/I/31fDalcDyyL._SL500_.jpg" alt="Product Image"></a><p>PandaEar Pacifier Nipple Holder Case Container Boxes (4 Pack)| Universal Accessories Holders| Travel Cases| BPA Free</p><p> -17% 0FF </p><p>$4.95</p><a href="https://www.amazon.com/dp/B0BG8J1JJR?tag=eloabder-20&linkCode=osi&th=1&psc=1">View Product</a></div>
<div class="product"><a href="https://www.amazon.com/dp/B08625PRQL?tag=eloabder-20&linkCode=osi&th=1&psc=1"><img src="https://m.media-amazon.com/images/I/31PUIalU9CL._SL500_.jpg" alt="Product Image"></a><p>GROWNSY Pacifier Sanitizer Portable, UV Light Sanitizer on The Go, USB Charging Sanitizer Case, Mini Pacifier Sanitizer 99.99% Cleaned in 59 Seconds (White)</p><p> -10% 0FF </p><p>$26.95</p><a href="https://www.amazon.com/dp/B08625PRQL?tag=eloabder-20&linkCode=osi&th=1&psc=1">View Product</a></div><div class="product"><a href="https://www.amazon.com/dp/B0035LQNNE?tag=eloabder-20&linkCode=osi&th=1&psc=1"><img src="https://m.media-amazon.com/images/I/41DJ3x+h47L._SL500_.jpg" alt="Product Image"></a><p>Dr. Brown's Microwave Steam Sterilizer Bags for Baby Bottles, Pacifiers, Pump Parts and Accessories, Travel Baby Bottle Sterilizer, 30 Uses per Bag, 5 Count (Pack of 1)</p><p> -40% 0FF </p><p>$5.99</p><a href="https://www.amazon.com/dp/B0035LQNNE?tag=eloabder-20&linkCode=osi&th=1&psc=1">View Product</a></div>
<div class="product"><a href="https://www.amazon.com/dp/B0CRF9L25B?tag=eloabder-20&linkCode=osi&th=1&psc=1"><img src="https://m.media-amazon.com/images/I/41WW0AQ61YL._SL500_.jpg" alt="Product Image"></a><p>Comfy Cubs Baby Play Gym Set, Wooden Baby Playgym, Interactive Activity Center Hanging Bar with Gym Toys, Foldable for Infants, Newborn Gift for Baby Girl and Boy</p><p> -33% 0FF </p><p>$39.99</p><a href="https://www.amazon.com/dp/B0CRF9L25B?tag=eloabder-20&linkCode=osi&th=1&psc=1">View Product</a></div>
<div class="product"><a href="https://www.amazon.com/dp/B0BCVRHFX8?tag=eloabder-20&linkCode=osi&th=1&psc=1"><img src="https://m.media-amazon.com/images/I/41EoxD6Jb4L._SL500_.jpg" alt="Product Image"></a><p>Baby Playpen,Playpen, Playpen for Babies and Toddlers, Play Pen for Kids, Play Pens for Babies and Toddlers for Apartment (47 * 47 inch Grey with mat)</p><p> -23% 0FF </p><p>$46.21</p><a href="https://www.amazon.com/dp/B0BCVRHFX8?tag=eloabder-20&linkCode=osi&th=1&psc=1">View Product</a></div><div class="product"><a href="https://www.amazon.com/dp/B0BR7NFYTV?tag=eloabder-20&linkCode=osi&th=1&psc=1"><img src="https://m.media-amazon.com/images/I/41fdC8D+84L._SL500_.jpg" alt="Product Image"></a><p>COMOMY Playpens for Babies and Toddlers, Small Baby Play Pens, Activity Center for Baby Safe and Non-Slip Baby Fence, Full Mesh Design, Indoor & Outdoor Kids Activity Center (Dark Grey, 36"x36")</p><p> -20% 0FF </p><p>$39.99</p><a href="https://www.amazon.com/dp/B0BR7NFYTV?tag=eloabder-20&linkCode=osi&th=1&psc=1">View Product</a></div><div class="product"><a href="https://www.amazon.com/dp/B09ZDQ3C2Y?tag=eloabder-20&linkCode=osi&th=1&psc=1"><img src="https://m.media-amazon.com/images/I/41cGSa5tbrL._SL500_.jpg" alt="Product Image"></a><p>Pamo Babe Portable Crib Baby Playpen with Mattress and Carry Bag (Grey)</p><p> -29% 0FF </p><p>$48.99</p><a href="https://www.amazon.com/dp/B09ZDQ3C2Y?tag=eloabder-20&linkCode=osi&th=1&psc=1">View Product</a></div><div class="product"><a href="https://www.amazon.com/dp/B08BT16TH5?tag=eloabder-20&linkCode=osi&th=1&psc=1"><img src="https://m.media-amazon.com/images/I/41T3gWQReTL._SL500_.jpg" alt="Product Image"></a><p>Dream On Me Nest Portable Playard in Black with Carrybag an Shoulder Strap, Lightweight, Packable and Easy Setup Baby Playard, Breathable Mesh Sides and Soft Fabric - Comes with a Removable Padded Mat</p><p> -29% 0FF </p><p>$49.99</p><a href="https://www.amazon.com/dp/B08BT16TH5?tag=eloabder-20&linkCode=osi&th=1&psc=1">View Product</a></div>
<div class="product"><a href="https://www.amazon.com/dp/B07964SFW4?tag=eloabder-20&linkCode=osi&th=1&psc=1"><img src="https://m.media-amazon.com/images/I/415S7evTplL._SL500_.jpg" alt="Product Image"></a><p>Baby Trend Lil' Snooze Deluxe II Nursery Center, Twinkle Twinkle Little Moon</p><p> -10% 0FF </p><p>$89.99</p><a href="https://www.amazon.com/dp/B07964SFW4?tag=eloabder-20&linkCode=osi&th=1&psc=1">View Product</a></div><div class="product"><a href="https://www.amazon.com/dp/B0BMFQFZSH?tag=eloabder-20&linkCode=osi&th=1&psc=1"><img src="https://m.media-amazon.com/images/I/41tYFE0RalL._SL500_.jpg" alt="Product Image"></a><p>Pamo Babe Deluxe Nursery Center, Foldable Playard for Baby & Toddler, Bassinet, Mattress, Changing Table for Newborn(Black)</p><p> -22% 0FF </p><p>$155.99</p><a href="https://www.amazon.com/dp/B0BMFQFZSH?tag=eloabder-20&linkCode=osi&th=1&psc=1">View Product</a></div><div class="product"><a href="https://www.amazon.com/dp/B07HYV86RH?tag=eloabder-20&linkCode=osi&th=1&psc=1"><img src="https://m.media-amazon.com/images/I/41GWwVT9TQL._SL500_.jpg" alt="Product Image"></a><p>Baby Trend Trend-E Nursery Center® Playard, April</p><p> -20% 0FF </p><p>$79.99</p><a href="https://www.amazon.com/dp/B07HYV86RH?tag=eloabder-20&linkCode=osi&th=1&psc=1">View Product</a></div>
<div class="product"><a href="https://www.amazon.com/dp/B0BZQGQVD1?tag=eloabder-20&linkCode=osi&th=1&psc=1"><img src="https://m.media-amazon.com/images/I/41DuYrM0FML._SL500_.jpg" alt="Product Image"></a><p>Kopi Baby Portable Diaper Changing Pad - Baby Changing Pad & Diaper Changer Travel Bag, Smart Design Baby Changing Mat, Portable Changing Pad for Baby - Baby Changing Station, Infant Gift - Grey</p><p> -31% 0FF </p><p>$26.99</p><a href="https://www.amazon.com/dp/B0BZQGQVD1?tag=eloabder-20&linkCode=osi&th=1&psc=1">View Product</a></div><div class="product"><a href="https://www.amazon.com/dp/B085PXT49C?tag=eloabder-20&linkCode=osi&th=1&psc=1"><img src="https://m.media-amazon.com/images/I/51vXCxx-lHL._SL500_.jpg" alt="Product Image"></a><p>Portable Changing Pad for Baby|Travel Baby Changing Pads for Moms, Dads|Waterproof Portable Changing Mat with Built-in Pillow|Excellent Baby Shower/Registry Gifts</p><p> -19% 0FF </p><p>$12.99</p><a href="https://www.amazon.com/dp/B085PXT49C?tag=eloabder-20&linkCode=osi&th=1&psc=1">View Product</a></div><div class="product"><a href="https://www.amazon.com/dp/B082FZ4232?tag=eloabder-20&linkCode=osi&th=1&psc=1"><img src="https://m.media-amazon.com/images/I/51beBs2MbBL._SL500_.jpg" alt="Product Image"></a><p>First Landings Portable Diaper Changing Pad - Convenient Travel Changing Pad and Wipe Holder - Portable Changing Pad - Navy</p><p> -58% 0FF </p><p>$9.99</p><a href="https://www.amazon.com/dp/B082FZ4232?tag=eloabder-20&linkCode=osi&th=1&psc=1">View Product</a></div><div class="product"><a href="https://www.amazon.com/dp/B08N4W4CFC?tag=eloabder-20&linkCode=osi&th=1&psc=1"><img src="https://m.media-amazon.com/images/I/51vHXXugc9L._SL500_.jpg" alt="Product Image"></a><p>Portable Diaper Changing Pad for Baby, Detachable Travel Changing Pad with Baby Wipes Pocket, Gifts for Baby Shower, Newborn Girls and Boys (Grey)</p><p> -29% 0FF </p><p>$19.79</p><a href="https://www.amazon.com/dp/B08N4W4CFC?tag=eloabder-20&linkCode=osi&th=1&psc=1">View Product</a></div><div class="product"><a href="https://www.amazon.com/dp/B0CM9ZDFT7?tag=eloabder-20&linkCode=osi&th=1&psc=1"><img src="https://m.media-amazon.com/images/I/511OkyACRAL._SL500_.jpg" alt="Product Image"></a><p>Portable Changing Pad for Baby, Travel Diaper Changing Pad for Newborn, Large Waterproof Baby Changing Mat, Foldable & Detachable Diaper Changing Station with Baby Wipes Pockets, Baby Stuff by Pillani</p><p> -37% 0FF </p><p>$18.99</p><a href="https://www.amazon.com/dp/B0CM9ZDFT7?tag=eloabder-20&linkCode=osi&th=1&psc=1">View Product</a></div>
<div class="product"><a href="https://www.amazon.com/dp/B00AKKDSNG?tag=eloabder-20&linkCode=osi&th=1&psc=1"><img src="https://m.media-amazon.com/images/I/51nqUmC7OaL._SL500_.jpg" alt="Product Image"></a><p>Guava Lotus Travel Crib with Lightweight Backpack Design | Certified Baby Safe Portable Crib | Folding Play Yard with Comfy Mattress for Babies & Toddlers | Compact Baby Travel Bed</p><p> -18% 0FF </p><p>$229.95</p><a href="https://www.amazon.com/dp/B00AKKDSNG?tag=eloabder-20&linkCode=osi&th=1&psc=1">View Product</a></div><div class="product"><a href="https://www.amazon.com/dp/B07RZQC1T1?tag=eloabder-20&linkCode=osi&th=1&psc=1"><img src="https://m.media-amazon.com/images/I/41EMWNVnnYL._SL500_.jpg" alt="Product Image"></a><p>Pamo Babe Portable Crib for Baby, Portable Baby Playpen with Bassinet and Changing Table</p><p> -15% 0FF </p><p>$109.99</p><a href="https://www.amazon.com/dp/B07RZQC1T1?tag=eloabder-20&linkCode=osi&th=1&psc=1">View Product</a></div><div class="product"><a href="https://www.amazon.com/dp/B01F9FLEL4?tag=eloabder-20&linkCode=osi&th=1&psc=1"><img src="https://m.media-amazon.com/images/I/51HNrjQ09pL._SL500_.jpg" alt="Product Image"></a><p>Baby Trend Nursery Center® Playard, Tanzania</p><p> -20% 0FF </p><p>$79.99</p><a href="https://www.amazon.com/dp/B01F9FLEL4?tag=eloabder-20&linkCode=osi&th=1&psc=1">View Product</a></div>
<div class="product"><a href="https://www.amazon.com/dp/B0CXY9DDW9?tag=eloabder-20&linkCode=osi&th=1&psc=1"><img src="https://m.media-amazon.com/images/I/31MFNOwDz8L._SL500_.jpg" alt="Product Image"></a><p>Bluey Playtime Floor Potty Trainer w/Sound</p><p> -20% 0FF </p><p>$31.99</p><a href="https://www.amazon.com/dp/B0CXY9DDW9?tag=eloabder-20&linkCode=osi&th=1&psc=1">View Product</a></div>


<div class="product"><a href="https://www.amazon.com/dp/B0825YNHG9?tag=eloabder-20&linkCode=osi&th=1&psc=1"><img src="https://m.media-amazon.com/images/I/515zQEdiriL._SL500_.jpg" alt="Product Image"></a><p>wegreeco Cloth Diapers 6 Pack with 6 Inserts & 1 Wet Bag, Washable Cloth Diapers for Babies, One Size Adjustable Reusable Diapers Baby (Flower)</p><p> -17% 0FF </p><p>$31.85</p><a href="https://www.amazon.com/dp/B0825YNHG9?tag=eloabder-20&linkCode=osi&th=1&psc=1">View Product</a></div><div class="product"><a href="https://www.amazon.com/dp/B0D5HMWY6V?tag=eloabder-20&linkCode=osi&th=1&psc=1"><img src="https://m.media-amazon.com/images/I/41U1XPfqxlL._SL500_.jpg" alt="Product Image"></a><p>Smarbore Baby Cloth Diapers Set-4 Pack Diapers with 4 Inserts & 1 Wet Dry Separation Bag, Reusable Infant Toddler Nappy, Adjustable Pocket Diapers for Baby Boys and Girls(6-33 pounds,0-3 Years)</p><p> -7% 0FF </p><p>$25.99 ($2.89 / Count)</p><a href="https://www.amazon.com/dp/B0D5HMWY6V?tag=eloabder-20&linkCode=osi&th=1&psc=1">View Product</a></div>
<div class="product"><a href="https://www.amazon.com/dp/B0CG1T96CP?tag=eloabder-20&linkCode=osi&th=1&psc=1"><img src="https://m.media-amazon.com/images/I/41Zc2WoVYUL._SL500_.jpg" alt="Product Image"></a><p>Yaheetech Upholstered Rocking Chair, Boucle Glider Chair Nursery Chair with High Back and Side Pocket, Rocking Accent Armchair with Rubber Wood Legs for Living Room/Bedroom/Nursery, Ivory</p><p> -41% 0FF </p><p>$99.99</p><a href="https://www.amazon.com/dp/B0CG1T96CP?tag=eloabder-20&linkCode=osi&th=1&psc=1">View Product</a></div><div class="product"><a href="https://www.amazon.com/dp/B0815ZR4LN?tag=eloabder-20&linkCode=osi&th=1&psc=1"><img src="https://m.media-amazon.com/images/I/31z4fzPBkHL._SL500_.jpg" alt="Product Image"></a><p>Evolur Raleigh Upholstered Nursery Glider, Swivel, Rock, Recliner, Tool Free Assembly, Greenguard Gold Certified Misty Grey</p><p> -43% 0FF </p><p>$199.99</p><a href="https://www.amazon.com/dp/B0815ZR4LN?tag=eloabder-20&linkCode=osi&th=1&psc=1">View Product</a></div><div class="product"><a href="https://www.amazon.com/dp/B01N4KL7QS?tag=eloabder-20&linkCode=osi&th=1&psc=1"><img src="https://m.media-amazon.com/images/I/51EIu4gTPDL._SL500_.jpg" alt="Product Image"></a><p>Angel Line Windsor Glider and Ottoman, Natural and Gray</p><p> -21% 0FF </p><p>$139.00</p><a href="https://www.amazon.com/dp/B01N4KL7QS?tag=eloabder-20&linkCode=osi&th=1&psc=1">View Product</a></div><div class="product"><a href="https://www.amazon.com/dp/B0DF2PJ5KH?tag=eloabder-20&linkCode=osi&th=1&psc=1"><img src="https://m.media-amazon.com/images/I/51wf3SLefBL._SL500_.jpg" alt="Product Image"></a><p>VECELO High Back Nursery Rocking Chair with Foot Rest, Teddy Upholstered Reclining Glider Rocker, Comfy Armchair Padded Seat Removable Side Pockets for Living Room, Bedroom, Balcony, White</p><p> -7% 0FF </p><p>$129.99</p><a href="https://www.amazon.com/dp/B0DF2PJ5KH?tag=eloabder-20&linkCode=osi&th=1&psc=1">View Product</a></div>
<div class="product"><a href="https://www.amazon.com/dp/B0D4YY8V2Z?tag=eloabder-20&linkCode=osi&th=1&psc=1"><img src="https://m.media-amazon.com/images/I/41ckUZsbOhL._SL500_.jpg" alt="Product Image"></a><p>JXM Safety Harness for Active Childs with Quick Grab Handle, Teens Youth Secure Walking Harness with Autism Awareness and Pouch, Adjustable Tether Leash for Autism ADHD Special Needs Child Kids</p><p> -11% 0FF </p><p>$24.99</p><a href="https://www.amazon.com/dp/B0D4YY8V2Z?tag=eloabder-20&linkCode=osi&th=1&psc=1">View Product</a></div><div class="product"><a href="https://www.amazon.com/dp/B0CMTXJ956?tag=eloabder-20&linkCode=osi&th=1&psc=1"><img src="https://m.media-amazon.com/images/I/41isiqOFw+L._SL500_.jpg" alt="Product Image"></a><p>Kanayu 2 Pcs Walking Harness for Older Children with Handle and Pouch Safety Harness for Autism ADHD Special Needs Child Kids(8-12 Years)</p><p> -12% 0FF </p><p>$22.99</p><a href="https://www.amazon.com/dp/B0CMTXJ956?tag=eloabder-20&linkCode=osi&th=1&psc=1">View Product</a></div><div class="product"><a href="https://www.amazon.com/dp/B0CFY3B37N?tag=eloabder-20&linkCode=osi&th=1&psc=1"><img src="https://m.media-amazon.com/images/I/41i7J-tFLEL._SL500_.jpg" alt="Product Image"></a><p>ROSROSE Child Airplane Safety Travel Harness, Airplane Travel Accessories for Kid Toddler, Child Aviation Flight Seat Device/Seat Belt, Safety Restraint System Helps Keep Your Child Safe</p><p> -10% 0FF </p><p>$22.55</p><a href="https://www.amazon.com/dp/B0CFY3B37N?tag=eloabder-20&linkCode=osi&th=1&psc=1">View Product</a></div>
<div class="product"><a href="https://www.amazon.com/dp/B08WDLZ9YF?tag=eloabder-20&linkCode=osi&th=1&psc=1"><img src="https://m.media-amazon.com/images/I/41yh9vV9UTL._SL500_.jpg" alt="Product Image"></a><p>Safety 1st Healthcare On-The-go Kit, Pyramids Aqua</p><p> -27% 0FF </p><p>$9.53</p><a href="https://www.amazon.com/dp/B08WDLZ9YF?tag=eloabder-20&linkCode=osi&th=1&psc=1">View Product</a></div>
<div class="product"><a href="https://www.amazon.com/dp/B0009EXOIM?tag=eloabder-20&linkCode=osi&th=1&psc=1"><img src="https://m.media-amazon.com/images/I/41tq74vnvfL._SL500_.jpg" alt="Product Image"></a><p>Safety 1st 12 Pack Ultra Clear Outlet Plugs</p><p> -55% 0FF </p><p>$2.99</p><a href="https://www.amazon.com/dp/B0009EXOIM?tag=eloabder-20&linkCode=osi&th=1&psc=1">View Product</a></div>
<div class="product"><a href="https://www.amazon.com/dp/B0CNVZN4JY?tag=eloabder-20&linkCode=osi&th=1&psc=1"><img src="https://m.media-amazon.com/images/I/41w4Hn9rrKL._SL500_.jpg" alt="Product Image"></a><p>UBBCARE Bed Rail for Toddlers, 32 Inch Bed Guard Rail, Extra Tall Child Safety Side Crib Rail for Baby, Kids, Fit for Twin, Full, Queen, King Size Beds</p><p> -19% 0FF </p><p>$25.99</p><a href="https://www.amazon.com/dp/B0CNVZN4JY?tag=eloabder-20&linkCode=osi&th=1&psc=1">View Product</a></div><div class="product"><a href="https://www.amazon.com/dp/B0D63187J9?tag=eloabder-20&linkCode=osi&th=1&psc=1"><img src="https://m.media-amazon.com/images/I/41Y5kEXGVpL._SL500_.jpg" alt="Product Image"></a><p>Bed Guard Rail for Toddlers - 32inch Folding up & Adjustable Heights Baby Bed Safety Rails - Portable Toddler Bed Barrier Railing Guard for Kids Twin, Bunk, Queen, Full Size Bed</p><p> -13% 0FF </p><p>$34.99</p><a href="https://www.amazon.com/dp/B0D63187J9?tag=eloabder-20&linkCode=osi&th=1&psc=1">View Product</a></div>

<div class="product"><a href="https://www.amazon.com/dp/B07JDHX9X8?tag=eloabder-20&linkCode=osi&th=1&psc=1"><img src="https://m.media-amazon.com/images/I/41xMC6SqvHL._SL500_.jpg" alt="Product Image"></a><p>Anti-Lost Wrist Link, Blue Reflective Anti-Lost Wrist Chain with Child Lock 6.56 feet.</p><p> -23% 0FF </p><p>$9.99</p><a href="https://www.amazon.com/dp/B07JDHX9X8?tag=eloabder-20&linkCode=osi&th=1&psc=1">View Product</a></div>
<div class="product"><a href="https://www.amazon.com/dp/B005P4J5I4?tag=eloabder-20&linkCode=osi&th=1&psc=1"><img src="https://m.media-amazon.com/images/I/519l0MNHqKL._SL500_.jpg" alt="Product Image"></a><p>Little Remedies Saline Spray and Drops, Safe for Newborns, 0.5 fl oz</p><p> -53% 0FF </p><p>$3.27 ($6.54 / Fl Oz)</p><a href="https://www.amazon.com/dp/B005P4J5I4?tag=eloabder-20&linkCode=osi&th=1&psc=1">View Product</a></div><div class="product"><a href="https://www.amazon.com/dp/B0856MGQVH?tag=eloabder-20&linkCode=osi&th=1&psc=1"><img src="https://m.media-amazon.com/images/I/51A47IQJC0L._SL500_.jpg" alt="Product Image"></a><p>Little Remedies Stromach Gas and Nose Relief Pack (1-0.5 oz Saline Spray and Drops, 1-1 oz Gas Relief Berry Flavor Drops)</p><p> -29% 0FF </p><p>$10.93</p><a href="https://www.amazon.com/dp/B0856MGQVH?tag=eloabder-20&linkCode=osi&th=1&psc=1">View Product</a></div><div class="product"><a href="https://www.amazon.com/dp/B011EVPAHG?tag=eloabder-20&linkCode=osi&th=1&psc=1"><img src="https://m.media-amazon.com/images/I/41wkX5DsVDL._SL500_.jpg" alt="Product Image"></a><p>MYLICON Infants Gas Relief Drops for Infants and Babies, Dye Free Formula, 1 Fluid Ounce</p><p> -18% 0FF </p><p>$9.86</p><a href="https://www.amazon.com/dp/B011EVPAHG?tag=eloabder-20&linkCode=osi&th=1&psc=1">View Product</a></div><div class="product"><a href="https://www.amazon.com/dp/B0971Y375Y?tag=eloabder-20&linkCode=osi&th=1&psc=1"><img src="https://m.media-amazon.com/images/I/41Bj3TE3RaL._SL500_.jpg" alt="Product Image"></a><p>Mommy's Bliss Newborn Essentials Gift Set, Includes Gripe Water, Baby Vitamin D / Gas Drops and Gentle Saline Drops/Spray</p><p> -20% 0FF </p><p>$19.98 ($5.00 / Count)</p><a href="https://www.amazon.com/dp/B0971Y375Y?tag=eloabder-20&linkCode=osi&th=1&psc=1">View Product</a></div>

<div class="product"><a href="https://www.amazon.com/dp/B0CD42KQ3K?tag=eloabder-20&linkCode=osi&th=1&psc=1"><img src="https://m.media-amazon.com/images/I/41c9zvmFrLL._SL500_.jpg" alt="Product Image"></a><p>TOHIBEE Baby Montessori Sensory Toys for 0-6 6-12 Months, Food Grade Teething Toys for Babies 0 3 6 9 12 18 Months, Newborn Infant Learning Developmental Toys Gifts for 1 2 Year Old Boys Girls</p><p> -50% 0FF </p><p>$9.99</p><a href="https://www.amazon.com/dp/B0CD42KQ3K?tag=eloabder-20&linkCode=osi&th=1&psc=1">View Product</a></div><div class="product"><a href="https://www.amazon.com/dp/B0CNNZKL6Z?tag=eloabder-20&linkCode=osi&th=1&psc=1"><img src="https://m.media-amazon.com/images/I/419qSwSFEIL._SL500_.jpg" alt="Product Image"></a><p>MIUXUESO 3 Pcs Baby Flower Headbands Baby Girls Nylon Headbands Soft Hairbands Hair Accessories for Newborn Infant Toddler Kids (Beige Pink Khaki)</p><p> -11% 0FF </p><p>$8.89 ($2.96 / Count)</p><a href="https://www.amazon.com/dp/B0CNNZKL6Z?tag=eloabder-20&linkCode=osi&th=1&psc=1">View Product</a></div><div class="product"><a href="https://www.amazon.com/dp/B0CRLDXBYN?tag=eloabder-20&linkCode=osi&th=1&psc=1"><img src="https://m.media-amazon.com/images/I/51U5mzLT4CL._SL500_.jpg" alt="Product Image"></a><p>Cute Castle Baby Sleep Sack 0-6 Months - Lightweight 100% Cotton 2-Way Zipper TOG 0.5 Infant Wearable Blanket, Newborn Essentials Toddler Sleep Clothes (3 Pack Green)</p><p> -41% 0FF </p><p>$26.98</p><a href="https://www.amazon.com/dp/B0CRLDXBYN?tag=eloabder-20&linkCode=osi&th=1&psc=1">View Product</a></div><div class="product"><a href="https://www.amazon.com/dp/B0CNSPHBBG?tag=eloabder-20&linkCode=osi&th=1&psc=1"><img src="https://m.media-amazon.com/images/I/41KtLZ6dp3L._SL500_.jpg" alt="Product Image"></a><p>Arnzion Baby Hooded Towels for Babies and Toddlers, Muslin Baby Bath Towel Soft and Absorbent for Boys and Girls (Dark Grey 1 Pack)</p><p> -10% 0FF </p><p>$8.99</p><a href="https://www.amazon.com/dp/B0CNSPHBBG?tag=eloabder-20&linkCode=osi&th=1&psc=1">View Product</a></div><div class="product"><a href="https://www.amazon.com/dp/B0C6Y89H47?tag=eloabder-20&linkCode=osi&th=1&psc=1"><img src="https://m.media-amazon.com/images/I/41SIANIdhkL._SL500_.jpg" alt="Product Image"></a><p>HelloBaby Upgrade 5’’ Baby Monitor with 26-Hour Battery, 2 Cameras Pan-Tilt-Zoom, 1000ft Range Video Audio Baby Monitor No WiFi, VOX, Night Vision, 2-Way Talk, 8 Lullabies and Temperature</p><p> -22% 0FF </p><p>$139.99</p><a href="https://www.amazon.com/dp/B0C6Y89H47?tag=eloabder-20&linkCode=osi&th=1&psc=1">View Product</a></div><div class="product"><a href="https://www.amazon.com/dp/B0CLGCN5ZS?tag=eloabder-20&linkCode=osi&th=1&psc=1"><img src="https://m.media-amazon.com/images/I/41PuaWmW8rL._SL500_.jpg" alt="Product Image"></a><p>Momcozy Baby Carrier Newborn to Toddler - Ergonomic, Cozy and Lightweight Infant Carrier for 7-44lbs, Effortless to Put On, Ideal for Hands-Free Parenting, Enhanced Lumbar Support, Khaki</p><p> -7% 0FF </p><p>$64.99</p><a href="https://www.amazon.com/dp/B0CLGCN5ZS?tag=eloabder-20&linkCode=osi&th=1&psc=1">View Product</a></div>
<div class="product"><a href="https://www.amazon.com/dp/B09B94C44F?tag=eloabder-20&linkCode=osi&th=1&psc=1"><img src="https://m.media-amazon.com/images/I/41mrmM0elVL._SL500_.jpg" alt="Product Image"></a><p>Fisher-Price Baby to Toddler Learning Toy 2-in-1 Like a Boss Activity Center and Play Table with Lights Music and Sounds</p><p> -33% 0FF </p><p>$73.99</p><a href="https://www.amazon.com/dp/B09B94C44F?tag=eloabder-20&linkCode=osi&th=1&psc=1">View Product</a></div><div class="product"><a href="https://www.amazon.com/dp/B08D8RSLXW?tag=eloabder-20&linkCode=osi&th=1&psc=1"><img src="https://m.media-amazon.com/images/I/41CTM7vmqIL._SL500_.jpg" alt="Product Image"></a><p>Smart Steps® Bounce N’ Play 3-in-1 Activity Center, Woodland Walk</p><p> -14% 0FF </p><p>$59.99</p><a href="https://www.amazon.com/dp/B08D8RSLXW?tag=eloabder-20&linkCode=osi&th=1&psc=1">View Product</a></div><div class="product"><a href="https://www.amazon.com/dp/B08WQB3JQW?tag=eloabder-20&linkCode=osi&th=1&psc=1"><img src="https://m.media-amazon.com/images/I/413UkTCXRJL._SL500_.jpg" alt="Product Image"></a><p>Smart Steps® 3-in-1 Bounce N' Play Activity Center Plus with STEM Learning Toys, Tike Hike</p><p> -33% 0FF </p><p>$59.99</p><a href="https://www.amazon.com/dp/B08WQB3JQW?tag=eloabder-20&linkCode=osi&th=1&psc=1">View Product</a></div><div class="product"><a href="https://www.amazon.com/dp/B0B5JJGGTC?tag=eloabder-20&linkCode=osi&th=1&psc=1"><img src="https://m.media-amazon.com/images/I/41hewN3eW6L._SL500_.jpg" alt="Product Image"></a><p>Fisher-Price Baby to Toddler Toy 3-in-1 SnugaPuppy Activity Center and Play Table with Lights Sounds and Developmental Activities</p><p> -23% 0FF </p><p>$99.99</p><a href="https://www.amazon.com/dp/B0B5JJGGTC?tag=eloabder-20&linkCode=osi&th=1&psc=1">View Product</a></div><div class="product"><a href="https://www.amazon.com/dp/B07BF1V8K8?tag=eloabder-20&linkCode=osi&th=1&psc=1"><img src="https://m.media-amazon.com/images/I/51kWbX5t3FL._SL500_.jpg" alt="Product Image"></a><p>Battat - Activity Cube With Farm Theme - Educational Wooden Toys For Toddlers And Kids - 1 Year +</p><p> -42% 0FF </p><p>$59.95</p><a href="https://www.amazon.com/dp/B07BF1V8K8?tag=eloabder-20&linkCode=osi&th=1&psc=1">View Product</a></div>
<div class="product"><a href="https://www.amazon.com/dp/B07MPCCDM7?tag=eloabder-20&linkCode=osi&th=1&psc=1"><img src="https://m.media-amazon.com/images/I/414WzjZL6XL._SL500_.jpg" alt="Product Image"></a><p>Baby Einstein 4-in-1 Kickin' Tunes Music and Language Play Gym and Piano Tummy Time Activity Mat</p><p> -20% 0FF </p><p>$39.98</p><a href="https://www.amazon.com/dp/B07MPCCDM7?tag=eloabder-20&linkCode=osi&th=1&psc=1">View Product</a></div><div class="product"><a href="https://www.amazon.com/dp/B0793D9WBY?tag=eloabder-20&linkCode=osi&th=1&psc=1"><img src="https://m.media-amazon.com/images/I/51SJobuKTzL._SL500_.jpg" alt="Product Image"></a><p>Fisher-Price Baby Playmat Deluxe Kick & Play Piano Gym, Green Musical Learning Toy with 2 Rattle Maracas for Developmental Play Newborns 0+ Months</p><p> -18% 0FF </p><p>$49.49</p><a href="https://www.amazon.com/dp/B0793D9WBY?tag=eloabder-20&linkCode=osi&th=1&psc=1">View Product</a></div><div class="product"><a href="https://www.amazon.com/dp/B0B5JXBMZJ?tag=eloabder-20&linkCode=osi&th=1&psc=1"><img src="https://m.media-amazon.com/images/I/51zfjAIFbcL._SL500_.jpg" alt="Product Image"></a><p>Fisher-Price Baby Playmat Kick & Play Piano Gym with Musical and Sensory Toys for Newborn to Toddler, Navy Fawn</p><p> -27% 0FF </p><p>$39.88</p><a href="https://www.amazon.com/dp/B0B5JXBMZJ?tag=eloabder-20&linkCode=osi&th=1&psc=1">View Product</a></div><div class="product"><a href="https://www.amazon.com/dp/B0036RKGHQ?tag=eloabder-20&linkCode=osi&th=1&psc=1"><img src="https://m.media-amazon.com/images/I/51ciJPgVi-L._SL500_.jpg" alt="Product Image"></a><p>Bright Starts Disney Baby Finding Nemo Mr. Ray Ocean Lights & Music Gym, Ages Newborn +</p><p> -18% 0FF </p><p>$69.98</p><a href="https://www.amazon.com/dp/B0036RKGHQ?tag=eloabder-20&linkCode=osi&th=1&psc=1">View Product</a></div>
<div class="product"><a href="https://www.amazon.com/dp/B0C8HGTL8Y?tag=eloabder-20&linkCode=osi&th=1&psc=1"><img src="https://m.media-amazon.com/images/I/41JRClg8WzL._SL500_.jpg" alt="Product Image"></a><p>Baby Trend Everlast 7-in-1 High Chair, Charcoal Stone</p><p> -50% 0FF </p><p>$49.99</p><a href="https://www.amazon.com/dp/B0C8HGTL8Y?tag=eloabder-20&linkCode=osi&th=1&psc=1">View Product</a></div><div class="product"><a href="https://www.amazon.com/dp/B08DY55SQZ?tag=eloabder-20&linkCode=osi&th=1&psc=1"><img src="https://m.media-amazon.com/images/I/31Gi5M2n0TL._SL500_.jpg" alt="Product Image"></a><p>Evenflo 4-in-1 Eat & Grow Convertible High Chair,Polyester</p><p> -9% 0FF </p><p>$62.99</p><a href="https://www.amazon.com/dp/B08DY55SQZ?tag=eloabder-20&linkCode=osi&th=1&psc=1">View Product</a></div><div class="product"><a href="https://www.amazon.com/dp/B0BDSWVGJN?tag=eloabder-20&linkCode=osi&th=1&psc=1"><img src="https://m.media-amazon.com/images/I/31RKzujFVpL._SL500_.jpg" alt="Product Image"></a><p>Graco EveryStep 6 in 1 High Chair, Babies and Toddlers Portable Slim High Chair with 6 Growing Stages from Infant to Toddler Seating, Convenient for Dining Time, Featured Design in Misty</p><p> -12% 0FF </p><p>$176.99</p><a href="https://www.amazon.com/dp/B0BDSWVGJN?tag=eloabder-20&linkCode=osi&th=1&psc=1">View Product</a></div><div class="product"><a href="https://www.amazon.com/dp/B0DFGSY7D2?tag=eloabder-20&linkCode=osi&th=1&psc=1"><img src="https://m.media-amazon.com/images/I/41LuMCYsLxL._SL500_.jpg" alt="Product Image"></a><p>High Chair,IJHIJH Baby High Chair,Foldable High Chair,High Chair for Babies and Toddlers,Double-Layer Large Tray,Backrest and Height Adjustable,5-Point Safety Belt,Non-Slip Mat,Space Saving</p><p> -23% 0FF </p><p>$99.99</p><a href="https://www.amazon.com/dp/B0DFGSY7D2?tag=eloabder-20&linkCode=osi&th=1&psc=1">View Product</a></div><div class="product"><a href="https://www.amazon.com/dp/B01MRVWGJH?tag=eloabder-20&linkCode=osi&th=1&psc=1"><img src="https://m.media-amazon.com/images/I/41HxUVOWn-L._SL500_.jpg" alt="Product Image"></a><p>Cosco Simple Fold Full Size High Chair With Adjustable Tray, 28.5x23.5x38.7 Inch (Pack of 1)</p><p> -23% 0FF </p><p>$49.99</p><a href="https://www.amazon.com/dp/B01MRVWGJH?tag=eloabder-20&linkCode=osi&th=1&psc=1">View Product</a></div><div class="product"><a href="https://www.amazon.com/dp/B0B1QRSXW9?tag=eloabder-20&linkCode=osi&th=1&psc=1"><img src="https://m.media-amazon.com/images/I/41k+dOKhnqL._SL500_.jpg" alt="Product Image"></a><p>Baby Trend Sit Right 2.0 3-in-1 High Chair - Cozy Grey</p><p> -25% 0FF </p><p>$59.99</p><a href="https://www.amazon.com/dp/B0B1QRSXW9?tag=eloabder-20&linkCode=osi&th=1&psc=1">View Product</a></div><div class="product"><a href="https://www.amazon.com/dp/B08HKPPJPV?tag=eloabder-20&linkCode=osi&th=1&psc=1"><img src="https://m.media-amazon.com/images/I/31cMtIzV9lL._SL500_.jpg" alt="Product Image"></a><p>Graco® Table2Table LX 6-in-1 Highchair, Arrows with Infant Head Support & One-Hand Removable Tray</p><p> -16% 0FF </p><p>$100.99</p><a href="https://www.amazon.com/dp/B08HKPPJPV?tag=eloabder-20&linkCode=osi&th=1&psc=1">View Product</a></div><div class="product"><a href="https://www.amazon.com/dp/B07Y5RY7QT?tag=eloabder-20&linkCode=osi&th=1&psc=1"><img src="https://m.media-amazon.com/images/I/31IiUCIU1JL._SL500_.jpg" alt="Product Image"></a><p>Graco DuoDiner DLX 6-in-1 Highchair, Mathis</p><p> -7% 0FF </p><p>$139.99</p><a href="https://www.amazon.com/dp/B07Y5RY7QT?tag=eloabder-20&linkCode=osi&th=1&psc=1">View Product</a></div><div class="product"><a href="https://www.amazon.com/dp/B091M5MT2L?tag=eloabder-20&linkCode=osi&th=1&psc=1"><img src="https://m.media-amazon.com/images/I/31ukjyiALGL._SL500_.jpg" alt="Product Image"></a><p>Century Dine On 4-in-1 High Chair, Grows with Child with 4 Modes, Metro</p><p> -11% 0FF </p><p>$79.99</p><a href="https://www.amazon.com/dp/B091M5MT2L?tag=eloabder-20&linkCode=osi&th=1&psc=1">View Product</a></div>
<div class="product"><a href="https://www.amazon.com/dp/B000MR4IX6?tag=eloabder-20&linkCode=osi&th=1&psc=1"><img src="https://m.media-amazon.com/images/I/31QxBnnFyKL._SL500_.jpg" alt="Product Image"></a><p>Crane Adorables Ultrasonic Humidifiers for Bedroom and Baby Nursery, 1 Gallon Cool Mist Air Humidifier for Large Room or Kid's Room, Humidifier Filters Optional, Hello Kitty</p><p> -10% 0FF </p><p>$53.99</p><a href="https://www.amazon.com/dp/B000MR4IX6?tag=eloabder-20&linkCode=osi&th=1&psc=1">View Product</a></div><div class="product"><a href="https://www.amazon.com/dp/B001ADL1SG?tag=eloabder-20&linkCode=osi&th=1&psc=1"><img src="https://m.media-amazon.com/images/I/31jxnLUt3iL._SL500_.jpg" alt="Product Image"></a><p>Crane Ultrasonic Cool Mist Humidifier for Bedroom, Baby Nursery, Kids Room, Plants, or Office, Large 1 Gallon Tank, Filter Optional, Blue and White</p><p> -25% 0FF </p><p>$44.99</p><a href="https://www.amazon.com/dp/B001ADL1SG?tag=eloabder-20&linkCode=osi&th=1&psc=1">View Product</a></div><div class="product"><a href="https://www.amazon.com/dp/B089QWNQXC?tag=eloabder-20&linkCode=osi&th=1&psc=1"><img src="https://m.media-amazon.com/images/I/31SHRor76xL._SL500_.jpg" alt="Product Image"></a><p>Dr. Brown's All-in-One Sterilizer and Dryer for Baby Bottles, Parts & Other Newborn Essentials</p><p> -28% 0FF </p><p>$57.99</p><a href="https://www.amazon.com/dp/B089QWNQXC?tag=eloabder-20&linkCode=osi&th=1&psc=1">View Product</a></div><div class="product"><a href="https://www.amazon.com/dp/B008KJEYLO?tag=eloabder-20&linkCode=osi&th=1&psc=1"><img src="https://m.media-amazon.com/images/I/516vqHBFtxL._SL500_.jpg" alt="Product Image"></a><p>WaterWipes Plastic-Free Original Baby Wipes, 99.9% Water Based Wipes, Unscented & Hypoallergenic for Sensitive Skin, 60 Count (Pack of 12), Packaging May Vary</p><p> -13% 0FF </p><p>$39.97 ($5.55 / 100 Count)</p><a href="https://www.amazon.com/dp/B008KJEYLO?tag=eloabder-20&linkCode=osi&th=1&psc=1">View Product</a></div><div class="product"><a href="https://www.amazon.com/dp/B094YK9MB1?tag=eloabder-20&linkCode=osi&th=1&psc=1"><img src="https://m.media-amazon.com/images/I/31h+m99qpwL._SL500_.jpg" alt="Product Image"></a><p>Westinghouse 28-inch Cool Mist Ultrasonic Tower Humidifier, 6L Top Fill Air Humidifier with Essential Oil Diffuser, Adjustable Mist Volume for Large Bedrooms</p><p> -50% 0FF </p><p>$59.99</p><a href="https://www.amazon.com/dp/B094YK9MB1?tag=eloabder-20&linkCode=osi&th=1&psc=1">View Product</a></div>
<div class="product"><a href="https://www.amazon.com/dp/B0961KZ9X2?tag=eloabder-20&linkCode=osi&th=1&psc=1"><img src="https://m.media-amazon.com/images/I/41AUjJ8u93S._SL500_.jpg" alt="Product Image"></a><p>Philips Avent Anti-Colic Baby Bottle with AirFree Vent, 9oz, 4pk, Clear, SCY703/04</p><p> -20% 0FF </p><p>$23.99</p><a href="https://www.amazon.com/dp/B0961KZ9X2?tag=eloabder-20&linkCode=osi&th=1&psc=1">View Product</a></div><div class="product"><a href="https://www.amazon.com/dp/B00K5KVC52?tag=eloabder-20&linkCode=osi&th=1&psc=1"><img src="https://m.media-amazon.com/images/I/411dDDTfnQL._SL500_.jpg" alt="Product Image"></a><p>Tommee Tippee Natural Start Anti-Colic BPA Free Baby Bottles, 9oz, Slow-Flow Breast-Like Nipple for a Natural Latch, Designed for Seamless Transitions Between Bottle and Breast, Fiesta, Pack of 6</p><p> -44% 0FF </p><p>$23.97</p><a href="https://www.amazon.com/dp/B00K5KVC52?tag=eloabder-20&linkCode=osi&th=1&psc=1">View Product</a></div><div class="product"><a href="https://www.amazon.com/dp/B00H0DH2NS?tag=eloabder-20&linkCode=osi&th=1&psc=1"><img src="https://m.media-amazon.com/images/I/41-a1Bfp4SL._SL500_.jpg" alt="Product Image"></a><p>Lansinoh Anti-Colic Baby Bottles for Breastfeeding Babies, 5 Ounces, 3 Count, Includes 3 Slow Flow Nipples, Size S</p><p> -25% 0FF </p><p>$14.99</p><a href="https://www.amazon.com/dp/B00H0DH2NS?tag=eloabder-20&linkCode=osi&th=1&psc=1">View Product</a></div><div class="product"><a href="https://www.amazon.com/dp/B07M6QQP9Z?tag=eloabder-20&linkCode=osi&th=1&psc=1"><img src="https://m.media-amazon.com/images/I/41DGyuAuyJL._SL500_.jpg" alt="Product Image"></a><p>Dr. Brown's Natural Flow Anti-Colic Options+ Wide-Neck Glass Baby Bottles 5 oz/150 mL, with Level 1 Slow Flow Nipple, 3 Pack, 0m+</p><p> -17% 0FF </p><p>$23.99</p><a href="https://www.amazon.com/dp/B07M6QQP9Z?tag=eloabder-20&linkCode=osi&th=1&psc=1">View Product</a></div>
<div class="product"><a href="https://www.amazon.com/dp/B00MN6IGPK?tag=eloabder-20&linkCode=osi&th=1&psc=1"><img src="https://m.media-amazon.com/images/I/41QKUlWUujL._SL500_.jpg" alt="Product Image"></a><p>Pioneer Photo Albums DA-200COLB/B 200-Pocket Embossed Baby Leatherette Frame Cover Album for 4 by 6-Inch Prints, Blue</p><p> -20% 0FF </p><p>$13.58</p><a href="https://www.amazon.com/dp/B00MN6IGPK?tag=eloabder-20&linkCode=osi&th=1&psc=1">View Product</a></div><div class="product"><a href="https://www.amazon.com/dp/B09G9LD7MR?tag=eloabder-20&linkCode=osi&th=1&psc=1"><img src="https://m.media-amazon.com/images/I/41G9dvP0dRL._SL500_.jpg" alt="Product Image"></a><p>Holoary Baby Photo Album 4” x 6” 160 Photos, Newborn Baby Keepsake Gifts for Baby Boy/Girl and New Parents, Woodland Animals Design</p><p> -15% 0FF </p><p>$16.99</p><a href="https://www.amazon.com/dp/B09G9LD7MR?tag=eloabder-20&linkCode=osi&th=1&psc=1">View Product</a></div>
<div class="product"><a href="https://www.amazon.com/dp/B099FM4W4H?tag=eloabder-20&linkCode=osi&th=1&psc=1"><img src="https://m.media-amazon.com/images/I/41oW5RAdkOL._SL500_.jpg" alt="Product Image"></a><p>Frida Baby 4-in-1 Grow-with-Me Baby Bathtub, Baby Tub for Newborns to Toddler with Removable Bath Seat & Backrest for Bath Support in Tub</p><p> -9% 0FF </p><p>$49.97</p><a href="https://www.amazon.com/dp/B099FM4W4H?tag=eloabder-20&linkCode=osi&th=1&psc=1">View Product</a></div><div class="product"><a href="https://www.amazon.com/dp/B008VWVS14?tag=eloabder-20&linkCode=osi&th=1&psc=1"><img src="https://m.media-amazon.com/images/I/41SmMRWIinL._SL500_.jpg" alt="Product Image"></a><p>Angelcare Baby Bath Support (Aqua) | Ideal for Babies Less than 6 Months Old</p><p> -33% 0FF </p><p>$19.99</p><a href="https://www.amazon.com/dp/B008VWVS14?tag=eloabder-20&linkCode=osi&th=1&psc=1">View Product</a></div><div class="product"><a href="https://www.amazon.com/dp/B0856SSQ1X?tag=eloabder-20&linkCode=osi&th=1&psc=1"><img src="https://m.media-amazon.com/images/I/31uBL4LsJbL._SL500_.jpg" alt="Product Image"></a><p>Fisher-Price Baby to Toddler Bath 4-in-1 Sling ‘n Seat Tub with Removable Infant Support and 2 Toys, Pacific Pebble</p><p> -11% 0FF </p><p>$39.99</p><a href="https://www.amazon.com/dp/B0856SSQ1X?tag=eloabder-20&linkCode=osi&th=1&psc=1">View Product</a></div><div class="product"><a href="https://www.amazon.com/dp/B0BFVBMM2Y?tag=eloabder-20&linkCode=osi&th=1&psc=1"><img src="https://m.media-amazon.com/images/I/31HpHQ7IjxL._SL500_.jpg" alt="Product Image"></a><p>The First Years Renewed Baby Bath Tub - Newborn to Toddler 3-in-1 Baby Tub with Removable Sling - Made with 50% Recycled Material - 0 to 25 LBs</p><p> -10% 0FF </p><p>$26.99</p><a href="https://www.amazon.com/dp/B0BFVBMM2Y?tag=eloabder-20&linkCode=osi&th=1&psc=1">View Product</a></div><div class="product"><a href="https://www.amazon.com/dp/B08XYFMK8K?tag=eloabder-20&linkCode=osi&th=1&psc=1"><img src="https://m.media-amazon.com/images/I/41pzMRjTbyS._SL500_.jpg" alt="Product Image"></a><p>The First Years Rain Shower Baby Bathtub — Baby Spa for Newborn to Toddler — includes Convertible Bathtub and Sling with Soothing Spray — Baby Bath Essentials</p><p> -20% 0FF </p><p>$69.99</p><a href="https://www.amazon.com/dp/B08XYFMK8K?tag=eloabder-20&linkCode=osi&th=1&psc=1">View Product</a></div>
<div class="product"><a href="https://www.amazon.com/dp/B08GFCX964?tag=eloabder-20&linkCode=osi&th=1&psc=1"><img src="https://m.media-amazon.com/images/I/41WRO-OeUjL._SL500_.jpg" alt="Product Image"></a><p>PandaEar Set of 3 Silicone Baby Bibs Waterproof, Soft, Unisex, 10-72 Months (Brown/Blue/Green)</p><p> -27% 0FF </p><p>$8.45</p><a href="https://www.amazon.com/dp/B08GFCX964?tag=eloabder-20&linkCode=osi&th=1&psc=1">View Product</a></div><div class="product"><a href="https://www.amazon.com/dp/B0B152XRC4?tag=eloabder-20&linkCode=osi&th=1&psc=1"><img src="https://m.media-amazon.com/images/I/51OYlHgekxL._SL500_.jpg" alt="Product Image"></a><p>8-Pack Organic Baby Bibs for Boys, Girls - Soft Cotton Drooling and Teething Baby Bibs, Baby Girl Bibs, Baby Boy Bibs, Baby Drool Bibs for Baby Girl, Boy, Newborn Infant Bibs (Sweet Charm)</p><p> -39% 0FF </p><p>$16.96</p><a href="https://www.amazon.com/dp/B0B152XRC4?tag=eloabder-20&linkCode=osi&th=1&psc=1">View Product</a></div>
<div class="product"><a href="https://www.amazon.com/dp/B01CJABFKM?tag=eloabder-20&linkCode=osi&th=1&psc=1"><img src="https://m.media-amazon.com/images/I/41Cy6DIfuuL._SL500_.jpg" alt="Product Image"></a><p>Custom Catch Personalized Baby Blanket for Boys - Blue</p><p> -27% 0FF </p><p>$21.94</p><a href="https://www.amazon.com/dp/B01CJABFKM?tag=eloabder-20&linkCode=osi&th=1&psc=1">View Product</a></div><div class="product"><a href="https://www.amazon.com/dp/B098NY9KW8?tag=eloabder-20&linkCode=osi&th=1&psc=1"><img src="https://m.media-amazon.com/images/I/41k5gWkxQgL._SL500_.jpg" alt="Product Image"></a><p>Momcozy Muslin Swaddle Blankets, Swaddle Blanket for Baby Boys and Girls, 4-Pack Breathable and Skin-Friendly Baby Receiving Blankets Swaddle Wrap, Baby Essentials, Registry & Gift, 47 x 47 inches</p><p> -40% 0FF </p><p>$29.99</p><a href="https://www.amazon.com/dp/B098NY9KW8?tag=eloabder-20&linkCode=osi&th=1&psc=1">View Product</a></div><div class="product"><a href="https://www.amazon.com/dp/B0CNPDMD1R?tag=eloabder-20&linkCode=osi&th=1&psc=1"><img src="https://m.media-amazon.com/images/I/41P19H8j35L._SL500_.jpg" alt="Product Image"></a><p>Yurhap Fleece Baby Blanket Heart Checkered Blanket, Ultra Soft Cozy Baby Blankets for Girls Boys, Fluffy Infant Toddler Newborn Receiving Blankets for Crib Stroller 30”×40” (Light Pink)</p><p> -33% 0FF </p><p>$9.99</p><a href="https://www.amazon.com/dp/B0CNPDMD1R?tag=eloabder-20&linkCode=osi&th=1&psc=1">View Product</a></div><div class="product"><a href="https://www.amazon.com/dp/B0B3J7RYTF?tag=eloabder-20&linkCode=osi&th=1&psc=1"><img src="https://m.media-amazon.com/images/I/41xEsOQY4yL._SL500_.jpg" alt="Product Image"></a><p>Konssy Waffle Baby Blankets, Nursery Blankets for Boys Girls, Swaddle Blankets Neutral Soft Lightweight Toddler and Kids Throw Blankets(Oat)</p><p> -23% 0FF </p><p>$22.99</p><a href="https://www.amazon.com/dp/B0B3J7RYTF?tag=eloabder-20&linkCode=osi&th=1&psc=1">View Product</a></div><div class="product"><a href="https://www.amazon.com/dp/B0BD6TPYXR?tag=eloabder-20&linkCode=osi&th=1&psc=1"><img src="https://m.media-amazon.com/images/I/51SPJrzTpKL._SL500_.jpg" alt="Product Image"></a><p>Konssy Baby Blankets for Unisex Boys Girls, Super Soft Nursery Minky Blankets with Muslin Cotton Front and Dotted Fleece Backing, Printed Bed Throws Newborn</p><p> -10% 0FF </p><p>$18.99</p><a href="https://www.amazon.com/dp/B0BD6TPYXR?tag=eloabder-20&linkCode=osi&th=1&psc=1">View Product</a></div>
<div class="product"><a href="https://www.amazon.com/dp/B081FTXL88?tag=eloabder-20&linkCode=osi&th=1&psc=1"><img src="https://m.media-amazon.com/images/I/31S6fvevhIL._SL500_.jpg" alt="Product Image"></a><p>Munchkin® Bristle™ Bottle Brush, Grey</p><p> -23% 0FF </p><p>$4.47</p><a href="https://www.amazon.com/dp/B081FTXL88?tag=eloabder-20&linkCode=osi&th=1&psc=1">View Product</a></div><div class="product"><a href="https://www.amazon.com/dp/B082PZ44M9?tag=eloabder-20&linkCode=osi&th=1&psc=1"><img src="https://m.media-amazon.com/images/I/21NI5khXnaL._SL500_.jpg" alt="Product Image"></a><p>Boon Cacti Bottle Cleaning Brush Set - Includes Bottle Brush, Nipple Brush, Detail Brush, and Straw Brush - Baby Bottle Brush Set for Bottle Drying Rack - Baby Essentials - 4 Count</p><p> -12% 0FF </p><p>$13.49</p><a href="https://www.amazon.com/dp/B082PZ44M9?tag=eloabder-20&linkCode=osi&th=1&psc=1">View Product</a></div><div class="product"><a href="https://www.amazon.com/dp/B0CQKF5CWS?tag=eloabder-20&linkCode=osi&th=1&psc=1"><img src="https://m.media-amazon.com/images/I/31RoBDDbg3L._SL500_.jpg" alt="Product Image"></a><p>Munchkin® Bristle™ Bottle Brush, Modern Design, Grey</p><p> -23% 0FF </p><p>$4.47</p><a href="https://www.amazon.com/dp/B0CQKF5CWS?tag=eloabder-20&linkCode=osi&th=1&psc=1">View Product</a></div><div class="product"><a href="https://www.amazon.com/dp/B01968GERY?tag=eloabder-20&linkCode=osi&th=1&psc=1"><img src="https://m.media-amazon.com/images/I/21rubIV8FNL._SL500_.jpg" alt="Product Image"></a><p>NUK Triple Action Baby Bottle & Nipple Brush, 3 Powerful Cleaning Materials - Bristles, Sponge, & Scruber, Non-Slip Handle, Odor Resistant, Top Rack Dishwasher Safe</p><p> -54% 0FF </p><p>$4.49</p><a href="https://www.amazon.com/dp/B01968GERY?tag=eloabder-20&linkCode=osi&th=1&psc=1">View Product</a></div>
<div class="product"><a href="https://www.amazon.com/dp/B09CGTPJSL?tag=eloabder-20&linkCode=osi&th=1&psc=1"><img src="https://m.media-amazon.com/images/I/31O1L+MYMxL._SL500_.jpg" alt="Product Image"></a><p>Baby Bottle Sterilizer | Esterilizador de Biberones, 6-in-1 HAUTURE Bottle Sterilizer and Dryer, Electric Steam Bottle Sanitizer for Baby Stuffs, Baby Bottles & Breast Pump Accessories</p><p> -10% 0FF </p><p>$69.98</p><a href="https://www.amazon.com/dp/B09CGTPJSL?tag=eloabder-20&linkCode=osi&th=1&psc=1">View Product</a></div><div class="product"><a href="https://www.amazon.com/dp/B007VBXKG2?tag=eloabder-20&linkCode=osi&th=1&psc=1"><img src="https://m.media-amazon.com/images/I/315F64OEQHL._SL500_.jpg" alt="Product Image"></a><p>Philips AVENT Microwave Steam Sterilizer for Baby Bottles, Pacifiers, Cups and More, SCF281/05</p><p> -29% 0FF </p><p>$22.79</p><a href="https://www.amazon.com/dp/B007VBXKG2?tag=eloabder-20&linkCode=osi&th=1&psc=1">View Product</a></div><div class="product"><a href="https://www.amazon.com/dp/B09HJDX5S6?tag=eloabder-20&linkCode=osi&th=1&psc=1"><img src="https://m.media-amazon.com/images/I/41rjM6KCAmL._SL500_.jpg" alt="Product Image"></a><p>Baby Brezza Bottle Sterilizer and Dryer Advanced – Electric Steam Sterilization Machine Universal Sterilizing for All Bottles: Plastic + Glass Pacifiers Breast Pump Parts - HEPA Filtration</p><p> -15% 0FF </p><p>$118.99</p><a href="https://www.amazon.com/dp/B09HJDX5S6?tag=eloabder-20&linkCode=osi&th=1&psc=1">View Product</a></div><div class="product"><a href="https://www.amazon.com/dp/B0D474DSB6?tag=eloabder-20&linkCode=osi&th=1&psc=1"><img src="https://m.media-amazon.com/images/I/41p78Of58KL._SL500_.jpg" alt="Product Image"></a><p>Bottle Sterilizer and Dryer, HIYAKOI Electric Steam Baby Bottle Sterilizer and Dryer, All-in-One Sterilizer 2 Layers Large for Baby Bottles, Parts & Other Newborn Essentials - HEPA Filtration</p><p> -38% 0FF </p><p>$49.99</p><a href="https://www.amazon.com/dp/B0D474DSB6?tag=eloabder-20&linkCode=osi&th=1&psc=1">View Product</a></div><div class="product"><a href="https://www.amazon.com/dp/B0CQQFFQKJ?tag=eloabder-20&linkCode=osi&th=1&psc=1"><img src="https://m.media-amazon.com/images/I/41tQNekOelL._SL500_.jpg" alt="Product Image"></a><p>Momcozy Bottle Sterilizer and Dryer, 8-in-1 Electric Steam Baby Bottle Sterilizer for Baby Bottles, Baby stuffs & Breast Pump Accessories</p><p> -36% 0FF </p><p>$63.99</p><a href="https://www.amazon.com/dp/B0CQQFFQKJ?tag=eloabder-20&linkCode=osi&th=1&psc=1">View Product</a></div><div class="product"><a href="https://www.amazon.com/dp/B09HH7HSGV?tag=eloabder-20&linkCode=osi&th=1&psc=1"><img src="https://m.media-amazon.com/images/I/31tOSRxwFYL._SL500_.jpg" alt="Product Image"></a><p>GROWNSY Bottle Sterilizer and Dryer, 2024 Compact Electric Steam Baby Bottle Sterilizer (Esterilizador de Biberones), Bottle Sanitizer for Baby Bottles, Pacifiers, Pump Parts</p><p> -33% 0FF </p><p>$59.99</p><a href="https://www.amazon.com/dp/B09HH7HSGV?tag=eloabder-20&linkCode=osi&th=1&psc=1">View Product</a></div>
<div class="product"><a href="https://www.amazon.com/dp/B07G4KBQJ7?tag=eloabder-20&linkCode=osi&th=1&psc=1"><img src="https://m.media-amazon.com/images/I/41WM4mOjQiL._SL500_.jpg" alt="Product Image"></a><p>Evenflo Feeding Classic Tinted Plastic Standard Neck Bottles for Baby, Infant and Newborn, Pink/Lavender/Teal, 8 Ounce (Pack of 12)</p><p> -27% 0FF </p><p>$10.19</p><a href="https://www.amazon.com/dp/B07G4KBQJ7?tag=eloabder-20&linkCode=osi&th=1&psc=1">View Product</a></div><div class="product"><a href="https://www.amazon.com/dp/B00N9X4YZW?tag=eloabder-20&linkCode=osi&th=1&psc=1"><img src="https://m.media-amazon.com/images/I/51kDCJ8oQmL._SL500_.jpg" alt="Product Image"></a><p>Evenflo Feeding Classic Tinted Plastic Standard Neck Bottles for Baby, Infant and Newborn - Teal/Green/Blue, 8 Ounce (Pack of 12)</p><p> -31% 0FF </p><p>$9.68</p><a href="https://www.amazon.com/dp/B00N9X4YZW?tag=eloabder-20&linkCode=osi&th=1&psc=1">View Product</a></div><div class="product"><a href="https://www.amazon.com/dp/B07DCQKC33?tag=eloabder-20&linkCode=osi&th=1&psc=1"><img src="https://m.media-amazon.com/images/I/41jfe6zVMgL._SL500_.jpg" alt="Product Image"></a><p>Dr. Brown's Anti-Colic Baby Feeding Set with Slow Flow Nipples, Travel Caps, Silicone Pacifier - Pink</p><p> -20% 0FF </p><p>$18.41</p><a href="https://www.amazon.com/dp/B07DCQKC33?tag=eloabder-20&linkCode=osi&th=1&psc=1">View Product</a></div>
<div class="product"><a href="https://www.amazon.com/dp/B095F28Q6J?tag=eloabder-20&linkCode=osi&th=1&psc=1"><img src="https://m.media-amazon.com/images/I/311FVQReZOL._SL500_.jpg" alt="Product Image"></a><p>Baby Delight Alpine Deluxe Portable Bouncer, Infant, 0-6 Months, 100% GOTS Certified Cotton Fabrics, Organic Oat</p><p> -22% 0FF </p><p>$69.99</p><a href="https://www.amazon.com/dp/B095F28Q6J?tag=eloabder-20&linkCode=osi&th=1&psc=1">View Product</a></div><div class="product"><a href="https://www.amazon.com/dp/B0BLP5G5FJ?tag=eloabder-20&linkCode=osi&th=1&psc=1"><img src="https://m.media-amazon.com/images/I/41F7YHDOEGL._SL500_.jpg" alt="Product Image"></a><p>Bright Starts Playful Paradise Comfy Baby Bouncer Seat with Soothing Vibration and Toys, Unisex, 0-6 Months</p><p> -26% 0FF </p><p>$22.11</p><a href="https://www.amazon.com/dp/B0BLP5G5FJ?tag=eloabder-20&linkCode=osi&th=1&psc=1">View Product</a></div><div class="product"><a href="https://www.amazon.com/dp/B016DAWD3W?tag=eloabder-20&linkCode=osi&th=1&psc=1"><img src="https://m.media-amazon.com/images/I/31SssXA+BHL._SL500_.jpg" alt="Product Image"></a><p>BabyBjörn Bouncer Balance Soft, Cotton/Jersey, Dark Gray/Gray (005084US)</p><p> -14% 0FF </p><p>$179.99</p><a href="https://www.amazon.com/dp/B016DAWD3W?tag=eloabder-20&linkCode=osi&th=1&psc=1">View Product</a></div><div class="product"><a href="https://www.amazon.com/dp/B07C9ZR2VC?tag=eloabder-20&linkCode=osi&th=1&psc=1"><img src="https://m.media-amazon.com/images/I/41wSBC1+j4L._SL500_.jpg" alt="Product Image"></a><p>Smart Steps Trend EZ Bouncer, Bluebell</p><p> -45% 0FF </p><p>$29.99</p><a href="https://www.amazon.com/dp/B07C9ZR2VC?tag=eloabder-20&linkCode=osi&th=1&psc=1">View Product</a></div>
<div class="product"><a href="https://www.amazon.com/dp/B07XMN3SK6?tag=eloabder-20&linkCode=osi&th=1&psc=1"><img src="https://m.media-amazon.com/images/I/41bHS4nTJ2L._SL500_.jpg" alt="Product Image"></a><p>Infantino Flip 4-in-1 Carrier - Ergonomic for Newborns and Older Babies 8-32 lbs</p><p> -21% 0FF </p><p>$29.99</p><a href="https://www.amazon.com/dp/B07XMN3SK6?tag=eloabder-20&linkCode=osi&th=1&psc=1">View Product</a></div><div class="product"><a href="https://www.amazon.com/dp/B0743L6R1T?tag=eloabder-20&linkCode=osi&th=1&psc=1"><img src="https://m.media-amazon.com/images/I/31ZGsR+w+1L._SL500_.jpg" alt="Product Image"></a><p>Ergobaby Omni 360 All-Position Baby Carrier for Newborn to Toddler with Lumbar Support (7-45 Pounds), Pearl Grey, One Size (Pack of 1)</p><p> -39% 0FF </p><p>$110.00</p><a href="https://www.amazon.com/dp/B0743L6R1T?tag=eloabder-20&linkCode=osi&th=1&psc=1">View Product</a></div><div class="product"><a href="https://www.amazon.com/dp/B0CDQ1XH6W?tag=eloabder-20&linkCode=osi&th=1&psc=1"><img src="https://m.media-amazon.com/images/I/41kAV5NXZBL._SL500_.jpg" alt="Product Image"></a><p>Momcozy Baby Carrier Newborn to Toddler - Ergonomic, Cozy and Lightweight Infant Carrier for 7-44lbs, Effortless to Put On, Ideal for Hands-Free Parenting, Enhanced Lumbar Support, Leopard</p><p> -8% 0FF </p><p>$59.99</p><a href="https://www.amazon.com/dp/B0CDQ1XH6W?tag=eloabder-20&linkCode=osi&th=1&psc=1">View Product</a></div><div class="product"><a href="https://www.amazon.com/dp/B005SP2LWW?tag=eloabder-20&linkCode=osi&th=1&psc=1"><img src="https://m.media-amazon.com/images/I/31fYPOjdFrL._SL500_.jpg" alt="Product Image"></a><p>Boba Baby Wrap Carrier - Original Baby Carrier Wrap Sling for Newborns - Baby Wearing Essentials - Newborn Wrap Swaddle Holder, Newborn to Toddler Infant Sling (Grey)</p><p> -19% 0FF </p><p>$32.49</p><a href="https://www.amazon.com/dp/B005SP2LWW?tag=eloabder-20&linkCode=osi&th=1&psc=1">View Product</a></div><div class="product"><a href="https://www.amazon.com/dp/B098X8WS7Y?tag=eloabder-20&linkCode=osi&th=1&psc=1"><img src="https://m.media-amazon.com/images/I/41az3xS82UL._SL500_.jpg" alt="Product Image"></a><p>Momcozy Baby Wrap Carrier, Easy to Wear Infant Carrier Slings, Lightweight Hands Free Baby Sling, Adjustable Baby Carriers for Newborn to Toddler 8-35 lbs, Black</p><p> -28% 0FF </p><p>$32.99</p><a href="https://www.amazon.com/dp/B098X8WS7Y?tag=eloabder-20&linkCode=osi&th=1&psc=1">View Product</a></div>
<div class="product"><a href="https://www.amazon.com/dp/B01N3MYVZM?tag=eloabder-20&linkCode=osi&th=1&psc=1"><img src="https://m.media-amazon.com/images/I/41CLrlYJDnL._SL500_.jpg" alt="Product Image"></a><p>Graco SlimFit 3-in-1 Convertible Car Seat, Ultra-Space-Saving Design, Darcie, Suitable for Rear and Forward-Facing, Highback Booster Seat with 10-Position Headrest</p><p> -21% 0FF </p><p>$157.99</p><a href="https://www.amazon.com/dp/B01N3MYVZM?tag=eloabder-20&linkCode=osi&th=1&psc=1">View Product</a></div><div class="product"><a href="https://www.amazon.com/dp/B07J37RTPG?tag=eloabder-20&linkCode=osi&th=1&psc=1"><img src="https://m.media-amazon.com/images/I/41fGAx7LcGL._SL500_.jpg" alt="Product Image"></a><p>Graco 4Ever DLX 4-in-1 Car Seat, Grey, Infant to Toddler Car Seat, with 10 Years of Use, Rear-facing, Forward-facing and Booster Modes, Safe, Comfortable and Convenient</p><p> -7% 0FF </p><p>$279.00</p><a href="https://www.amazon.com/dp/B07J37RTPG?tag=eloabder-20&linkCode=osi&th=1&psc=1">View Product</a></div><div class="product"><a href="https://www.amazon.com/dp/B07R9H1JC9?tag=eloabder-20&linkCode=osi&th=1&psc=1"><img src="https://m.media-amazon.com/images/I/41NwO9xrBGL._SL500_.jpg" alt="Product Image"></a><p>Graco Grows4Me 4-in-1 Car Seat, Convertible Infant to Toddler Car Seat and Booster, West Point Design, for 10 Years of Safe, Comfortable Journeys</p><p> -29% 0FF </p><p>$199.99</p><a href="https://www.amazon.com/dp/B07R9H1JC9?tag=eloabder-20&linkCode=osi&th=1&psc=1">View Product</a></div>
<div class="product"><a href="https://www.amazon.com/dp/B08RN8G58P?tag=eloabder-20&linkCode=osi&th=1&psc=1"><img src="https://m.media-amazon.com/images/I/41Qid-FWhYL._SL500_.jpg" alt="Product Image"></a><p>Baby Portable Changing Pad Travel - Waterproof Compact Diaper Changing Mat with Built-in Pillow - Lightweight & Foldable Changing Station, Newborn Shower Gifts</p><p> -29% 0FF </p><p>$9.99</p><a href="https://www.amazon.com/dp/B08RN8G58P?tag=eloabder-20&linkCode=osi&th=1&psc=1">View Product</a></div><div class="product"><a href="https://www.amazon.com/dp/B089XVKJSL?tag=eloabder-20&linkCode=osi&th=1&psc=1"><img src="https://m.media-amazon.com/images/I/51qlzLJHUWL._SL500_.jpg" alt="Product Image"></a><p>Portable Diaper Changing Pad - Waterproof Foldable Baby Changing Mat - Travel Diaper Change Mat - Lightweight Changing Pads for Baby - Baby Changer - Machine Washable (Black Geo)</p><p> -7% 0FF </p><p>$12.96</p><a href="https://www.amazon.com/dp/B089XVKJSL?tag=eloabder-20&linkCode=osi&th=1&psc=1">View Product</a></div><div class="product"><a href="https://www.amazon.com/dp/B08PH9Y6QS?tag=eloabder-20&linkCode=osi&th=1&psc=1"><img src="https://m.media-amazon.com/images/I/21cBsus1AHL._SL500_.jpg" alt="Product Image"></a><p>Regalo Baby Basics Infant Changing Pad, White , 31x16x4 Inch (Pack of 1)</p><p> -33% 0FF </p><p>$19.99</p><a href="https://www.amazon.com/dp/B08PH9Y6QS?tag=eloabder-20&linkCode=osi&th=1&psc=1">View Product</a></div>
<div class="product"><a href="https://www.amazon.com/dp/B07GFNVLS2?tag=eloabder-20&linkCode=osi&th=1&psc=1"><img src="https://m.media-amazon.com/images/I/31T-p4V5gsL._SL500_.jpg" alt="Product Image"></a><p>Gerber Unisex Baby Multi-Pack Long-Sleeve Onesies Bodysuit Mitten Cuff Sizes 6-Pack Mitten Cuff 0-3 Months</p><p> -12% 0FF </p><p>$15.81</p><a href="https://www.amazon.com/dp/B07GFNVLS2?tag=eloabder-20&linkCode=osi&th=1&psc=1">View Product</a></div><div class="product"><a href="https://www.amazon.com/dp/B0CP3NQCN3?tag=eloabder-20&linkCode=osi&th=1&psc=1"><img src="https://m.media-amazon.com/images/I/41MpsB3rYcL._SL500_.jpg" alt="Product Image"></a><p>Kaipiclos Newborn Infant Girl Clothes Rib Knit Romper Daisy Print Pants Headband Baby Clothes for Girls 0 3 6 12 18 24 Months</p><p> -10% 0FF </p><p>$14.99</p><a href="https://www.amazon.com/dp/B0CP3NQCN3?tag=eloabder-20&linkCode=osi&th=1&psc=1">View Product</a></div><div class="product"><a href="https://www.amazon.com/dp/B0D88Z7VLZ?tag=eloabder-20&linkCode=osi&th=1&psc=1"><img src="https://m.media-amazon.com/images/I/41Au0yzblbL._SL500_.jpg" alt="Product Image"></a><p>Burt's Bees Baby Baby Boys Pajamas, Sleep and Play Loose Fit, 100% Organic Cotton, Soft One-piece PJs, Diagonal Zip Up Jumpsuit Newborn Essentials with Interior Zipper Guard in sizes NB to 6-9 Months</p><p> -49% 0FF </p><p>$7.60</p><a href="https://www.amazon.com/dp/B0D88Z7VLZ?tag=eloabder-20&linkCode=osi&th=1&psc=1">View Product</a></div>
<div class="product"><a href="https://www.amazon.com/dp/B002FQK8IQ?tag=eloabder-20&linkCode=osi&th=1&psc=1"><img src="https://m.media-amazon.com/images/I/41WTSrhkJ4L._SL500_.jpg" alt="Product Image"></a><p>Safety 1st Easy Grip Brush and Comb, Colors May Vary</p><p> -23% 0FF </p><p>$4.59</p><a href="https://www.amazon.com/dp/B002FQK8IQ?tag=eloabder-20&linkCode=osi&th=1&psc=1">View Product</a></div><div class="product"><a href="https://www.amazon.com/dp/B07T16DQ31?tag=eloabder-20&linkCode=osi&th=1&psc=1"><img src="https://m.media-amazon.com/images/I/41Grt+V3Q7L._SL500_.jpg" alt="Product Image"></a><p>Frida Baby The 3-Step Cradle Cap System, DermaFrida The FlakeFixer, Sponge, Brush, Comb and Storage Stand for Babies with Cradle Cap, White-Blue</p><p> -15% 0FF </p><p>$14.44</p><a href="https://www.amazon.com/dp/B07T16DQ31?tag=eloabder-20&linkCode=osi&th=1&psc=1">View Product</a></div>
<div class="product"><a href="https://www.amazon.com/dp/B071K5T5Q2?tag=eloabder-20&linkCode=osi&th=1&psc=1"><img src="https://m.media-amazon.com/images/I/21rvQFmQBLL._SL500_.jpg" alt="Product Image"></a><p>The Honest Company Silicone-Free Conditioner | Gentle for Baby | Naturally Derived, Tear-free, Hypoallergenic | Fragrance Free Sensitive, 10 fl oz</p><p> -16% 0FF </p><p>$10.10 ($1.01 / Fl Oz)</p><a href="https://www.amazon.com/dp/B071K5T5Q2?tag=eloabder-20&linkCode=osi&th=1&psc=1">View Product</a></div><div class="product"><a href="https://www.amazon.com/dp/B07DGJ57P7?tag=eloabder-20&linkCode=osi&th=1&psc=1"><img src="https://m.media-amazon.com/images/I/31AEfjD6FyL._SL500_.jpg" alt="Product Image"></a><p>Johnson's Baby No More Tangles 2-in-1 Detangling Hair Shampoo & Conditioner for Kids & Toddlers, Gentle & Tear-Free, Hypoallergenic & Free of Parabens, Phthalates, Sulfates & Dyes, 20.3 fl. oz</p><p> -7% 0FF </p><p>$6.29 ($0.31 / Fl Oz)</p><a href="https://www.amazon.com/dp/B07DGJ57P7?tag=eloabder-20&linkCode=osi&th=1&psc=1">View Product</a></div><div class="product"><a href="https://www.amazon.com/dp/B07S89SL7D?tag=eloabder-20&linkCode=osi&th=1&psc=1"><img src="https://m.media-amazon.com/images/I/313C69-mF6L._SL500_.jpg" alt="Product Image"></a><p>Johnson's Baby Curl Defining Tear-Free Kids' Leave-in Conditioner with Shea Butter, Paraben-, Sulfate- & Dye-Free Formula, Hypoallergenic & Gentle for Toddlers' Hair, 6.8 fl. Oz</p><p> -28% 0FF </p><p>$6.11 ($0.90 / Fl Oz)</p><a href="https://www.amazon.com/dp/B07S89SL7D?tag=eloabder-20&linkCode=osi&th=1&psc=1">View Product</a></div><div class="product"><a href="https://www.amazon.com/dp/B07S7BPB2Q?tag=eloabder-20&linkCode=osi&th=1&psc=1"><img src="https://m.media-amazon.com/images/I/31DemfdZoNL._SL500_.jpg" alt="Product Image"></a><p>Johnson's Baby Shiny & Soft Tear-Free Kids' Hair Conditioning Spray with Argan Oil & Silk Proteins, Paraben, Sulfate & Dye-Free Formula, Hypoallergenic & Gentle for Toddlers, 10 Fl Oz</p><p> -33% 0FF </p><p>$5.66 ($0.57 / Fl Oz)</p><a href="https://www.amazon.com/dp/B07S7BPB2Q?tag=eloabder-20&linkCode=osi&th=1&psc=1">View Product</a></div><div class="product"><a href="https://www.amazon.com/dp/B0CJP91HN7?tag=eloabder-20&linkCode=osi&th=1&psc=1"><img src="https://m.media-amazon.com/images/I/41Z4G7wsFWL._SL500_.jpg" alt="Product Image"></a><p>ECOLATIÈR Kids Hair Balm Easy Detangling 3+ - Toddler Hair Conditioner, Tear-Free, 96.8% Natural, Vegan, Strengthens & Softens Kids' Hair, No Irritation - 8.5 Fl Oz</p><p> -14% 0FF </p><p>$9.49 ($1.12 / Ounce)</p><a href="https://www.amazon.com/dp/B0CJP91HN7?tag=eloabder-20&linkCode=osi&th=1&psc=1">View Product</a></div>
<div class="product"><a href="https://www.amazon.com/dp/B07Y3WQHZ6?tag=eloabder-20&linkCode=osi&th=1&psc=1"><img src="https://m.media-amazon.com/images/I/41Ai-kbx6LL._SL500_.jpg" alt="Product Image"></a><p>Delta Children Essex 4-in-1 Convertible Baby Crib, Bianca White with Natural Legs</p><p> -34% 0FF </p><p>$145.96</p><a href="https://www.amazon.com/dp/B07Y3WQHZ6?tag=eloabder-20&linkCode=osi&th=1&psc=1">View Product</a></div><div class="product"><a href="https://www.amazon.com/dp/B00LFP61PW?tag=eloabder-20&linkCode=osi&th=1&psc=1"><img src="https://m.media-amazon.com/images/I/41jj-ehw-vL._SL500_.jpg" alt="Product Image"></a><p>Graco Benton 5-in-1 Convertible Crib (White) – GREENGUARD Gold Certified, Converts from Baby Crib to Toddler Bed, Daybed and Full-Size Bed, Fits Standard Full-Size Crib Mattress</p><p> -20% 0FF </p><p>$159.99</p><a href="https://www.amazon.com/dp/B00LFP61PW?tag=eloabder-20&linkCode=osi&th=1&psc=1">View Product</a></div><div class="product"><a href="https://www.amazon.com/dp/B00EANJX5Q?tag=eloabder-20&linkCode=osi&th=1&psc=1"><img src="https://m.media-amazon.com/images/I/41+kxqP4icL._SL500_.jpg" alt="Product Image"></a><p>Dream On Me Synergy 5-In-1 Convertible Crib In White, Greenguard Gold Certified</p><p> -31% 0FF </p><p>$137.20</p><a href="https://www.amazon.com/dp/B00EANJX5Q?tag=eloabder-20&linkCode=osi&th=1&psc=1">View Product</a></div><div class="product"><a href="https://www.amazon.com/dp/B08D4N5RKW?tag=eloabder-20&linkCode=osi&th=1&psc=1"><img src="https://m.media-amazon.com/images/I/41sUNWg3sBL._SL500_.jpg" alt="Product Image"></a><p>Graco Hadley 5-in-1 Convertible Crib and Changer with Drawer (White) – GREENGUARD Gold Certified, Crib and Changing -Table Combo with Drawer, Includes Baby Changing Pad, Converts to Full-Size Bed</p><p> -18% 0FF </p><p>$359.99</p><a href="https://www.amazon.com/dp/B08D4N5RKW?tag=eloabder-20&linkCode=osi&th=1&psc=1">View Product</a></div><div class="product"><a href="https://www.amazon.com/dp/B08PMJBN33?tag=eloabder-20&linkCode=osi&th=1&psc=1"><img src="https://m.media-amazon.com/images/I/416ZYsREZOL._SL500_.jpg" alt="Product Image"></a><p>Oxford Baby North Bay 4-in-1 Convertible Baby Crib, Dove Gray, GreenGuard Gold Certified</p><p> -18% 0FF </p><p>$188.09</p><a href="https://www.amazon.com/dp/B08PMJBN33?tag=eloabder-20&linkCode=osi&th=1&psc=1">View Product</a></div><div class="product"><a href="https://www.amazon.com/dp/B078WTVBVW?tag=eloabder-20&linkCode=osi&th=1&psc=1"><img src="https://m.media-amazon.com/images/I/41NpHX4YnfL._SL500_.jpg" alt="Product Image"></a><p>Dream On Me Jayden 4-in-1 Mini Convertible Crib And Changer in Storm Grey, Greenguard Gold Certified, Non-Toxic Finish, New Zealand Pinewood, 1" Mattress Pad</p><p> -35% 0FF </p><p>$259.99</p><a href="https://www.amazon.com/dp/B078WTVBVW?tag=eloabder-20&linkCode=osi&th=1&psc=1">View Product</a></div>
<div class="product"><a href="https://www.amazon.com/dp/B01M4QMQ4B?tag=eloabder-20&linkCode=osi&th=1&psc=1"><img src="https://m.media-amazon.com/images/I/317ardc5Y-L._SL500_.jpg" alt="Product Image"></a><p>The Honest Company 2-in-1 Cleansing Shampoo + Body Wash | Gentle for Baby | Naturally Derived, Tear-free, Hypoallergenic | Lavender Calm, 10 fl oz</p><p> -8% 0FF </p><p>$10.99 ($1.10 / Fl Oz)</p><a href="https://www.amazon.com/dp/B01M4QMQ4B?tag=eloabder-20&linkCode=osi&th=1&psc=1">View Product</a></div><div class="product"><a href="https://www.amazon.com/dp/B09MVMNW5M?tag=eloabder-20&linkCode=osi&th=1&psc=1"><img src="https://m.media-amazon.com/images/I/41GDxpQsmOL._SL500_.jpg" alt="Product Image"></a><p>Cetaphil Baby Wash & Shampoo, 13.5oz Pack of 2, Hypoallergenic, Gentle Enough for Everyday Use, Soap Free</p><p> -10% 0FF </p><p>$16.99</p><a href="https://www.amazon.com/dp/B09MVMNW5M?tag=eloabder-20&linkCode=osi&th=1&psc=1">View Product</a></div><div class="product"><a href="https://www.amazon.com/dp/B0CZY44GD2?tag=eloabder-20&linkCode=osi&th=1&psc=1"><img src="https://m.media-amazon.com/images/I/31Gh3bZjFXL._SL500_.jpg" alt="Product Image"></a><p>Aveeno Baby Healthy Start Nourishing Newborn Wash, Hypoallergenic Baby Body Wash with Prebiotic Oat Gently Cleanses Delicate Newborn Skin, Fragrance-Free, Tear-Free, Paraben-Free, 8 fl. oz</p><p> -21% 0FF </p><p>$7.01 ($0.88 / Fl Oz)</p><a href="https://www.amazon.com/dp/B0CZY44GD2?tag=eloabder-20&linkCode=osi&th=1&psc=1">View Product</a></div>
<div class="product"><a href="https://www.amazon.com/dp/B07M6FL57T?tag=eloabder-20&linkCode=osi&th=1&psc=1"><img src="https://m.media-amazon.com/images/I/51iE4BjVpYL._SL500_.jpg" alt="Product Image"></a><p>Huggies Newborn Diapers, Little Snugglers Baby Diapers, Size Newborn (up to 10 lbs), 31 Count</p><p> -19% 0FF </p><p>$9.94 ($0.32 / Count)</p><a href="https://www.amazon.com/dp/B07M6FL57T?tag=eloabder-20&linkCode=osi&th=1&psc=1">View Product</a></div><div class="product"><a href="https://www.amazon.com/dp/B0CHGCDYJJ?tag=eloabder-20&linkCode=osi&th=1&psc=1"><img src="https://m.media-amazon.com/images/I/41csgXalIEL._SL500_.jpg" alt="Product Image"></a><p>Huggies Size Newborn Diapers, Skin Essentials Baby Diapers, Size Newborn (6-9 lbs), 31 Count</p><p> -19% 0FF </p><p>$9.94 ($0.32 / Count)</p><a href="https://www.amazon.com/dp/B0CHGCDYJJ?tag=eloabder-20&linkCode=osi&th=1&psc=1">View Product</a></div><div class="product"><a href="https://www.amazon.com/dp/B082QBHW74?tag=eloabder-20&linkCode=osi&th=1&psc=1"><img src="https://m.media-amazon.com/images/I/41z+Jw1td2L._SL500_.jpg" alt="Product Image"></a><p>Pampers Pure Protection Diapers Newborn - Size 0, 76 Count, Hypoallergenic Premium Disposable Baby Diapers</p><p> -19% 0FF </p><p>$22.79 ($0.30 / Count)</p><a href="https://www.amazon.com/dp/B082QBHW74?tag=eloabder-20&linkCode=osi&th=1&psc=1">View Product</a></div><div class="product"><a href="https://www.amazon.com/dp/B07M6FL9V2?tag=eloabder-20&linkCode=osi&th=1&psc=1"><img src="https://m.media-amazon.com/images/I/51JPrk+N-RL._SL500_.jpg" alt="Product Image"></a><p>Huggies Size 4 Diapers, Little Movers Baby Diapers, Size 4 (22-37 lbs), 22 Count (Packaging May Vary)</p><p> -19% 0FF </p><p>$9.94 ($0.45 / Count)</p><a href="https://www.amazon.com/dp/B07M6FL9V2?tag=eloabder-20&linkCode=osi&th=1&psc=1">View Product</a></div><div class="product"><a href="https://www.amazon.com/dp/B07T2QM32L?tag=eloabder-20&linkCode=osi&th=1&psc=1"><img src="https://m.media-amazon.com/images/I/41w5IxTMsnL._SL500_.jpg" alt="Product Image"></a><p>Amazon Brand - Mama Bear Gentle Touch Diapers, Hypoallergenic, Size 6, 27 Count, White</p><p> -10% 0FF </p><p>$11.32</p><a href="https://www.amazon.com/dp/B07T2QM32L?tag=eloabder-20&linkCode=osi&th=1&psc=1">View Product</a></div>
<div class="product"><a href="https://www.amazon.com/dp/B001OC5UMQ?tag=eloabder-20&linkCode=osi&th=1&psc=1"><img src="https://m.media-amazon.com/images/I/413nT5TZ9sL._SL500_.jpg" alt="Product Image"></a><p>Regalo Easy Step 38.5-Inch Wide Walk Thru Baby Gate, Includes 6-Inch Extension Kit, Pressure Mount Kit, Wall Cups</p><p> -22% 0FF </p><p>$34.99</p><a href="https://www.amazon.com/dp/B001OC5UMQ?tag=eloabder-20&linkCode=osi&th=1&psc=1">View Product</a></div><div class="product"><a href="https://www.amazon.com/dp/B075XQ2XYV?tag=eloabder-20&linkCode=osi&th=1&psc=1"><img src="https://m.media-amazon.com/images/I/51+9Fa+FH3L._SL500_.jpg" alt="Product Image"></a><p>Evenflo Position & Lock Baby Gate, Pressure-Mounted, Farmhouse Collection</p><p> -9% 0FF </p><p>$19.98</p><a href="https://www.amazon.com/dp/B075XQ2XYV?tag=eloabder-20&linkCode=osi&th=1&psc=1">View Product</a></div><div class="product"><a href="https://www.amazon.com/dp/B01BTUNHSQ?tag=eloabder-20&linkCode=osi&th=1&psc=1"><img src="https://m.media-amazon.com/images/I/31nuC-O3n9L._SL500_.jpg" alt="Product Image"></a><p>Safety 1st Easy Install 28" High Walk Thru Gate, Fits Between 29" and 38"</p><p> -10% 0FF </p><p>$44.99</p><a href="https://www.amazon.com/dp/B01BTUNHSQ?tag=eloabder-20&linkCode=osi&th=1&psc=1">View Product</a></div><div class="product"><a href="https://www.amazon.com/dp/B07WFZSW72?tag=eloabder-20&linkCode=osi&th=1&psc=1"><img src="https://m.media-amazon.com/images/I/41nc627IqxL._SL500_.jpg" alt="Product Image"></a><p>Cumbor 29.7-46" Baby Gate for Stairs, Mom's Choice Awards Winner-Auto Close Dog Gate for the House, Easy Install Pressure Mounted Pet Gates for Doorways, Easy Walk Thru Wide Safety Gate for Dog, Black</p><p> -10% 0FF </p><p>$89.99</p><a href="https://www.amazon.com/dp/B07WFZSW72?tag=eloabder-20&linkCode=osi&th=1&psc=1">View Product</a></div><div class="product"><a href="https://www.amazon.com/dp/B09F36M2T5?tag=eloabder-20&linkCode=osi&th=1&psc=1"><img src="https://m.media-amazon.com/images/I/416tulkEC2L._SL500_.jpg" alt="Product Image"></a><p>COMOMY 36" Extra Tall Baby Gate for Stairs Doorways, Fits Openings 29.5" to 48.8" Wide, Auto Close Extra Wide Dog Gate for House, Pressure Mounted Easy Walk Through Pet Gate with Door, Black</p><p> -13% 0FF </p><p>$69.99</p><a href="https://www.amazon.com/dp/B09F36M2T5?tag=eloabder-20&linkCode=osi&th=1&psc=1">View Product</a></div><div class="product"><a href="https://www.amazon.com/dp/B01EMK5JQI?tag=eloabder-20&linkCode=osi&th=1&psc=1"><img src="https://m.media-amazon.com/images/I/417uxACGTTL._SL500_.jpg" alt="Product Image"></a><p>Regalo Easy Step 49-Inch Extra Wide Baby Gate, Includes 4-Inch and 12-Inch Extension Kit, 4 Pack of Pressure Mount Kit and 4 Pack of Wall Mount Kit, Black</p><p> -20% 0FF </p><p>$39.99</p><a href="https://www.amazon.com/dp/B01EMK5JQI?tag=eloabder-20&linkCode=osi&th=1&psc=1">View Product</a></div><div class="product"><a href="https://www.amazon.com/dp/B07JGDGG23?tag=eloabder-20&linkCode=osi&th=1&psc=1"><img src="https://m.media-amazon.com/images/I/51eFFFBIYUL._SL500_.jpg" alt="Product Image"></a><p>Toddleroo by North States Superyard 6 Panel Baby Play Yard. Playpen or Extra Wide Baby Gate, Wall Mount Kit Included. Made in USA. 38.5" - 201" wide, 5.5 ft corner to corner play yard (26" tall, Gray)</p><p> -29% 0FF </p><p>$61.46</p><a href="https://www.amazon.com/dp/B07JGDGG23?tag=eloabder-20&linkCode=osi&th=1&psc=1">View Product</a></div>
<div class="product"><a href="https://www.amazon.com/dp/B0D8J8RGMN?tag=eloabder-20&linkCode=osi&th=1&psc=1"><img src="https://m.media-amazon.com/images/I/51IQYrOgXVL._SL500_.jpg" alt="Product Image"></a><p>3 Pack Baby Beanie Hats with Earflaps, 2 Size Baby Winter Hat for Newborn Infant Toddler Kids Children with Cute Smiley Face, Soft Warm Fleece Lined Knit Hat for Girls Boys-01</p><p> -47% 0FF </p><p>$15.99</p><a href="https://www.amazon.com/dp/B0D8J8RGMN?tag=eloabder-20&linkCode=osi&th=1&psc=1">View Product</a></div><div class="product"><a href="https://www.amazon.com/dp/B08V4HJF5T?tag=eloabder-20&linkCode=osi&th=1&psc=1"><img src="https://m.media-amazon.com/images/I/41JnGlILpnL._SL500_.jpg" alt="Product Image"></a><p>6 Pieces Newborn Baby Hat Bear Ears Infant Caps Baby Boy Girl Toddler Hats Infant Beanie Caps for 0-3 Months (Black White, Black, Navy Blue, Black Gray, Gray, White,Classic)</p><p> -8% 0FF </p><p>$11.99</p><a href="https://www.amazon.com/dp/B08V4HJF5T?tag=eloabder-20&linkCode=osi&th=1&psc=1">View Product</a></div><div class="product"><a href="https://www.amazon.com/dp/B091D4KRJS?tag=eloabder-20&linkCode=osi&th=1&psc=1"><img src="https://m.media-amazon.com/images/I/41IspZQwuhL._SL500_.jpg" alt="Product Image"></a><p>Baby Boy Sun Hat Bucket Hats for Toddler 6-12,12-24 months</p><p> -20% 0FF </p><p>$14.39</p><a href="https://www.amazon.com/dp/B091D4KRJS?tag=eloabder-20&linkCode=osi&th=1&psc=1">View Product</a></div>
<div class="product"><a href="https://www.amazon.com/dp/B07BVN1YMN?tag=eloabder-20&linkCode=osi&th=1&psc=1"><img src="https://m.media-amazon.com/images/I/41+i0x5p4TL._SL500_.jpg" alt="Product Image"></a><p>Baby Trend Tot Spot 3-in-1 High Chair, Bluebell</p><p> -40% 0FF </p><p>$59.99</p><a href="https://www.amazon.com/dp/B07BVN1YMN?tag=eloabder-20&linkCode=osi&th=1&psc=1">View Product</a></div><div class="product"><a href="https://www.amazon.com/dp/B01JRY07BQ?tag=eloabder-20&linkCode=osi&th=1&psc=1"><img src="https://m.media-amazon.com/images/I/41zyGMxJY0L._SL500_.jpg" alt="Product Image"></a><p>Cosco Simple Fold High Chair, Comet</p><p> -23% 0FF </p><p>$49.99</p><a href="https://www.amazon.com/dp/B01JRY07BQ?tag=eloabder-20&linkCode=osi&th=1&psc=1">View Product</a></div><div class="product"><a href="https://www.amazon.com/dp/B017VNNWXA?tag=eloabder-20&linkCode=osi&th=1&psc=1"><img src="https://m.media-amazon.com/images/I/41VGIO1sPhL._SL500_.jpg" alt="Product Image"></a><p>Cosco Simple Fold Deluxe High Chair with 3-Position Tray, Monster Syd</p><p> -17% 0FF </p><p>$49.99</p><a href="https://www.amazon.com/dp/B017VNNWXA?tag=eloabder-20&linkCode=osi&th=1&psc=1">View Product</a></div><div class="product"><a href="https://www.amazon.com/dp/B089PKYWJ8?tag=eloabder-20&linkCode=osi&th=1&psc=1"><img src="https://m.media-amazon.com/images/I/31MgSLR6W8L._SL500_.jpg" alt="Product Image"></a><p>Dream On Me Portable 2-in-1 Tabletalk High Chair, Convertible Compact High Chair, Light Weight Portable Highchair, Aqua</p><p> -45% 0FF </p><p>$55.13</p><a href="https://www.amazon.com/dp/B089PKYWJ8?tag=eloabder-20&linkCode=osi&th=1&psc=1">View Product</a></div><div class="product"><a href="https://www.amazon.com/dp/B0CPXDDPDY?tag=eloabder-20&linkCode=osi&th=1&psc=1"><img src="https://m.media-amazon.com/images/I/41qNrW3wklL._SL500_.jpg" alt="Product Image"></a><p>Fodoss 3-in-1 Wooden High Chair for Babies and Toddlers,Convertible Easy Clean Infant Highchair,Silla Modern Design para Comer De Bebe</p><p> -10% 0FF </p><p>$80.98</p><a href="https://www.amazon.com/dp/B0CPXDDPDY?tag=eloabder-20&linkCode=osi&th=1&psc=1">View Product</a></div>
<div class="product"><a href="https://www.amazon.com/dp/B0BG7B1GHP?tag=eloabder-20&linkCode=osi&th=1&psc=1"><img src="https://m.media-amazon.com/images/I/51MRfMlZsSL._SL500_.jpg" alt="Product Image"></a><p>Yoofoss Hooded Baby Towels for Newborn 2 Pack 100% Muslin Cotton Baby Bath Towel with Hood for Babies, Infant, Toddler and Kids, Large 32x32Inch, Soft and Absorbent Newborn Essential</p><p> -20% 0FF </p><p>$15.99</p><a href="https://www.amazon.com/dp/B0BG7B1GHP?tag=eloabder-20&linkCode=osi&th=1&psc=1">View Product</a></div><div class="product"><a href="https://www.amazon.com/dp/B0C6RKZLXW?tag=eloabder-20&linkCode=osi&th=1&psc=1"><img src="https://m.media-amazon.com/images/I/51HX88nmMOL._SL500_.jpg" alt="Product Image"></a><p>Gerber Baby 4 Piece Animal Character Hooded Towel and Washcloth Set, Brown Lion, One Size</p><p> -49% 0FF </p><p>$9.24</p><a href="https://www.amazon.com/dp/B0C6RKZLXW?tag=eloabder-20&linkCode=osi&th=1&psc=1">View Product</a></div><div class="product"><a href="https://www.amazon.com/dp/B0CKXKR1RV?tag=eloabder-20&linkCode=osi&th=1&psc=1"><img src="https://m.media-amazon.com/images/I/41PjOK7YCBL._SL500_.jpg" alt="Product Image"></a><p>Momcozy Baby Hooded Towel, 2 Pack Baby Towel Set, Super Soft Bath Towel with Original Design, Shower Gifts for Infant, Toddler (28 X 28 Inch, Lemon Leaves)</p><p> -19% 0FF </p><p>$21.99</p><a href="https://www.amazon.com/dp/B0CKXKR1RV?tag=eloabder-20&linkCode=osi&th=1&psc=1">View Product</a></div><div class="product"><a href="https://www.amazon.com/dp/B00X21O4L0?tag=eloabder-20&linkCode=osi&th=1&psc=1"><img src="https://m.media-amazon.com/images/I/51fEvVAVyfL._SL500_.jpg" alt="Product Image"></a><p>Luvable Friends Unisex Baby Hooded Towel with Five Washcloths, Boy Fox, One Size</p><p> -17% 0FF </p><p>$9.99</p><a href="https://www.amazon.com/dp/B00X21O4L0?tag=eloabder-20&linkCode=osi&th=1&psc=1">View Product</a></div>
<div class="product"><a href="https://www.amazon.com/dp/B07DGKXBD7?tag=eloabder-20&linkCode=osi&th=1&psc=1"><img src="https://m.media-amazon.com/images/I/31FyDL3570L._SL500_.jpg" alt="Product Image"></a><p>Johnson's Moisturizing Mild Pink Baby Lotion with Coconut Oil for Delicate Baby Skin, Paraben-, Phthalate- & Dye-Free, Hypoallergenic & Dermatologist-Tested, Baby Skin Care, 27.1 Fl. Oz</p><p> -33% 0FF </p><p>$7.19 ($0.27 / Fl Oz)</p><a href="https://www.amazon.com/dp/B07DGKXBD7?tag=eloabder-20&linkCode=osi&th=1&psc=1">View Product</a></div><div class="product"><a href="https://www.amazon.com/dp/B00JF3RYPM?tag=eloabder-20&linkCode=osi&th=1&psc=1"><img src="https://m.media-amazon.com/images/I/31n9VJQSijL._SL500_.jpg" alt="Product Image"></a><p>CeraVe Baby Lotion | Gentle Baby Skin Care with Ceramides, Niacinamide & Vitamin E | Fragrance, Paraben, Dye & Phthalates Free | Lightweight Baby Moisturizer | 8 Ounce | Packaging May Vary</p><p> -10% 0FF </p><p>$8.97 ($1.12 / Fl Oz)</p><a href="https://www.amazon.com/dp/B00JF3RYPM?tag=eloabder-20&linkCode=osi&th=1&psc=1">View Product</a></div><div class="product"><a href="https://www.amazon.com/dp/B094RH4GHC?tag=eloabder-20&linkCode=osi&th=1&psc=1"><img src="https://m.media-amazon.com/images/I/31xi7tuBJAL._SL500_.jpg" alt="Product Image"></a><p>Johnson's Baby Moisturizing Mild Pink Baby Lotion with Coconut Oil for Delicate Baby Skin, Paraben-, Phthalate- & Dye-Free, Hypoallergenic & Dermatologist-Tested, Baby Skin Care, 13.6 Fl. Oz</p><p> -34% 0FF </p><p>$4.49 ($0.33 / Fl Oz)</p><a href="https://www.amazon.com/dp/B094RH4GHC?tag=eloabder-20&linkCode=osi&th=1&psc=1">View Product</a></div><div class="product"><a href="https://www.amazon.com/dp/B0030UF6EW?tag=eloabder-20&linkCode=osi&th=1&psc=1"><img src="https://m.media-amazon.com/images/I/31RKFp5lxLL._SL500_.jpg" alt="Product Image"></a><p>Aveeno Baby Daily Moisture Body Lotion for Sensitive Skin, Hypoallergenic Moisturizing Baby Lotion with Nourishing Oatmeal to Deeply Moisturize Baby's Skin, Fragrance-Free, 18 fl. oz</p><p> -32% 0FF </p><p>$11.06</p><a href="https://www.amazon.com/dp/B0030UF6EW?tag=eloabder-20&linkCode=osi&th=1&psc=1">View Product</a></div><div class="product"><a href="https://www.amazon.com/dp/B00U2VQW72?tag=eloabder-20&linkCode=osi&th=1&psc=1"><img src="https://m.media-amazon.com/images/I/31nMuDcXtPL._SL500_.jpg" alt="Product Image"></a><p>Aveeno Baby Calming Comfort Moisturizing Body Lotion with Relaxing Lavender & Vanilla Scents, Non-Greasy Baby Lotion, Nourishing Prebiotic Oatmeal, Paraben- & Phthalate-Free, 18 fl. oz</p><p> -29% 0FF </p><p>$11.69 ($0.65 / Fl Oz)</p><a href="https://www.amazon.com/dp/B00U2VQW72?tag=eloabder-20&linkCode=osi&th=1&psc=1">View Product</a></div><div class="product"><a href="https://www.amazon.com/dp/B07DGL23H4?tag=eloabder-20&linkCode=osi&th=1&psc=1"><img src="https://m.media-amazon.com/images/I/31YO49z1TsL._SL500_.jpg" alt="Product Image"></a><p>Johnson's Moisturizing Bedtime Baby Lotion with Coconut Oil & NaturalCalm Aromas to Help Relax Baby, Hypoallergenic & Free of Parabens, Phthalates & Dyes, Mild Baby Skin Care, 27.1 fl. oz</p><p> -36% 0FF </p><p>$9.50 ($0.35 / Fl Oz)</p><a href="https://www.amazon.com/dp/B07DGL23H4?tag=eloabder-20&linkCode=osi&th=1&psc=1">View Product</a></div><div class="product"><a href="https://www.amazon.com/dp/B01A59VMSO?tag=eloabder-20&linkCode=osi&th=1&psc=1"><img src="https://m.media-amazon.com/images/I/31P-2Bf0eYL._SL500_.jpg" alt="Product Image"></a><p>Eucerin Baby Body Lotion, Hypoallergenic and Fragrance Free Baby Lotion, Baby Moisturizer with Pro-Vitamin B5 and Shea Butter, 13.5 Fl Oz Bottle</p><p> -17% 0FF </p><p>$9.78 ($0.72 / Fl Oz)</p><a href="https://www.amazon.com/dp/B01A59VMSO?tag=eloabder-20&linkCode=osi&th=1&psc=1">View Product</a></div><div class="product"><a href="https://www.amazon.com/dp/B07DGKXBDD?tag=eloabder-20&linkCode=osi&th=1&psc=1"><img src="https://m.media-amazon.com/images/I/31IvagYz0ML._SL500_.jpg" alt="Product Image"></a><p>Johnson's Baby CottonTouch Newborn Baby Face and Body Lotion, Hypoallergenic and Paraben-Free Moisturization for Baby's Sensitive Skin, Made with Real Cotton, 27.1 fl. oz</p><p> -37% 0FF </p><p>$9.35 ($0.35 / Fl Oz)</p><a href="https://www.amazon.com/dp/B07DGKXBDD?tag=eloabder-20&linkCode=osi&th=1&psc=1">View Product</a></div>
<div class="product"><a href="https://www.amazon.com/dp/B08HSNXSM6?tag=eloabder-20&linkCode=osi&th=1&psc=1"><img src="https://m.media-amazon.com/images/I/4193Km1SQcL._SL500_.jpg" alt="Product Image"></a><p>The Peanutshell Crib Mobile for Boys or Girls - White Musical Baby Crib Mobile with 12 Lullabies, Jungle Animal, Baby Mobile Crib Safari Animals Nursery Decor</p><p> -11% 0FF </p><p>$39.99</p><a href="https://www.amazon.com/dp/B08HSNXSM6?tag=eloabder-20&linkCode=osi&th=1&psc=1">View Product</a></div><div class="product"><a href="https://www.amazon.com/dp/B088TCNZ52?tag=eloabder-20&linkCode=osi&th=1&psc=1"><img src="https://m.media-amazon.com/images/I/41Nuh1UJwkL._SL500_.jpg" alt="Product Image"></a><p>EVERLOVE Montessori Mobile Baby for Crib (TINITIGIES) - Black and White Mobile Give Visual Stimulation to Engage Your Newborn - Baby Crib Mobile for Boys & Girls - Baby Mobile for Crib</p><p> -12% 0FF </p><p>$37.99</p><a href="https://www.amazon.com/dp/B088TCNZ52?tag=eloabder-20&linkCode=osi&th=1&psc=1">View Product</a></div><div class="product"><a href="https://www.amazon.com/dp/B07DM86Z43?tag=eloabder-20&linkCode=osi&th=1&psc=1"><img src="https://m.media-amazon.com/images/I/41wBVQgCTUL._SL500_.jpg" alt="Product Image"></a><p>Baby Einstein Sea Dreams Soother Musical Crib Toy and Sound Machine, Newborn and up</p><p> -15% 0FF </p><p>$33.90</p><a href="https://www.amazon.com/dp/B07DM86Z43?tag=eloabder-20&linkCode=osi&th=1&psc=1">View Product</a></div><div class="product"><a href="https://www.amazon.com/dp/B0B38G1MBD?tag=eloabder-20&linkCode=osi&th=1&psc=1"><img src="https://m.media-amazon.com/images/I/51ES4bHBHqL._SL500_.jpg" alt="Product Image"></a><p>Eners Baby Crib Mobile with Music and Lights, Mobile for Crib with Remote Control, Rotation, Moon and Star Projection, Baby Crib Toys for Boys Girls (Blue)</p><p> -6% 0FF </p><p>$33.99</p><a href="https://www.amazon.com/dp/B0B38G1MBD?tag=eloabder-20&linkCode=osi&th=1&psc=1">View Product</a></div>
<div class="product"><a href="https://www.amazon.com/dp/B09GM8JZM9?tag=eloabder-20&linkCode=osi&th=1&psc=1"><img src="https://m.media-amazon.com/images/I/41XmH3g0-aL._SL500_.jpg" alt="Product Image"></a><p>HelloBaby Upgrade Baby Monitor, 5'' Screen with 30-Hour Battery, Pan-Tilt-Zoom Video Baby Monitor with Camera and Audio, Night Vision, VOX, 2-Way Talk, 8 Lullabies and 1000ft Range No WiFi</p><p> -20% 0FF </p><p>$79.99</p><a href="https://www.amazon.com/dp/B09GM8JZM9?tag=eloabder-20&linkCode=osi&th=1&psc=1">View Product</a></div><div class="product"><a href="https://www.amazon.com/dp/B00JEV5UI8?tag=eloabder-20&linkCode=osi&th=1&psc=1"><img src="https://m.media-amazon.com/images/I/41va56lWJ6L._SL500_.jpg" alt="Product Image"></a><p>VTech Upgraded Audio Baby Monitor with Rechargeable Battery, Long Range, and Crystal-Clear Sound</p><p> -9% 0FF </p><p>$19.99</p><a href="https://www.amazon.com/dp/B00JEV5UI8?tag=eloabder-20&linkCode=osi&th=1&psc=1">View Product</a></div><div class="product"><a href="https://www.amazon.com/dp/B0BZ8BN87L?tag=eloabder-20&linkCode=osi&th=1&psc=1"><img src="https://m.media-amazon.com/images/I/41Bi8mMjlBL._SL500_.jpg" alt="Product Image"></a><p>OKAIDI Video Baby Monitor with Camera and Audio, 5" Display Baby Monitor No WiFi, 30H Battery and 1000ft Range Baby Monitor, Remote Pan-Tilt-Zoom Baby Camera, Night Vision, 2-Way Talk, VOX,Temperature</p><p> -25% 0FF </p><p>$44.99</p><a href="https://www.amazon.com/dp/B0BZ8BN87L?tag=eloabder-20&linkCode=osi&th=1&psc=1">View Product</a></div><div class="product"><a href="https://www.amazon.com/dp/B0B316NPZ6?tag=eloabder-20&linkCode=osi&th=1&psc=1"><img src="https://m.media-amazon.com/images/I/41IWDeVuDfL._SL500_.jpg" alt="Product Image"></a><p>HelloBaby Monitor with Camera and Audio, 1000ft Long Range Video Baby Monitor-No WiFi, Night Vision, VOX Mode-Power Saving, 2.4'' Portable Travel Screen, Baby Safety Camera, for Baby/Pet, Plug & Play</p><p> -10% 0FF </p><p>$29.98</p><a href="https://www.amazon.com/dp/B0B316NPZ6?tag=eloabder-20&linkCode=osi&th=1&psc=1">View Product</a></div><div class="product"><a href="https://www.amazon.com/dp/B0CYCDTZ6G?tag=eloabder-20&linkCode=osi&th=1&psc=1"><img src="https://m.media-amazon.com/images/I/41PTcAHdqoL._SL500_.jpg" alt="Product Image"></a><p>HelloBaby Baby Monitor with Camera and Audio, 6'' World First IPS Screen Baby Camera Monitor No WiFi, 30-Hrs Battery, ECO, VOX, 2-Way Talk, Night Vision, 1000ft, Video Baby Monitor Portable</p><p> -25% 0FF </p><p>$89.99</p><a href="https://www.amazon.com/dp/B0CYCDTZ6G?tag=eloabder-20&linkCode=osi&th=1&psc=1">View Product</a></div><div class="product"><a href="https://www.amazon.com/dp/B007NG5UF4?tag=eloabder-20&linkCode=osi&th=1&psc=1"><img src="https://m.media-amazon.com/images/I/41SdqvzVNuL._SL500_.jpg" alt="Product Image"></a><p>VTech DM221 Audio Baby Monitor with up to 1,000 ft of Range, Vibrating Sound-Alert, Talk Back Intercom & Night Light Loop, White/Silver</p><p> -13% 0FF </p><p>$33.95</p><a href="https://www.amazon.com/dp/B007NG5UF4?tag=eloabder-20&linkCode=osi&th=1&psc=1">View Product</a></div><div class="product"><a href="https://www.amazon.com/dp/B0CZDYF95R?tag=eloabder-20&linkCode=osi&th=1&psc=1"><img src="https://m.media-amazon.com/images/I/41hYOyPQ9dL._SL500_.jpg" alt="Product Image"></a><p>VTimes Baby Monitor with Camera and Audio, Video Baby Monitor No WiFi Night Vision, 2.4" LCD Screen Portable Baby Camera VOX Mode Pan-Tilt-Zoom Alarm and 1000ft Range, Ideal for Baby/Elderly/Pet</p><p> -40% 0FF </p><p>$29.99</p><a href="https://www.amazon.com/dp/B0CZDYF95R?tag=eloabder-20&linkCode=osi&th=1&psc=1">View Product</a></div>
<div class="product"><a href="https://www.amazon.com/dp/B0119493OY?tag=eloabder-20&linkCode=osi&th=1&psc=1"><img src="https://m.media-amazon.com/images/I/31o0TllpwAL._SL500_.jpg" alt="Product Image"></a><p>Safety 1st Fold-Up Nail Clippers - 2pk</p><p> -25% 0FF </p><p>$2.99</p><a href="https://www.amazon.com/dp/B0119493OY?tag=eloabder-20&linkCode=osi&th=1&psc=1">View Product</a></div><div class="product"><a href="https://www.amazon.com/dp/B01644OCVS?tag=eloabder-20&linkCode=osi&th=1&psc=1"><img src="https://m.media-amazon.com/images/I/41oX5dLMB1L._SL500_.jpg" alt="Product Image"></a><p>Frida Baby NailFrida The SnipperClipper Set, Baby Nail Clippers & Nail Filer, Baby Essential Nail Kit for Newborns and Up</p><p> -36% 0FF </p><p>$8.31</p><a href="https://www.amazon.com/dp/B01644OCVS?tag=eloabder-20&linkCode=osi&th=1&psc=1">View Product</a></div><div class="product"><a href="https://www.amazon.com/dp/B084JZ27SM?tag=eloabder-20&linkCode=osi&th=1&psc=1"><img src="https://m.media-amazon.com/images/I/31JsNl8WpML._SL500_.jpg" alt="Product Image"></a><p>Safety 1st Light Zoom Nail Clippers, One Size</p><p> -27% 0FF </p><p>$7.29</p><a href="https://www.amazon.com/dp/B084JZ27SM?tag=eloabder-20&linkCode=osi&th=1&psc=1">View Product</a></div><div class="product"><a href="https://www.amazon.com/dp/B0D9BCJWC7?tag=eloabder-20&linkCode=osi&th=1&psc=1"><img src="https://m.media-amazon.com/images/I/41vknqnodfL._SL500_.jpg" alt="Product Image"></a><p>Yeeeasy Baby Nail Clippers Kit Baby Grooming Set with Nail Clippers, Scissors, Nail File & Tweezers Baby Care Kit Fingernail Cutter for Baby,Newborn,Infant,Toddler,Kid(Purple)</p><p> -55% 0FF </p><p>$4.49</p><a href="https://www.amazon.com/dp/B0D9BCJWC7?tag=eloabder-20&linkCode=osi&th=1&psc=1">View Product</a></div>
<div class="product"><a href="https://www.amazon.com/dp/B08CMWHD3B?tag=eloabder-20&linkCode=osi&th=1&psc=1"><img src="https://m.media-amazon.com/images/I/41+F2Dv0iiL._SL500_.jpg" alt="Product Image"></a><p>GROWNSY Nasal Aspirator for Baby, Baby Nose Sucker Pro with 3 Soft Silicone Tips, Adjustable Suction, Electric Nose Suction for Baby, Built-in Music & Light Soothing</p><p> -20% 0FF </p><p>$39.99 ($39.99 / Count)</p><a href="https://www.amazon.com/dp/B08CMWHD3B?tag=eloabder-20&linkCode=osi&th=1&psc=1">View Product</a></div><div class="product"><a href="https://www.amazon.com/dp/B00RP0GHBO?tag=eloabder-20&linkCode=osi&th=1&psc=1"><img src="https://m.media-amazon.com/images/I/41pIJoWu-UL._SL500_.jpg" alt="Product Image"></a><p>Frida Baby NoseFrida SnotSucker Nasal Aspirator for Baby, Baby Nose Sucker with 24 Extra Hygiene Filters, Baby Congestion Relief, FSA/HSA Eligible</p><p> -25% 0FF </p><p>$14.99</p><a href="https://www.amazon.com/dp/B00RP0GHBO?tag=eloabder-20&linkCode=osi&th=1&psc=1">View Product</a></div><div class="product"><a href="https://www.amazon.com/dp/B0C3CHQHJP?tag=eloabder-20&linkCode=osi&th=1&psc=1"><img src="https://m.media-amazon.com/images/I/51IO9JHchbL._SL500_.jpg" alt="Product Image"></a><p>X-Bosak Baby Nasal Aspirator, Electric Nose Sucker with 5 Levels Suction, Soothing Light & Nursery Rhymes</p><p> -18% 0FF </p><p>$30.99</p><a href="https://www.amazon.com/dp/B0C3CHQHJP?tag=eloabder-20&linkCode=osi&th=1&psc=1">View Product</a></div><div class="product"><a href="https://www.amazon.com/dp/B094Z43BQF?tag=eloabder-20&linkCode=osi&th=1&psc=1"><img src="https://m.media-amazon.com/images/I/41elOKysySL._SL500_.jpg" alt="Product Image"></a><p>Frida Baby Electric NoseFrida Nasal Aspirator for Baby, Nose Sucker for Baby & Toddler, Nasal Aspirator for Congestion Relief with 3 Suction Levels, 2 Silicone Tips, USB Rechargeable</p><p> -13% 0FF </p><p>$34.99</p><a href="https://www.amazon.com/dp/B094Z43BQF?tag=eloabder-20&linkCode=osi&th=1&psc=1">View Product</a></div><div class="product"><a href="https://www.amazon.com/dp/B01N093BYV?tag=eloabder-20&linkCode=osi&th=1&psc=1"><img src="https://m.media-amazon.com/images/I/316hpVBAmNL._SL500_.jpg" alt="Product Image"></a><p>Frida Baby Nasal Aspirator for Baby, NoseFrida Baby Nose Sucker with 10 Extra Filters + All-Natural Saline Nasal Spray for Babies, Nasal Spray Decongestant, 0.68 fl oz</p><p> -15% 0FF </p><p>$16.97</p><a href="https://www.amazon.com/dp/B01N093BYV?tag=eloabder-20&linkCode=osi&th=1&psc=1">View Product</a></div><div class="product"><a href="https://www.amazon.com/dp/B0BSVG8S59?tag=eloabder-20&linkCode=osi&th=1&psc=1"><img src="https://m.media-amazon.com/images/I/31Rju6jEphL._SL500_.jpg" alt="Product Image"></a><p>Dr. Talbot's Nasal Aspirator for Babies - Silicone - Includes Storage Case - Clear</p><p> -20% 0FF </p><p>$6.39</p><a href="https://www.amazon.com/dp/B0BSVG8S59?tag=eloabder-20&linkCode=osi&th=1&psc=1">View Product</a></div>
<div class="product"><a href="https://www.amazon.com/dp/B00WEBVM5U?tag=eloabder-20&linkCode=osi&th=1&psc=1"><img src="https://m.media-amazon.com/images/I/31oMSFi3dGL._SL500_.jpg" alt="Product Image"></a><p>Johnson's Baby Oil, Mineral Oil Enriched with Shea & Cocoa Butter to Prevent Moisture Loss, Hypoallergenic, 20 fl. oz</p><p> -35% 0FF </p><p>$5.90 ($0.30 / Fl Oz)</p><a href="https://www.amazon.com/dp/B00WEBVM5U?tag=eloabder-20&linkCode=osi&th=1&psc=1">View Product</a></div><div class="product"><a href="https://www.amazon.com/dp/B00J51Q1IA?tag=eloabder-20&linkCode=osi&th=1&psc=1"><img src="https://m.media-amazon.com/images/I/31WSLNGqaEL._SL500_.jpg" alt="Product Image"></a><p>Johnson & Johnson SLC (Cosmetics) Baby Oil, 20 Fl Oz</p><p> -33% 0FF </p><p>$6.02 ($0.30 / Fl Oz)</p><a href="https://www.amazon.com/dp/B00J51Q1IA?tag=eloabder-20&linkCode=osi&th=1&psc=1">View Product</a></div><div class="product"><a href="https://www.amazon.com/dp/B00LPC15FQ?tag=eloabder-20&linkCode=osi&th=1&psc=1"><img src="https://m.media-amazon.com/images/I/315PcqnZ4qL._SL500_.jpg" alt="Product Image"></a><p>Johnson's Baby Johnson & Johnson Baby Oil, Aloe Vera & Vitamin E, Multicolor, 14 Fl Oz</p><p> -23% 0FF </p><p>$5.49 ($0.39 / Fl Oz)</p><a href="https://www.amazon.com/dp/B00LPC15FQ?tag=eloabder-20&linkCode=osi&th=1&psc=1">View Product</a></div><div class="product"><a href="https://www.amazon.com/dp/B001UAA2UC?tag=eloabder-20&linkCode=osi&th=1&psc=1"><img src="https://m.media-amazon.com/images/I/31-74Q7XbxL._SL500_.jpg" alt="Product Image"></a><p>Johnson's Baby Oil Gel, Moisturizing Baby Massage Mineral Oil Enriched with Shea & Cocoa Butter, Dry Skin Relief for Babies, Kids & Adults, Nourishing & Gentle on Delicate Skin, 6.5 fl. oz</p><p> -16% 0FF </p><p>$5.98 ($0.92 / Fl Oz)</p><a href="https://www.amazon.com/dp/B001UAA2UC?tag=eloabder-20&linkCode=osi&th=1&psc=1">View Product</a></div>
<div class="product"><a href="https://www.amazon.com/dp/B0D88Y4955?tag=eloabder-20&linkCode=osi&th=1&psc=1"><img src="https://m.media-amazon.com/images/I/41Au0yzblbL._SL500_.jpg" alt="Product Image"></a><p>Burt's Bees Baby Baby Boys Pajamas, Sleep and Play Loose Fit, 100% Organic Cotton, Soft One-piece PJs, Diagonal Zip Up Jumpsuit Newborn Essentials with Interior Zipper Guard in sizes NB to 6-9 Months</p><p> -49% 0FF </p><p>$7.60</p><a href="https://www.amazon.com/dp/B0D88Y4955?tag=eloabder-20&linkCode=osi&th=1&psc=1">View Product</a></div><div class="product"><a href="https://www.amazon.com/dp/B08GHLBW8P?tag=eloabder-20&linkCode=osi&th=1&psc=1"><img src="https://m.media-amazon.com/images/I/512q+TZZ2UL._SL500_.jpg" alt="Product Image"></a><p>Gerber Baby Boys' 4-Pack Footed Pajamas, Dinosaurs Space Grey, 18 Months</p><p> -9% 0FF </p><p>$29.98</p><a href="https://www.amazon.com/dp/B08GHLBW8P?tag=eloabder-20&linkCode=osi&th=1&psc=1">View Product</a></div>
<div class="product"><a href="https://www.amazon.com/dp/B09XHGG4B8?tag=eloabder-20&linkCode=osi&th=1&psc=1"><img src="https://m.media-amazon.com/images/I/51drx-WonLL._SL500_.jpg" alt="Product Image"></a><p>Yeeeasy Tummy Time Water Mat丨Inflatable Tummy Time Water Play Mat for Babies, Infants and Toddlers 3 to 12 Months Promote Development Toys Baby Gifts</p><p> -33% 0FF </p><p>$9.99</p><a href="https://www.amazon.com/dp/B09XHGG4B8?tag=eloabder-20&linkCode=osi&th=1&psc=1">View Product</a></div>
<div class="product"><a href="https://www.amazon.com/dp/B0009STDJW?tag=eloabder-20&linkCode=osi&th=1&psc=1"><img src="https://m.media-amazon.com/images/I/31XlMHyMw4L._SL500_.jpg" alt="Product Image"></a><p>Johnson's Baby Powder, Naturally Derived Cornstarch with Aloe & Vitamin E for Delicate Skin, Hypoallergenic and Free of Parabens, Phthalates, and Dyes for Gentle Baby Skin Care, 15 oz</p><p> -31% 0FF </p><p>$4.98 ($0.33 / Ounce)</p><a href="https://www.amazon.com/dp/B0009STDJW?tag=eloabder-20&linkCode=osi&th=1&psc=1">View Product</a></div><div class="product"><a href="https://www.amazon.com/dp/B005IHT880?tag=eloabder-20&linkCode=osi&th=1&psc=1"><img src="https://m.media-amazon.com/images/I/31Yy8plMS3L._SL500_.jpg" alt="Product Image"></a><p>Johnson's Baby Naturally Derived Cornstarch Baby Powder with Aloe and Vitamin E for Delicate Skin, Hypoallergenic and Free of Parabens, Phthalates, and Dyes for Gentle Baby Skin Care, 1.5 oz</p><p> -31% 0FF </p><p>$1.97 ($1.31 / Ounce)</p><a href="https://www.amazon.com/dp/B005IHT880?tag=eloabder-20&linkCode=osi&th=1&psc=1">View Product</a></div><div class="product"><a href="https://www.amazon.com/dp/B00I5MVFB8?tag=eloabder-20&linkCode=osi&th=1&psc=1"><img src="https://m.media-amazon.com/images/I/41kU-erHU1L._SL500_.jpg" alt="Product Image"></a><p>Johnson's Baby Powder, Pure Cornstarch, Aloe & Vitamin E, 22 Ounce (Pack of 3) - Packaging May Vary</p><p> -31% 0FF </p><p>$18.87 ($0.29 / Ounce)</p><a href="https://www.amazon.com/dp/B00I5MVFB8?tag=eloabder-20&linkCode=osi&th=1&psc=1">View Product</a></div><div class="product"><a href="https://www.amazon.com/dp/B004Z4MNGQ?tag=eloabder-20&linkCode=osi&th=1&psc=1"><img src="https://m.media-amazon.com/images/I/31szXN97ucL._SL500_.jpg" alt="Product Image"></a><p>Johnson's Baby Powder with Naturally Derived Cornstarch Aloe & Vitamin E, Hypoallergenic, 9 oz</p><p> -26% 0FF </p><p>$3.95 ($0.44 / Ounce)</p><a href="https://www.amazon.com/dp/B004Z4MNGQ?tag=eloabder-20&linkCode=osi&th=1&psc=1">View Product</a></div><div class="product"><a href="https://www.amazon.com/dp/B0CCPK861Q?tag=eloabder-20&linkCode=osi&th=1&psc=1"><img src="https://m.media-amazon.com/images/I/51jIdMql0FL._SL500_.jpg" alt="Product Image"></a><p>Burt's Bees Christmas Gifts, Baby Dusting Powder, 100% Natural Origin, Talc-Free, Pediatrician Tested Stocking Stuffers, 7.5 Ounces, Pack of 3, Pack May Vary</p><p> -29% 0FF </p><p>$19.17 ($0.85 / Ounce)</p><a href="https://www.amazon.com/dp/B0CCPK861Q?tag=eloabder-20&linkCode=osi&th=1&psc=1">View Product</a></div><div class="product"><a href="https://www.amazon.com/dp/B012FUZ8NG?tag=eloabder-20&linkCode=osi&th=1&psc=1"><img src="https://m.media-amazon.com/images/I/41t4DM92+aL._SL500_.jpg" alt="Product Image"></a><p>Gold Bond Comfort Body Powder, 10 oz., Talc-Free, Fresh Clean Scent With Aloe & Chamomile</p><p> -7% 0FF </p><p>$6.79 ($0.68 / Ounce)</p><a href="https://www.amazon.com/dp/B012FUZ8NG?tag=eloabder-20&linkCode=osi&th=1&psc=1">View Product</a></div>
<div class="product"><a href="https://www.amazon.com/dp/B00JHKTDQG?tag=eloabder-20&linkCode=osi&th=1&psc=1"><img src="https://m.media-amazon.com/images/I/41u2OOs0uOL._SL500_.jpg" alt="Product Image"></a><p>Safety 1st Plug Protectors, 36 Count</p><p> -22% 0FF </p><p>$3.49</p><a href="https://www.amazon.com/dp/B00JHKTDQG?tag=eloabder-20&linkCode=osi&th=1&psc=1">View Product</a></div><div class="product"><a href="https://www.amazon.com/dp/B0CZRKFS5Z?tag=eloabder-20&linkCode=osi&th=1&psc=1"><img src="https://m.media-amazon.com/images/I/413bGIIY4WL._SL500_.jpg" alt="Product Image"></a><p>Baby Proofing Kit, Oven Door Lock Child proof Safety Product for Kitchen, Double Button, Heat-Resistant, Easy to Install (1 Pack,Grey)</p><p> -20% 0FF </p><p>$7.99</p><a href="https://www.amazon.com/dp/B0CZRKFS5Z?tag=eloabder-20&linkCode=osi&th=1&psc=1">View Product</a></div><div class="product"><a href="https://www.amazon.com/dp/B00YKG2YS6?tag=eloabder-20&linkCode=osi&th=1&psc=1"><img src="https://m.media-amazon.com/images/I/41+wB4D0smL._SL500_.jpg" alt="Product Image"></a><p>Safety 1st Safety Essentials Kit , White , 1 Count</p><p> -38% 0FF </p><p>$7.48</p><a href="https://www.amazon.com/dp/B00YKG2YS6?tag=eloabder-20&linkCode=osi&th=1&psc=1">View Product</a></div>
<div class="product"><a href="https://www.amazon.com/dp/B000BNCA4K?tag=eloabder-20&linkCode=osi&th=1&psc=1"><img src="https://m.media-amazon.com/images/I/51+hwco0h6L._SL500_.jpg" alt="Product Image"></a><p>Manhattan Toy Winkel Rattle & Sensory Teether Toy, Blue/Green/Orange, 5 Inch x 4 Inch x 3.5 Inch</p><p> -29% 0FF </p><p>$9.99</p><a href="https://www.amazon.com/dp/B000BNCA4K?tag=eloabder-20&linkCode=osi&th=1&psc=1">View Product</a></div><div class="product"><a href="https://www.amazon.com/dp/B000FMQWS2?tag=eloabder-20&linkCode=osi&th=1&psc=1"><img src="https://m.media-amazon.com/images/I/4108+CwoQfL._SL500_.jpg" alt="Product Image"></a><p>Bright Starts Grab & Spin Baby Rattle & BPA-Free Teether Toy, Ages 3 Months+</p><p> -15% 0FF </p><p>$2.97</p><a href="https://www.amazon.com/dp/B000FMQWS2?tag=eloabder-20&linkCode=osi&th=1&psc=1">View Product</a></div><div class="product"><a href="https://www.amazon.com/dp/B071YCHDX1?tag=eloabder-20&linkCode=osi&th=1&psc=1"><img src="https://m.media-amazon.com/images/I/512uBUjyccL._SL500_.jpg" alt="Product Image"></a><p>iPlay, iLearn 10pcs Baby Rattles Toys Set, Infant Grab Shake Rattle, Sensory Teether, Babies Development Learning Music Toy, Newborn First Christmas Gifts 0 1 2 3 4 5 6 7 8 9 10 12 Month Boy Girl</p><p> -15% 0FF </p><p>$22.99</p><a href="https://www.amazon.com/dp/B071YCHDX1?tag=eloabder-20&linkCode=osi&th=1&psc=1">View Product</a></div><div class="product"><a href="https://www.amazon.com/dp/B019ICFYNI?tag=eloabder-20&linkCode=osi&th=1&psc=1"><img src="https://m.media-amazon.com/images/I/51oYX33BlzL._SL500_.jpg" alt="Product Image"></a><p>VTech Baby Rattle and Sing Puppy</p><p> -18% 0FF </p><p>$8.99</p><a href="https://www.amazon.com/dp/B019ICFYNI?tag=eloabder-20&linkCode=osi&th=1&psc=1">View Product</a></div><div class="product"><a href="https://www.amazon.com/dp/B000V2Y5BW?tag=eloabder-20&linkCode=osi&th=1&psc=1"><img src="https://m.media-amazon.com/images/I/41Bz5Kz2OzL._SL500_.jpg" alt="Product Image"></a><p>The First Years First Keys Infant and Baby Toy</p><p> -67% 0FF </p><p>$2.44</p><a href="https://www.amazon.com/dp/B000V2Y5BW?tag=eloabder-20&linkCode=osi&th=1&psc=1">View Product</a></div>
<div class="product"><a href="https://www.amazon.com/dp/B005SPESKK?tag=eloabder-20&linkCode=osi&th=1&psc=1"><img src="https://m.media-amazon.com/images/I/410ZKnRS3aL._SL500_.jpg" alt="Product Image"></a><p>Aveeno Baby Bathtime Solutions Baby & Me Gift Set with Baby Wash & Shampoo, Calming Baby Bath, Baby Daily Moisturizing Lotion & Stress Relief Body Wash for Mom, Oatmeal, 4 Items</p><p> -35% 0FF </p><p>$20.69</p><a href="https://www.amazon.com/dp/B005SPESKK?tag=eloabder-20&linkCode=osi&th=1&psc=1">View Product</a></div><div class="product"><a href="https://www.amazon.com/dp/B005UEB96K?tag=eloabder-20&linkCode=osi&th=1&psc=1"><img src="https://m.media-amazon.com/images/I/41irWX472ZL._SL500_.jpg" alt="Product Image"></a><p>Aquaphor Baby Healing Ointment Advanced Therapy Skin Protectant, Dry Skin and Diaper Rash Ointment, 14 Oz Jar</p><p> -8% 0FF </p><p>$18.37</p><a href="https://www.amazon.com/dp/B005UEB96K?tag=eloabder-20&linkCode=osi&th=1&psc=1">View Product</a></div><div class="product"><a href="https://www.amazon.com/dp/B0CNXKT6S7?tag=eloabder-20&linkCode=osi&th=1&psc=1"><img src="https://m.media-amazon.com/images/I/41UPubKIJYL._SL500_.jpg" alt="Product Image"></a><p>Blissful Diary Baby Diaper Caddy Organizer, Stylish Nursery Storage Basket - Gift for Baby Shower, Baby Registry Must Have, Newborn Essentials - Baby Caddy Organizer for Diaper Station - Sage Green</p><p> -7% 0FF </p><p>$22.99</p><a href="https://www.amazon.com/dp/B0CNXKT6S7?tag=eloabder-20&linkCode=osi&th=1&psc=1">View Product</a></div><div class="product"><a href="https://www.amazon.com/dp/B07RX5BD32?tag=eloabder-20&linkCode=osi&th=1&psc=1"><img src="https://m.media-amazon.com/images/I/41p16YTuexL._SL500_.jpg" alt="Product Image"></a><p>Portable Diaper Changing Pad, Portable Changing pad for Newborn Girl & Boy - Baby Changing Pad with Smart Wipes Pocket – Waterproof Travel Changing Kit - Baby Gift by Kopi Baby</p><p> -42% 0FF </p><p>$21.89</p><a href="https://www.amazon.com/dp/B07RX5BD32?tag=eloabder-20&linkCode=osi&th=1&psc=1">View Product</a></div>
<div class="product"><a href="https://www.amazon.com/dp/B07DGKWFJM?tag=eloabder-20&linkCode=osi&th=1&psc=1"><img src="https://m.media-amazon.com/images/I/313M7YzzHPL._SL500_.jpg" alt="Product Image"></a><p>Johnson's Baby Shampoo with Tear-Free Formula, Shampoo for Baby's Delicate Scalp & Skin, Gently Washes Away Dirt & Germs, Paraben-, Phthalate-, Sulfate- & Dye-Free, 20.3 fl. oz</p><p> -35% 0FF </p><p>$5.90 ($0.29 / Fl Oz)</p><a href="https://www.amazon.com/dp/B07DGKWFJM?tag=eloabder-20&linkCode=osi&th=1&psc=1">View Product</a></div><div class="product"><a href="https://www.amazon.com/dp/B07DGK9FQG?tag=eloabder-20&linkCode=osi&th=1&psc=1"><img src="https://m.media-amazon.com/images/I/31ZmgkaoecL._SL500_.jpg" alt="Product Image"></a><p>Johnson's Baby Tear Free Shampoo, No Parabens/Phthalates/Sulfates/Dyes, Fresh, 13.6 Fl Oz</p><p> -30% 0FF </p><p>$4.78 ($0.35 / Fl Oz)</p><a href="https://www.amazon.com/dp/B07DGK9FQG?tag=eloabder-20&linkCode=osi&th=1&psc=1">View Product</a></div><div class="product"><a href="https://www.amazon.com/dp/B07D2JMJPS?tag=eloabder-20&linkCode=osi&th=1&psc=1"><img src="https://m.media-amazon.com/images/I/31GFcXvNoSL._SL500_.jpg" alt="Product Image"></a><p>Johnson's Head-to-Toe Gentle Tear-Free Baby & Newborn Wash & Shampoo, Sulfate-, Paraben- Phthalate- & Dye-Free, Hypoallergenic Wash for Sensitive Skin & Hair, 27.1 fl. Oz</p><p> -33% 0FF </p><p>$7.19 ($0.27 / Fl Oz)</p><a href="https://www.amazon.com/dp/B07D2JMJPS?tag=eloabder-20&linkCode=osi&th=1&psc=1">View Product</a></div><div class="product"><a href="https://www.amazon.com/dp/B07NSBTZ22?tag=eloabder-20&linkCode=osi&th=1&psc=1"><img src="https://m.media-amazon.com/images/I/316UK0+xv+L._SL500_.jpg" alt="Product Image"></a><p>Aveeno Baby Daily Moisture Gentle Bath Wash & Shampoo with Natural Oat Extract, Hypoallergenic, Tear-Free & Paraben-Free Formula For Sensitive Hair & Skin, Lightly Scented, 33 fl. oz</p><p> -43% 0FF </p><p>$13.98 ($0.42 / Fl Oz)</p><a href="https://www.amazon.com/dp/B07NSBTZ22?tag=eloabder-20&linkCode=osi&th=1&psc=1">View Product</a></div><div class="product"><a href="https://www.amazon.com/dp/B07DGPL4Y7?tag=eloabder-20&linkCode=osi&th=1&psc=1"><img src="https://m.media-amazon.com/images/I/310oJnMMURS._SL500_.jpg" alt="Product Image"></a><p>Johnson's Baby Calming Baby Shampoo with Soothing NaturalCalm Scent, Hypoallergenic & Tear-Free Baby Hair Shampoo, Free of Parabens, Phthalates, Sulfates & Dyes, 20.3 fl. oz</p><p> -9% 0FF </p><p>$5.39 ($0.27 / Fl Oz)</p><a href="https://www.amazon.com/dp/B07DGPL4Y7?tag=eloabder-20&linkCode=osi&th=1&psc=1">View Product</a></div><div class="product"><a href="https://www.amazon.com/dp/B072QXWXS6?tag=eloabder-20&linkCode=osi&th=1&psc=1"><img src="https://m.media-amazon.com/images/I/31nATTwRNrL._SL500_.jpg" alt="Product Image"></a><p>The Honest Company 2-in-1 Cleansing Shampoo + Body Wash | Gentle for Baby | Naturally Derived, Tear-free, Hypoallergenic | Fragrance Free Sensitive, 10 fl oz</p><p> -8% 0FF </p><p>$10.99 ($1.10 / Fl Oz)</p><a href="https://www.amazon.com/dp/B072QXWXS6?tag=eloabder-20&linkCode=osi&th=1&psc=1">View Product</a></div><div class="product"><a href="https://www.amazon.com/dp/B0BXB874ZB?tag=eloabder-20&linkCode=osi&th=1&psc=1"><img src="https://m.media-amazon.com/images/I/61I9qaFfznL._SL500_.jpg" alt="Product Image"></a><p>SheaMoisture Baby Shampoo & Bath Milk Manuka Honey & Lavender for Delicate Hair and Skin Nighttime Skin and Hair Care Regimen 13 oz</p><p> -10% 0FF </p><p>$8.97 ($0.69 / Fl Oz)</p><a href="https://www.amazon.com/dp/B0BXB874ZB?tag=eloabder-20&linkCode=osi&th=1&psc=1">View Product</a></div>
<div class="product"><a href="https://www.amazon.com/dp/B07JP112TD?tag=eloabder-20&linkCode=osi&th=1&psc=1"><img src="https://m.media-amazon.com/images/I/31-1TtUqz2L._SL500_.jpg" alt="Product Image"></a><p>Stride Rite Baby Girls Sr Taye 2.0 First Walker Shoe, Pink, 3 Infant US</p><p> -30% 0FF </p><p>$25.72</p><a href="https://www.amazon.com/dp/B07JP112TD?tag=eloabder-20&linkCode=osi&th=1&psc=1">View Product</a></div><div class="product"><a href="https://www.amazon.com/dp/B08M5M2ZNJ?tag=eloabder-20&linkCode=osi&th=1&psc=1"><img src="https://m.media-amazon.com/images/I/31qHgEG+WSL._SL500_.jpg" alt="Product Image"></a><p>Baby Booties 6-12 Months Unisex Cozy Fleece Newborn Booties Non-Slip Newborn First Walkers Shoes Toddler Slippers for Baby Boys & Baby Girls Gifts, Black</p><p> -33% 0FF </p><p>$9.99</p><a href="https://www.amazon.com/dp/B08M5M2ZNJ?tag=eloabder-20&linkCode=osi&th=1&psc=1">View Product</a></div><div class="product"><a href="https://www.amazon.com/dp/B0BV2J28DN?tag=eloabder-20&linkCode=osi&th=1&psc=1"><img src="https://m.media-amazon.com/images/I/41n15Z33RlL._SL500_.jpg" alt="Product Image"></a><p>Baby Walking Shoes First Boy Girl Walker Infant Sock Tennis Mesh Sneakers Breathable 6 9 12 18 24 Months Camel Size 6-12 Months Infant</p><p> -18% 0FF </p><p>$26.99</p><a href="https://www.amazon.com/dp/B0BV2J28DN?tag=eloabder-20&linkCode=osi&th=1&psc=1">View Product</a></div><div class="product"><a href="https://www.amazon.com/dp/B0C9ZTGHWF?tag=eloabder-20&linkCode=osi&th=1&psc=1"><img src="https://m.media-amazon.com/images/I/41jzu4SNmLL._SL500_.jpg" alt="Product Image"></a><p>BMCiTYBM Baby Boy Girl Shoes Infant First Walker Shoes Breathable Walking Shoes Lightweight Non-Slip Sneakers 6 9 12 18 24 Months Gray Size 12-18 Months Infant</p><p> -12% 0FF </p><p>$29.99</p><a href="https://www.amazon.com/dp/B0C9ZTGHWF?tag=eloabder-20&linkCode=osi&th=1&psc=1">View Product</a></div>
<div class="product"><a href="https://www.amazon.com/dp/B0B6Z9SVXG?tag=eloabder-20&linkCode=osi&th=1&psc=1"><img src="https://m.media-amazon.com/images/I/41yQhQfpuJL._SL500_.jpg" alt="Product Image"></a><p>Shiaon Baby Sling Carrier Newborn to Toddler, Lightweight Baby Carrier Sling, Baby Wrap Sling, Baby Hip Seat Carrier for Toddler Sling, Baby Holder Carrier, Nursing Sling, Carrying 7-45 lbs, Grey</p><p> -20% 0FF </p><p>$32.99</p><a href="https://www.amazon.com/dp/B0B6Z9SVXG?tag=eloabder-20&linkCode=osi&th=1&psc=1">View Product</a></div><div class="product"><a href="https://www.amazon.com/dp/B07SK6GVCJ?tag=eloabder-20&linkCode=osi&th=1&psc=1"><img src="https://m.media-amazon.com/images/I/41o7bWiYEUL._SL500_.jpg" alt="Product Image"></a><p>CUBY Water Baby Sling Carrier Breathable Mesh Baby Wraps Carrier Adjustable Ring Sling Baby Carrier Infant Carrier for Summer Swimming Pool Beach (Light Grey)</p><p> -27% 0FF </p><p>$18.99</p><a href="https://www.amazon.com/dp/B07SK6GVCJ?tag=eloabder-20&linkCode=osi&th=1&psc=1">View Product</a></div><div class="product"><a href="https://www.amazon.com/dp/B07YQYRVDX?tag=eloabder-20&linkCode=osi&th=1&psc=1"><img src="https://m.media-amazon.com/images/I/41nKHqgPniL._SL500_.jpg" alt="Product Image"></a><p>Baby Sling and Ring Sling 100% Cotton Muslin Infant Carrier, Front and Chest Newborn Carrier Wrap, Toddler Carrier – Grey</p><p> -31% 0FF </p><p>$44.95</p><a href="https://www.amazon.com/dp/B07YQYRVDX?tag=eloabder-20&linkCode=osi&th=1&psc=1">View Product</a></div>
<div class="product"><a href="https://www.amazon.com/dp/B07N13W76L?tag=eloabder-20&linkCode=osi&th=1&psc=1"><img src="https://m.media-amazon.com/images/I/41d8emuEA8L._SL500_.jpg" alt="Product Image"></a><p>Baby Dove Sensitive Skin Care Baby Wash Calming Moisture For a Calming Bath Wash Hypoallergenic and Tear-Free, Washes Away Bacteria 13 oz</p><p> -6% 0FF </p><p>$7.99 ($0.61 / Ounce)</p><a href="https://www.amazon.com/dp/B07N13W76L?tag=eloabder-20&linkCode=osi&th=1&psc=1">View Product</a></div><div class="product"><a href="https://www.amazon.com/dp/B097NRRRNT?tag=eloabder-20&linkCode=osi&th=1&psc=1"><img src="https://m.media-amazon.com/images/I/31qcQUGmwRS._SL500_.jpg" alt="Product Image"></a><p>Johnson's Skin Nourishing Moisture Baby Body Wash With Vanilla & Oat Scents, Hypoallergenic & Tear Free Baby Bath Wash, Paraben-, Dye-, Sulfate & Phthalate-Free, 20.3 fl. oz</p><p> -26% 0FF </p><p>$6.78 ($0.33 / Fl Oz)</p><a href="https://www.amazon.com/dp/B097NRRRNT?tag=eloabder-20&linkCode=osi&th=1&psc=1">View Product</a></div><div class="product"><a href="https://www.amazon.com/dp/B07D2G6CLG?tag=eloabder-20&linkCode=osi&th=1&psc=1"><img src="https://m.media-amazon.com/images/I/31EQ6Pb153L._SL500_.jpg" alt="Product Image"></a><p>Johnson's Bedtime Baby Bath with Soothing NaturalCalm Aromas, Hypoallergenic & Tear Free Formula, 27.1 fl. oz</p><p> -33% 0FF </p><p>$9.98 ($0.37 / Fl Oz)</p><a href="https://www.amazon.com/dp/B07D2G6CLG?tag=eloabder-20&linkCode=osi&th=1&psc=1">View Product</a></div>
<div class="product"><a href="https://www.amazon.com/dp/B006VB29D8?tag=eloabder-20&linkCode=osi&th=1&psc=1"><img src="https://m.media-amazon.com/images/I/41avOtC2ssL._SL500_.jpg" alt="Product Image"></a><p>Munchkin® Soft Tip™ Baby Spoons, BPA Free, 12 Pack</p><p> -17% 0FF </p><p>$6.98</p><a href="https://www.amazon.com/dp/B006VB29D8?tag=eloabder-20&linkCode=osi&th=1&psc=1">View Product</a></div><div class="product"><a href="https://www.amazon.com/dp/B0CKJXWM44?tag=eloabder-20&linkCode=osi&th=1&psc=1"><img src="https://m.media-amazon.com/images/I/41n4jr8b6VL._SL500_.jpg" alt="Product Image"></a><p>Nuby Baby's First Spoons Set - (3-Pack) Feeding Utensils for Babies - 6+ Months</p><p> -40% 0FF </p><p>$5.97</p><a href="https://www.amazon.com/dp/B0CKJXWM44?tag=eloabder-20&linkCode=osi&th=1&psc=1">View Product</a></div><div class="product"><a href="https://www.amazon.com/dp/B0CKWJNQP4?tag=eloabder-20&linkCode=osi&th=1&psc=1"><img src="https://m.media-amazon.com/images/I/413epEJW7PL._SL500_.jpg" alt="Product Image"></a><p>Munchkin® Gentle Dip™ Multistage First Spoon Set for Baby Led Weaning, Self Feeding, Solids & Purees, 3 Pack, Coral/Purple</p><p> -35% 0FF </p><p>$6.49</p><a href="https://www.amazon.com/dp/B0CKWJNQP4?tag=eloabder-20&linkCode=osi&th=1&psc=1">View Product</a></div><div class="product"><a href="https://www.amazon.com/dp/B08MVST7H1?tag=eloabder-20&linkCode=osi&th=1&psc=1"><img src="https://m.media-amazon.com/images/I/319zTmlUj8L._SL500_.jpg" alt="Product Image"></a><p>PrimaStella Silicone Chew Spoon Set for Babies and Toddlers | Safety Tested | BPA Free | Microwave, Dishwasher and Freezer Safe</p><p> -33% 0FF </p><p>$7.99</p><a href="https://www.amazon.com/dp/B08MVST7H1?tag=eloabder-20&linkCode=osi&th=1&psc=1">View Product</a></div>
<div class="product"><a href="https://www.amazon.com/dp/B0D5Q2GKMX?tag=eloabder-20&linkCode=osi&th=1&psc=1"><img src="https://m.media-amazon.com/images/I/51PSbL1vo1L._SL500_.jpg" alt="Product Image"></a><p>Accombe 2 in 1 Baby Stroller, Convertible Bassinet Pushchair for Infants and Newborns 0-36 Months</p><p> -23% 0FF </p><p>$154.99</p><a href="https://www.amazon.com/dp/B0D5Q2GKMX?tag=eloabder-20&linkCode=osi&th=1&psc=1">View Product</a></div><div class="product"><a href="https://www.amazon.com/dp/B01FCDWZFC?tag=eloabder-20&linkCode=osi&th=1&psc=1"><img src="https://m.media-amazon.com/images/I/41jrn+R3+0L._SL500_.jpg" alt="Product Image"></a><p>Baby Trend Range Jogger Stroller, Millennium</p><p> -36% 0FF </p><p>$90.08</p><a href="https://www.amazon.com/dp/B01FCDWZFC?tag=eloabder-20&linkCode=osi&th=1&psc=1">View Product</a></div><div class="product"><a href="https://www.amazon.com/dp/B0BSP4K34F?tag=eloabder-20&linkCode=osi&th=1&psc=1"><img src="https://m.media-amazon.com/images/I/41zs0EAVv0L._SL500_.jpg" alt="Product Image"></a><p>Summer by Ingenuity 3Dquickclose CS+ Compact Fold Stroller, Car-Seat Compatible, Lightweight Stroller with Oversized Canopy, Extra-Large Storage</p><p> -19% 0FF </p><p>$80.74</p><a href="https://www.amazon.com/dp/B0BSP4K34F?tag=eloabder-20&linkCode=osi&th=1&psc=1">View Product</a></div><div class="product"><a href="https://www.amazon.com/dp/B08K2YFNDW?tag=eloabder-20&linkCode=osi&th=1&psc=1"><img src="https://m.media-amazon.com/images/I/41USzhsByBL._SL500_.jpg" alt="Product Image"></a><p>Graco Ready2Grow LX 2.0 Double Stroller Features Bench Seat and Standing Platform Options, Clark</p><p> -20% 0FF </p><p>$215.99</p><a href="https://www.amazon.com/dp/B08K2YFNDW?tag=eloabder-20&linkCode=osi&th=1&psc=1">View Product</a></div><div class="product"><a href="https://www.amazon.com/dp/B09FL82SRC?tag=eloabder-20&linkCode=osi&th=1&psc=1"><img src="https://m.media-amazon.com/images/I/41oWEq1J+SL._SL500_.jpg" alt="Product Image"></a><p>Mompush Wiz 2-in-1 Convertible Baby Stroller with Bassinet Mode - Foldable Infant Stroller to Explore More as a Family - Toddler Stroller with Reversible Stroller Seat</p><p> -30% 0FF </p><p>$159.99</p><a href="https://www.amazon.com/dp/B09FL82SRC?tag=eloabder-20&linkCode=osi&th=1&psc=1">View Product</a></div><div class="product"><a href="https://www.amazon.com/dp/B01JRY00C2?tag=eloabder-20&linkCode=osi&th=1&psc=1"><img src="https://m.media-amazon.com/images/I/41oyBwt71IL._SL500_.jpg" alt="Product Image"></a><p>Safety 1st Smooth Ride Travel System Stroller and Car Seat OnBoard™ FLX - Efficient Infant Car Seat Stroller and Infant Car Seat and Stroller Combo, Monument</p><p> -9% 0FF </p><p>$199.99</p><a href="https://www.amazon.com/dp/B01JRY00C2?tag=eloabder-20&linkCode=osi&th=1&psc=1">View Product</a></div>
<div class="product"><a href="https://www.amazon.com/dp/B08K2CN246?tag=eloabder-20&linkCode=osi&th=1&psc=1"><img src="https://m.media-amazon.com/images/I/41kw6Z5JVpL._SL500_.jpg" alt="Product Image"></a><p>Graco Soothe My Way with Removable Rocker, Madden - Versatile Baby Swing & Portable Rocker</p><p> -5% 0FF </p><p>$199.99</p><a href="https://www.amazon.com/dp/B08K2CN246?tag=eloabder-20&linkCode=osi&th=1&psc=1">View Product</a></div><div class="product"><a href="https://www.amazon.com/dp/B0CPTD1PS8?tag=eloabder-20&linkCode=osi&th=1&psc=1"><img src="https://m.media-amazon.com/images/I/31mjNCs4A0L._SL500_.jpg" alt="Product Image"></a><p>Maxi-Cosi Cassia Baby Swings for Infants: Smart Portable Baby Swing with Music, Lightweight & Foldable Baby Swing, 360 Rotation Infant Swing, Classic Oat</p><p> -14% 0FF </p><p>$172.65</p><a href="https://www.amazon.com/dp/B0CPTD1PS8?tag=eloabder-20&linkCode=osi&th=1&psc=1">View Product</a></div>
<div class="product"><a href="https://www.amazon.com/dp/B0795ZW85G?tag=eloabder-20&linkCode=osi&th=1&psc=1"><img src="https://m.media-amazon.com/images/I/41MJ3gfs90L._SL500_.jpg" alt="Product Image"></a><p>Kinsa Smart,Fever, Digital Medical Baby, Kid and Adult Termometro - Accurate, Fast, FDA Cleared Thermometer for Oral, Armpit or Rectal Temperature Reading - QuickCare</p><p> -27% 0FF </p><p>$21.97</p><a href="https://www.amazon.com/dp/B0795ZW85G?tag=eloabder-20&linkCode=osi&th=1&psc=1">View Product</a></div>
<div class="product"><a href="https://www.amazon.com/dp/B0866RV9SM?tag=eloabder-20&linkCode=osi&th=1&psc=1"><img src="https://m.media-amazon.com/images/I/41n5jaf1l8L._SL500_.jpg" alt="Product Image"></a><p>Dr. Brown's Infant-to-Toddler Training Toothbrush Set with Fluoride-Free Baby Toothpaste, Strawberry - Giraffe - 1.4oz - 0-3 years</p><p> -9% 0FF </p><p>$8.19</p><a href="https://www.amazon.com/dp/B0866RV9SM?tag=eloabder-20&linkCode=osi&th=1&psc=1">View Product</a></div>
<div class="product"><a href="https://www.amazon.com/dp/B079KV58DJ?tag=eloabder-20&linkCode=osi&th=1&psc=1"><img src="https://m.media-amazon.com/images/I/31a0bFQr94L._SL500_.jpg" alt="Product Image"></a><p>Dr. Talbot's Baby Toothpaste Naturally Inspired with Citroganix and Silicone Finger Gum Massager, Vanilla Milk Flavor</p><p> -35% 0FF </p><p>$3.87</p><a href="https://www.amazon.com/dp/B079KV58DJ?tag=eloabder-20&linkCode=osi&th=1&psc=1">View Product</a></div><div class="product"><a href="https://www.amazon.com/dp/B07GT9YRXD?tag=eloabder-20&linkCode=osi&th=1&psc=1"><img src="https://m.media-amazon.com/images/I/416EJX6PtPL._SL500_.jpg" alt="Product Image"></a><p>Baby Toothpaste 6 to 12 Months - Rain Fluoride Free Tooth Paste Gel for Infant Toddler Kids 0-6 Years and Up, Safe to Swallow, 2.8 Oz, Babies Training, Xylitol, Vitamin C, Vegan, SLS Free, Gluten Free</p><p> -25% 0FF </p><p>$13.94</p><a href="https://www.amazon.com/dp/B07GT9YRXD?tag=eloabder-20&linkCode=osi&th=1&psc=1">View Product</a></div>
<div class="product"><a href="https://www.amazon.com/dp/B0B9BMFS4X?tag=eloabder-20&linkCode=osi&th=1&psc=1"><img src="https://m.media-amazon.com/images/I/51QOy--SVyL._SL500_.jpg" alt="Product Image"></a><p>HOMEXCEL Baby Washcloths 24 Pack-Microfiber Coral Fleece Baby Bath Face Towel 7 x 9 Inch Extra Absorbent and Soft Burp Cloth and Wash Cloths for Newborn-Infants and Toddlers-Gentle On Sensitive Skin</p><p> -10% 0FF </p><p>$8.99</p><a href="https://www.amazon.com/dp/B0B9BMFS4X?tag=eloabder-20&linkCode=osi&th=1&psc=1">View Product</a></div>
<div class="product"><a href="https://www.amazon.com/dp/B00M2AAYG6?tag=eloabder-20&linkCode=osi&th=1&psc=1"><img src="https://m.media-amazon.com/images/I/41fixA-oZyL._SL500_.jpg" alt="Product Image"></a><p>Smart Steps 3.0 Activity Walker, Emily</p><p> -20% 0FF </p><p>$39.98</p><a href="https://www.amazon.com/dp/B00M2AAYG6?tag=eloabder-20&linkCode=osi&th=1&psc=1">View Product</a></div><div class="product"><a href="https://www.amazon.com/dp/B0C4PB4QN3?tag=eloabder-20&linkCode=osi&th=1&psc=1"><img src="https://m.media-amazon.com/images/I/41a0CSHVcBL._SL500_.jpg" alt="Product Image"></a><p>Wismind Baby Walker Foldable with 9 Adjustable Heights, Baby Walkers and Activity Center for Boys Girls Babies 7-18 Months, Baby Walker with Wheels Portable</p><p> -30% 0FF </p><p>$69.99</p><a href="https://www.amazon.com/dp/B0C4PB4QN3?tag=eloabder-20&linkCode=osi&th=1&psc=1">View Product</a></div><div class="product"><a href="https://www.amazon.com/dp/B074ZDNJBD?tag=eloabder-20&linkCode=osi&th=1&psc=1"><img src="https://m.media-amazon.com/images/I/41WJhym-67L._SL500_.jpg" alt="Product Image"></a><p>Fisher-Price Baby Toy Laugh & Learn Smart Stages Learn with Puppy Walker with Music Lights & Activities for Infants Ages 6+ Months</p><p> -20% 0FF </p><p>$19.97</p><a href="https://www.amazon.com/dp/B074ZDNJBD?tag=eloabder-20&linkCode=osi&th=1&psc=1">View Product</a></div><div class="product"><a href="https://www.amazon.com/dp/B0CPP7HFVY?tag=eloabder-20&linkCode=osi&th=1&psc=1"><img src="https://m.media-amazon.com/images/I/51L9TuZYYDL._SL500_.jpg" alt="Product Image"></a><p>Tiny Land Wooden Baby Walker, Baby Push Walker, Montessori Walker Toy, Adjustable Speed Baby Walker for Boys and Girls, Baby Activity Center, Push Toys for Kids Development</p><p> -6% 0FF </p><p>$79.99</p><a href="https://www.amazon.com/dp/B0CPP7HFVY?tag=eloabder-20&linkCode=osi&th=1&psc=1">View Product</a></div><div class="product"><a href="https://www.amazon.com/dp/B09QNK7BD9?tag=eloabder-20&linkCode=osi&th=1&psc=1"><img src="https://m.media-amazon.com/images/I/417kGxszQCL._SL500_.jpg" alt="Product Image"></a><p>Bright Starts Disney Baby Minnie Mouse Forever Besties 2-in-1 Baby Activity Walker - Easy Fold Frame and Removable -Toy Station, 6 Months and up</p><p> -17% 0FF </p><p>$49.98</p><a href="https://www.amazon.com/dp/B09QNK7BD9?tag=eloabder-20&linkCode=osi&th=1&psc=1">View Product</a></div>
<div class="product"><a href="https://www.amazon.com/dp/B078XYF78X?tag=eloabder-20&linkCode=osi&th=1&psc=1"><img src="https://m.media-amazon.com/images/I/41cDmYF13wL._SL500_.jpg" alt="Product Image"></a><p>Huggies Simply Clean Fragrance-Free Baby Wipes, Unscented Diaper Wipes, 1 Flip-Top Pack (64 Wipes Total)</p><p> -21% 0FF </p><p>$2.17 ($3.39 / 100 Count)</p><a href="https://www.amazon.com/dp/B078XYF78X?tag=eloabder-20&linkCode=osi&th=1&psc=1">View Product</a></div><div class="product"><a href="https://www.amazon.com/dp/B08QRT84WJ?tag=eloabder-20&linkCode=osi&th=1&psc=1"><img src="https://m.media-amazon.com/images/I/51vfRHDV3QL._SL500_.jpg" alt="Product Image"></a><p>Huggies Natural Care Sensitive Baby Wipes, Unscented, Hypoallergenic, 6 Flip-Top Packs (288 Wipes Total)</p><p> -15% 0FF </p><p>$11.33 ($3.93 / 100 Count)</p><a href="https://www.amazon.com/dp/B08QRT84WJ?tag=eloabder-20&linkCode=osi&th=1&psc=1">View Product</a></div><div class="product"><a href="https://www.amazon.com/dp/B0CNSCVGPH?tag=eloabder-20&linkCode=osi&th=1&psc=1"><img src="https://m.media-amazon.com/images/I/51oFmARUYLL._SL500_.jpg" alt="Product Image"></a><p>Huggies Simply Clean Fresh Scent Baby Wipes, 3 Flip-Top Packs of 64 (192 Wipes Total)</p><p> -13% 0FF </p><p>$6.77 ($3.53 / 100 Count)</p><a href="https://www.amazon.com/dp/B0CNSCVGPH?tag=eloabder-20&linkCode=osi&th=1&psc=1">View Product</a></div><div class="product"><a href="https://www.amazon.com/dp/B07KGL6L56?tag=eloabder-20&linkCode=osi&th=1&psc=1"><img src="https://m.media-amazon.com/images/I/41mNPe9fqbL._SL500_.jpg" alt="Product Image"></a><p>Pampers Baby Clean Wipes, Baby Fresh Scented Baby Wipes, 72 Baby Wipes Total (1 Flip-Top Pack)</p><p> -27% 0FF </p><p>$2.49 ($3.46 / 100 Count)</p><a href="https://www.amazon.com/dp/B07KGL6L56?tag=eloabder-20&linkCode=osi&th=1&psc=1">View Product</a></div><div class="product"><a href="https://www.amazon.com/dp/B07XMFVN95?tag=eloabder-20&linkCode=osi&th=1&psc=1"><img src="https://m.media-amazon.com/images/I/51-VIf1JGuL._SL500_.jpg" alt="Product Image"></a><p>Amazon Brand - Mama Bear Gentle Fragrance Free Baby Wipes, Hypoallergenic, Sensitive Skin, Unscented, 800 Count (8 Packs of 100)</p><p> -11% 0FF </p><p>$20.59</p><a href="https://www.amazon.com/dp/B07XMFVN95?tag=eloabder-20&linkCode=osi&th=1&psc=1">View Product</a></div>
<div class="product"><a href="https://www.amazon.com/dp/B082PSKBXV?tag=eloabder-20&linkCode=osi&th=1&psc=1"><img src="https://m.media-amazon.com/images/I/41e-U+REwlL._SL500_.jpg" alt="Product Image"></a><p>Baby Wrap Carrier Jeroray Hands Free Infant Carrier,Lightweight,Breathable,Softness,Heather Grey</p><p> -11% 0FF </p><p>$19.59</p><a href="https://www.amazon.com/dp/B082PSKBXV?tag=eloabder-20&linkCode=osi&th=1&psc=1">View Product</a></div>
<div class="product"><a href="https://www.amazon.com/dp/B0771L5HN5?tag=eloabder-20&linkCode=osi&th=1&psc=1"><img src="https://m.media-amazon.com/images/I/51pAl1My4tL._SL500_.jpg" alt="Product Image"></a><p>Corner Protector for Baby, Protectors Guards, Furniture Corner Guard & Edge Safety Bumpers - Baby Proof Bumper Cushion - Clear & Transparent (12 Pack)</p><p> -11% 0FF </p><p>$7.98 ($0.66 / Count)</p><a href="https://www.amazon.com/dp/B0771L5HN5?tag=eloabder-20&linkCode=osi&th=1&psc=1">View Product</a></div><div class="product"><a href="https://www.amazon.com/dp/B07CNS8W5Y?tag=eloabder-20&linkCode=osi&th=1&psc=1"><img src="https://m.media-amazon.com/images/I/41Hxr+wFkkL._SL500_.jpg" alt="Product Image"></a><p>12 Pack Corner Guards Corner Protectors Baby Proof Furniture Corner & Edge Safety Bumpers, Table Corner Protector for Furniture Corner Covers Baby Safety</p><p> -17% 0FF </p><p>$4.99</p><a href="https://www.amazon.com/dp/B07CNS8W5Y?tag=eloabder-20&linkCode=osi&th=1&psc=1">View Product</a></div>
<div class="product"><a href="https://www.amazon.com/dp/B0BDFB3LW6?tag=eloabder-20&linkCode=osi&th=1&psc=1"><img src="https://m.media-amazon.com/images/I/31HyDb7637L._SL500_.jpg" alt="Product Image"></a><p>Baby Proofing Cabinets,Cabinet Locks for Babies,U-Shaped Child Locks for Cabinets, Child Proof Cabinet Latches,Child Safety Cabinet Locks with Adjustable by SPISPI (Pack of 2)</p><p> -30% 0FF </p><p>$6.99</p><a href="https://www.amazon.com/dp/B0BDFB3LW6?tag=eloabder-20&linkCode=osi&th=1&psc=1">View Product</a></div><div class="product"><a href="https://www.amazon.com/dp/B07GRNTXJZ?tag=eloabder-20&linkCode=osi&th=1&psc=1"><img src="https://m.media-amazon.com/images/I/41WR7vsRvML._SL500_.jpg" alt="Product Image"></a><p>Upgraded Invisible Baby Proofing Cabinet Latch Locks (10 Pack) - No Drilling or Tools Required for Installation, Works with Most Cabinets and Drawers, Works with Countertop Overhangs, Highly Secure</p><p> -33% 0FF </p><p>$19.99</p><a href="https://www.amazon.com/dp/B07GRNTXJZ?tag=eloabder-20&linkCode=osi&th=1&psc=1">View Product</a></div><div class="product"><a href="https://www.amazon.com/dp/B07TV9QY16?tag=eloabder-20&linkCode=osi&th=1&psc=1"><img src="https://m.media-amazon.com/images/I/31CzUhfEf9S._SL500_.jpg" alt="Product Image"></a><p>Child Safety Cabinet Locks - (10 Pack) Baby Proofing Latches to Drawer Door Fridge Oven Toilet Seat Kitchen Cupboard Appliance Trash Can with 3M Adhesive - Adjustable Strap No Drill No Tool</p><p> -25% 0FF </p><p>$14.99</p><a href="https://www.amazon.com/dp/B07TV9QY16?tag=eloabder-20&linkCode=osi&th=1&psc=1">View Product</a></div><div class="product"><a href="https://www.amazon.com/dp/B0D7W79D9T?tag=eloabder-20&linkCode=osi&th=1&psc=1"><img src="https://m.media-amazon.com/images/I/31awaiU9CVL._SL500_.jpg" alt="Product Image"></a><p>Baby Proofing Cabinets, Sliding Cabinet Locks for Babies, Adjustable U Shaped Baby Safety Locks, Childproof Cabinet Latch for Kitchen, Bathroom, Drawer, Cupboard Doors Knobs & Handles (2Pack White)</p><p> -25% 0FF </p><p>$2.99</p><a href="https://www.amazon.com/dp/B0D7W79D9T?tag=eloabder-20&linkCode=osi&th=1&psc=1">View Product</a></div><div class="product"><a href="https://www.amazon.com/dp/B07K2PWN19?tag=eloabder-20&linkCode=osi&th=1&psc=1"><img src="https://m.media-amazon.com/images/I/41UlC3lEJaS._SL500_.jpg" alt="Product Image"></a><p>Cabinet Locks - Adoric Life Child Safety Locks 4 Pack - Baby Safety Cabinet Locks - Baby Proofing Cabinet Kitchen System with Strong Adhesive Tape</p><p> -46% 0FF </p><p>$6.99</p><a href="https://www.amazon.com/dp/B07K2PWN19?tag=eloabder-20&linkCode=osi&th=1&psc=1">View Product</a></div>
<div class="product"><a href="https://www.amazon.com/dp/B007IUOG5A?tag=eloabder-20&linkCode=osi&th=1&psc=1"><img src="https://m.media-amazon.com/images/I/31+8zGGzplL._SL500_.jpg" alt="Product Image"></a><p>Safety Innovations Twin Door Baby Safety Outlet Cover Box for Babyproofing Outlets - More Interior Space for Extra Large Electrical Plugs and Adapters - Easy to Install - Easy to Use, (1-Pack)</p><p> -33% 0FF </p><p>$9.95</p><a href="https://www.amazon.com/dp/B007IUOG5A?tag=eloabder-20&linkCode=osi&th=1&psc=1">View Product</a></div><div class="product"><a href="https://www.amazon.com/dp/B000HKVG9C?tag=eloabder-20&linkCode=osi&th=1&psc=1"><img src="https://m.media-amazon.com/images/I/41RdFKMVyCL._SL500_.jpg" alt="Product Image"></a><p>Safety 1st Outlet Cover with Cord Shortener for Baby Proofing</p><p> -9% 0FF </p><p>$4.98</p><a href="https://www.amazon.com/dp/B000HKVG9C?tag=eloabder-20&linkCode=osi&th=1&psc=1">View Product</a></div><div class="product"><a href="https://www.amazon.com/dp/B01N7H7J47?tag=eloabder-20&linkCode=osi&th=1&psc=1"><img src="https://m.media-amazon.com/images/I/414dT3xocLL._SL500_.jpg" alt="Product Image"></a><p>Outlet Covers Baby Proofing (50 Pack) Safe & Secure Electric Plug Protectors | Sturdy Childproof Socket Covers for Home & Office | Easy Installation | Protect Toddlers & Babies | White</p><p> -31% 0FF </p><p>$8.99</p><a href="https://www.amazon.com/dp/B01N7H7J47?tag=eloabder-20&linkCode=osi&th=1&psc=1">View Product</a></div>
<div class="product"><a href="https://www.amazon.com/dp/B08SQYKXCH?tag=eloabder-20&linkCode=osi&th=1&psc=1"><img src="https://m.media-amazon.com/images/I/51NMUNJ6CmL._SL500_.jpg" alt="Product Image"></a><p>Baby Proofing Edge Corner Protector, Table Bumper Guard, Soft Rubber Foam Guard, 3M Pre-Taped Corners, 20.5 ft (18.1ft Edge + 8 Corners) Baby Proof Corner Guard Heavy-Duty (18.1ft, Cream White)</p><p> -5% 0FF </p><p>$15.75</p><a href="https://www.amazon.com/dp/B08SQYKXCH?tag=eloabder-20&linkCode=osi&th=1&psc=1">View Product</a></div>
<div class="product"><a href="https://www.amazon.com/dp/B082LN53Y4?tag=eloabder-20&linkCode=osi&th=1&psc=1"><img src="https://m.media-amazon.com/images/I/51MQ1RC2tuL._SL500_.jpg" alt="Product Image"></a><p>Baby Car Mirror Most Stable Backseat Mirror with Premium Matte Finish-Super Clear PMMA Material Mirror-Safe, Secure and Shatterproof,Black</p><p> -53% 0FF </p><p>$7.99</p><a href="https://www.amazon.com/dp/B082LN53Y4?tag=eloabder-20&linkCode=osi&th=1&psc=1">View Product</a></div><div class="product"><a href="https://www.amazon.com/dp/B07MT8HXVC?tag=eloabder-20&linkCode=osi&th=1&psc=1"><img src="https://m.media-amazon.com/images/I/51lvNQUNxjL._SL500_.jpg" alt="Product Image"></a><p>Baby Car Mirror, DARVIQS Seat Safely Monitor Infant Child in Rear Facing Seat, Wide View Shatterproof Adjustable Acrylic 360°for Backseat, Crash Tested and Certified for Safety</p><p> -15% 0FF </p><p>$12.69</p><a href="https://www.amazon.com/dp/B07MT8HXVC?tag=eloabder-20&linkCode=osi&th=1&psc=1">View Product</a></div><div class="product"><a href="https://www.amazon.com/dp/B01K478YBA?tag=eloabder-20&linkCode=osi&th=1&psc=1"><img src="https://m.media-amazon.com/images/I/413tQ4nkWHL._SL500_.jpg" alt="Product Image"></a><p>Shynerk Baby Car Mirror, Rear Facing Car Seat Mirror Safety for Infant Newborn, Baby Mirror with Wide Rearview & 360° Rotation, Shatterproof & Easy Assembled Crash Tested</p><p> -38% 0FF </p><p>$15.99</p><a href="https://www.amazon.com/dp/B01K478YBA?tag=eloabder-20&linkCode=osi&th=1&psc=1">View Product</a></div><div class="product"><a href="https://www.amazon.com/dp/B08FLH1SHC?tag=eloabder-20&linkCode=osi&th=1&psc=1"><img src="https://m.media-amazon.com/images/I/31HQAIIlPlL._SL500_.jpg" alt="Product Image"></a><p>Munchkin® Brica® 360 Pivot Baby in-Sight® Wide Angle Adjustable Car Mirror, Crash Tested and Shatter Resistant, Black</p><p> -11% 0FF </p><p>$20.52</p><a href="https://www.amazon.com/dp/B08FLH1SHC?tag=eloabder-20&linkCode=osi&th=1&psc=1">View Product</a></div><div class="product"><a href="https://www.amazon.com/dp/B0DD43HCBS?tag=eloabder-20&linkCode=osi&th=1&psc=1"><img src="https://m.media-amazon.com/images/I/411RbPJWuRL._SL500_.jpg" alt="Product Image"></a><p>WZBB Baby Car Mirror with Light - Remote Control, 360° Adjustable, Shatter Resistant, Clear Night Vision, Easy Installation for Rear Facing Infants and Toddlers</p><p> -22% 0FF </p><p>$27.98</p><a href="https://www.amazon.com/dp/B0DD43HCBS?tag=eloabder-20&linkCode=osi&th=1&psc=1">View Product</a></div>
<div class="product"><a href="https://www.amazon.com/dp/B000JVCJDQ?tag=eloabder-20&linkCode=osi&th=1&psc=1"><img src="https://m.media-amazon.com/images/I/41o-rEGfj5L._SL500_.jpg" alt="Product Image"></a><p>Earth Mama Organic Diaper Balm | Diaper Cream with Calendula | Calm Skin Baby Essentials for Diaper Bag |Multipurpose Baby Ointment, 2-Fluid Ounce (2-Pack)</p><p> -30% 0FF </p><p>$26.58</p><a href="https://www.amazon.com/dp/B000JVCJDQ?tag=eloabder-20&linkCode=osi&th=1&psc=1">View Product</a></div><div class="product"><a href="https://www.amazon.com/dp/B006YTX0HQ?tag=eloabder-20&linkCode=osi&th=1&psc=1"><img src="https://m.media-amazon.com/images/I/41WJwvRm5aL._SL500_.jpg" alt="Product Image"></a><p>Burt's Bees Christmas Gifts, Baby 100% Natural Multipurpose Healing Ointment, Face & Body Baby Ointment – 7.5 Ounce Tub</p><p> -16% 0FF </p><p>$7.59 ($1.01 / Ounce)</p><a href="https://www.amazon.com/dp/B006YTX0HQ?tag=eloabder-20&linkCode=osi&th=1&psc=1">View Product</a></div><div class="product"><a href="https://www.amazon.com/dp/B01HI7VY84?tag=eloabder-20&linkCode=osi&th=1&psc=1"><img src="https://m.media-amazon.com/images/I/41tnCnueEWL._SL500_.jpg" alt="Product Image"></a><p>Aveeno Baby Eczema Therapy Nighttime Moisturizing Body Balm, Nourishing Skin Protectant Soothes & Relieves Dry, Itchy Skin from Eczema, Hypoallergenic, Fragrance- & Steroid-Free, 11 oz</p><p> -28% 0FF </p><p>$19.37 ($1.76 / Ounce)</p><a href="https://www.amazon.com/dp/B01HI7VY84?tag=eloabder-20&linkCode=osi&th=1&psc=1">View Product</a></div><div class="product"><a href="https://www.amazon.com/dp/B078B9JPLX?tag=eloabder-20&linkCode=osi&th=1&psc=1"><img src="https://m.media-amazon.com/images/I/31V-kg6EG5L._SL500_.jpg" alt="Product Image"></a><p>Earth Mama Organic Baby Face Nose & Cheek Balm | Moisturizer with Calendula Oil for Dry Skin Care, Natural Petroleum Jelly Alternative (2-Fluid Ounce)</p><p> -9% 0FF </p><p>$9.99 ($5.00 / Ounce)</p><a href="https://www.amazon.com/dp/B078B9JPLX?tag=eloabder-20&linkCode=osi&th=1&psc=1">View Product</a></div>
<div class="product"><a href="https://www.amazon.com/dp/B0C6V4KH59?tag=eloabder-20&linkCode=osi&th=1&psc=1"><img src="https://m.media-amazon.com/images/I/41-m52lOZwL._SL500_.jpg" alt="Product Image"></a><p>HALO Baby Flex BassiNest, Adjustable Travel Bassinet, Easy Folding, Lightweight with Mattress and Carrying Bag, Morning Mist</p><p> -50% 0FF </p><p>$49.99</p><a href="https://www.amazon.com/dp/B0C6V4KH59?tag=eloabder-20&linkCode=osi&th=1&psc=1">View Product</a></div><div class="product"><a href="https://www.amazon.com/dp/B0C7VRMHYY?tag=eloabder-20&linkCode=osi&th=1&psc=1"><img src="https://m.media-amazon.com/images/I/41XOT8oQMML._SL500_.jpg" alt="Product Image"></a><p>AirClub Bassinet Bedside Sleeper, Baby Crib for Newborn, Baby Bassinets Bedside Sleeper with 4 Auto-Lock & Adjustable Height, Breathable Mesh & Mattress, Bedside Bassinet</p><p> -25% 0FF </p><p>$149.99</p><a href="https://www.amazon.com/dp/B0C7VRMHYY?tag=eloabder-20&linkCode=osi&th=1&psc=1">View Product</a></div><div class="product"><a href="https://www.amazon.com/dp/B0CB3HVPL7?tag=eloabder-20&linkCode=osi&th=1&psc=1"><img src="https://m.media-amazon.com/images/I/41AO8J-9fZL._SL500_.jpg" alt="Product Image"></a><p>Fodoss Baby Bassinets Bedside Sleeper - All Mesh Bedside Bassinet with Wheels, 7 Height Adjustable Baby Bassinet for Infants, Beige</p><p> -10% 0FF </p><p>$89.99</p><a href="https://www.amazon.com/dp/B0CB3HVPL7?tag=eloabder-20&linkCode=osi&th=1&psc=1">View Product</a></div><div class="product"><a href="https://www.amazon.com/dp/B0CXG8NVBP?tag=eloabder-20&linkCode=osi&th=1&psc=1"><img src="https://m.media-amazon.com/images/I/3173PjIYwrL._SL500_.jpg" alt="Product Image"></a><p>Graco® SmartSense™ Soothing Baby Bassinet – Smart Newborn Bassinet Detects and Automatically Responds to Baby's Cries – for Newborn Babies to 6 Months</p><p> -20% 0FF </p><p>$319.99</p><a href="https://www.amazon.com/dp/B0CXG8NVBP?tag=eloabder-20&linkCode=osi&th=1&psc=1">View Product</a></div><div class="product"><a href="https://www.amazon.com/dp/B08K3314ZL?tag=eloabder-20&linkCode=osi&th=1&psc=1"><img src="https://m.media-amazon.com/images/I/41pUDfJ9dAL._SL500_.jpg" alt="Product Image"></a><p>Graco Pack 'n Play Close2Baby Bassinet Playard Features Portable Bassinet Diaper Changer and More, Derby</p><p> -6% 0FF </p><p>$188.09</p><a href="https://www.amazon.com/dp/B08K3314ZL?tag=eloabder-20&linkCode=osi&th=1&psc=1">View Product</a></div><div class="product"><a href="https://www.amazon.com/dp/B0CTKT6641?tag=eloabder-20&linkCode=osi&th=1&psc=1"><img src="https://m.media-amazon.com/images/I/31pNKDUBgDL._SL500_.jpg" alt="Product Image"></a><p>Baby Delight Beside Me Dreamer Bassinet | Bedside Sleeper & Baby Bassinet | 6-Position Height Adjustment | 100% GOTS Certified Organic Cotton Fabric | Organic Mocha</p><p> -22% 0FF </p><p>$139.99</p><a href="https://www.amazon.com/dp/B0CTKT6641?tag=eloabder-20&linkCode=osi&th=1&psc=1">View Product</a></div><div class="product"><a href="https://www.amazon.com/dp/B09XHKL683?tag=eloabder-20&linkCode=osi&th=1&psc=1"><img src="https://m.media-amazon.com/images/I/611wEYRVaUL._SL500_.jpg" alt="Product Image"></a><p>Baby Bassinet Bedside Sleeper, besrey Bedside Bassinet for Newborn Infant with Comfy Mattress, 9 Height Positions, Adjustable Bedside Crib with 360° Swivel Wheels Bassinet for Baby with Storage Basket</p><p> -27% 0FF </p><p>$153.99</p><a href="https://www.amazon.com/dp/B09XHKL683?tag=eloabder-20&linkCode=osi&th=1&psc=1">View Product</a></div>
<div class="product"><a href="https://www.amazon.com/dp/B08CNM6DZT?tag=eloabder-20&linkCode=osi&th=1&psc=1"><img src="https://m.media-amazon.com/images/I/51D5+ArDsWL._SL500_.jpg" alt="Product Image"></a><p>Comfortable Bath Kneeler and Elbow Kneeling Rest Pad for Baby Bathing Parents - Painless Foam Mat with Toy Organizer Pockets - Quick Drying, Foldable, Non-Slip for Baby and Toddler Bathing</p><p> -20% 0FF </p><p>$41.97</p><a href="https://www.amazon.com/dp/B08CNM6DZT?tag=eloabder-20&linkCode=osi&th=1&psc=1">View Product</a></div><div class="product"><a href="https://www.amazon.com/dp/B07FK58QB1?tag=eloabder-20&linkCode=osi&th=1&psc=1"><img src="https://m.media-amazon.com/images/I/41qpzgGaHVL._SL500_.jpg" alt="Product Image"></a><p>Skip Hop Moby Bath Kneeler, Grey</p><p> -20% 0FF </p><p>$14.39</p><a href="https://www.amazon.com/dp/B07FK58QB1?tag=eloabder-20&linkCode=osi&th=1&psc=1">View Product</a></div><div class="product"><a href="https://www.amazon.com/dp/B081T5449V?tag=eloabder-20&linkCode=osi&th=1&psc=1"><img src="https://m.media-amazon.com/images/I/41bxm5Tx9BL._SL500_.jpg" alt="Product Image"></a><p>Toodly Baby Bath Kneeler and Elbow Rest Pad Set - Baby Bath Support for Knees and Elbows - Bath Kneeler Pad with Memory Foam and Bath Toys Organizer - Ideal Bath Kneeling Pad for Bathing Baby - Grey</p><p> -33% 0FF </p><p>$39.99</p><a href="https://www.amazon.com/dp/B081T5449V?tag=eloabder-20&linkCode=osi&th=1&psc=1">View Product</a></div><div class="product"><a href="https://www.amazon.com/dp/B07K1W7WN5?tag=eloabder-20&linkCode=osi&th=1&psc=1"><img src="https://m.media-amazon.com/images/I/31c0BxxJKZL._SL500_.jpg" alt="Product Image"></a><p>Skip Hop Baby Bath All-in-One Elbow Saver and Kneeler, Moby, Grey</p><p> -22% 0FF </p><p>$29.49</p><a href="https://www.amazon.com/dp/B07K1W7WN5?tag=eloabder-20&linkCode=osi&th=1&psc=1">View Product</a></div><div class="product"><a href="https://www.amazon.com/dp/B0CP48MH77?tag=eloabder-20&linkCode=osi&th=1&psc=1"><img src="https://m.media-amazon.com/images/I/41hoDZTiOEL._SL500_.jpg" alt="Product Image"></a><p>Efforest Baby Bath Kneeler and Elbow Rest Pad Set, 1.5" Thick Kneeling Pad for Baby Bath, Bathtub Kneeling pad with Toy Organizer for Knee & Arm Support, Non-Slip Mat for Baby & Toddler Bath</p><p> -50% 0FF </p><p>$17.48</p><a href="https://www.amazon.com/dp/B0CP48MH77?tag=eloabder-20&linkCode=osi&th=1&psc=1">View Product</a></div><div class="product"><a href="https://www.amazon.com/dp/B07WQTV19X?tag=eloabder-20&linkCode=osi&th=1&psc=1"><img src="https://m.media-amazon.com/images/I/41KGpUoWZ-S._SL500_.jpg" alt="Product Image"></a><p>Bath Kneeler and Elbow Rest Pad, 1.75 inch Extra Thick Baby Bath Kneeling Pad and Elbow Pad for Bathtub. Bath Tub Elbow Pad with Infant Toy and Baby Accessories Organizer, Grey</p><p> -13% 0FF </p><p>$34.99</p><a href="https://www.amazon.com/dp/B07WQTV19X?tag=eloabder-20&linkCode=osi&th=1&psc=1">View Product</a></div>
<div class="product"><a href="https://www.amazon.com/dp/B00I3K25R0?tag=eloabder-20&linkCode=osi&th=1&psc=1"><img src="https://m.media-amazon.com/images/I/41wucHZw+xL._SL500_.jpg" alt="Product Image"></a><p>Munchkin® Float & Play Bubbles™ Baby and Toddler Bath Toy, 4 Count</p><p> -35% 0FF </p><p>$6.15</p><a href="https://www.amazon.com/dp/B00I3K25R0?tag=eloabder-20&linkCode=osi&th=1&psc=1">View Product</a></div><div class="product"><a href="https://www.amazon.com/dp/B0C3VFVWYB?tag=eloabder-20&linkCode=osi&th=1&psc=1"><img src="https://m.media-amazon.com/images/I/41Cr35zwy4L._SL500_.jpg" alt="Product Image"></a><p>XY-WQ Bath Toys No Hole, for Infants 6-12& Toddlers 1-3, No Hole Bathtub Toys (Animal Ⅱ, 8 Pcs with Mesh Bag)</p><p> -25% 0FF </p><p>$11.99</p><a href="https://www.amazon.com/dp/B0C3VFVWYB?tag=eloabder-20&linkCode=osi&th=1&psc=1">View Product</a></div><div class="product"><a href="https://www.amazon.com/dp/B0D95ZDWD3?tag=eloabder-20&linkCode=osi&th=1&psc=1"><img src="https://m.media-amazon.com/images/I/51J3Myxu1lL._SL500_.jpg" alt="Product Image"></a><p>candyfouse Baby Whale Bath Toys,Whale Bath Toy Sprinkler, Light Up Bath Toys for Toddlers 1-3, Four Water Spray Patterns, Waterproof Design, Bathtub Fountain Spray Toy, Baby Birthday Shower Gifts</p><p> -40% 0FF </p><p>$5.99</p><a href="https://www.amazon.com/dp/B0D95ZDWD3?tag=eloabder-20&linkCode=osi&th=1&psc=1">View Product</a></div><div class="product"><a href="https://www.amazon.com/dp/B07Z22YMPN?tag=eloabder-20&linkCode=osi&th=1&psc=1"><img src="https://m.media-amazon.com/images/I/5101dLkJnoL._SL500_.jpg" alt="Product Image"></a><p>Toy Boat Bath Toys for Toddlers with 4 Mini Car Toys and 4 Bath Boat Squirters, Kids Ferry Boat for Bathtub Bathroom Pool Beach Toys</p><p> -50% 0FF </p><p>$13.47</p><a href="https://www.amazon.com/dp/B07Z22YMPN?tag=eloabder-20&linkCode=osi&th=1&psc=1">View Product</a></div><div class="product"><a href="https://www.amazon.com/dp/B0C72TGNHL?tag=eloabder-20&linkCode=osi&th=1&psc=1"><img src="https://m.media-amazon.com/images/I/51AOyTHwqrL._SL500_.jpg" alt="Product Image"></a><p>SplashEZ Mold Free Bath Toys for Babies & Toddlers, Car No Hole Bath Toys, Non Squirting Bath Toys No Mold for Tub, Beach, Pool, BPA-Free, Safe, Fun Infant Baby Bath Toys No Holes 0 1 3 6 12 18 Months</p><p> -38% 0FF </p><p>$9.99</p><a href="https://www.amazon.com/dp/B0C72TGNHL?tag=eloabder-20&linkCode=osi&th=1&psc=1">View Product</a></div>
<div class="product"><a href="https://www.amazon.com/dp/B078941ZC8?tag=eloabder-20&linkCode=osi&th=1&psc=1"><img src="https://m.media-amazon.com/images/I/31ltY+yutGL._SL500_.jpg" alt="Product Image"></a><p>Summer by Ingenuity My Bath Seat for Sit-Up Baby Bathing, Sure & Secure Suction Cups, ASTM Safety Tested & Approved, Backrest for Assisted Sitting, Easy Setup & Storage, Aqua</p><p> -34% 0FF </p><p>$23.16</p><a href="https://www.amazon.com/dp/B078941ZC8?tag=eloabder-20&linkCode=osi&th=1&psc=1">View Product</a></div><div class="product"><a href="https://www.amazon.com/dp/B0DCZ4F9MT?tag=eloabder-20&linkCode=osi&th=1&psc=1"><img src="https://m.media-amazon.com/images/I/31BF+egPyoL._SL500_.jpg" alt="Product Image"></a><p>Baby Bath Seat for Babies 6 Months & Up, Bath Seats for Babies Sitting Up, 3 Baby Bath Toys, Open Design, Non-Slip, Compact Toddler Bath Seat.</p><p> -6% 0FF </p><p>$39.99</p><a href="https://www.amazon.com/dp/B0DCZ4F9MT?tag=eloabder-20&linkCode=osi&th=1&psc=1">View Product</a></div><div class="product"><a href="https://www.amazon.com/dp/B0CSCYM2NW?tag=eloabder-20&linkCode=osi&th=1&psc=1"><img src="https://m.media-amazon.com/images/I/31Vbrx5q63L._SL500_.jpg" alt="Product Image"></a><p>Trankerloop Baby Bath Seat, Bath Seat for Baby 6 Month & up, Baby Bath tub Seat with Suction Cups, Non-Slip, Detachable, Pink</p><p> -11% 0FF </p><p>$39.99</p><a href="https://www.amazon.com/dp/B0CSCYM2NW?tag=eloabder-20&linkCode=osi&th=1&psc=1">View Product</a></div><div class="product"><a href="https://www.amazon.com/dp/B0CJF7WSCV?tag=eloabder-20&linkCode=osi&th=1&psc=1"><img src="https://m.media-amazon.com/images/I/41r0TqNTb+L._SL500_.jpg" alt="Product Image"></a><p>BKFEDLU Infant Bath Seat with Thermometer, Suction Cups, Toys - Toddler Bath Chair for Babies 6 Months & Up</p><p> -50% 0FF </p><p>$19.99</p><a href="https://www.amazon.com/dp/B0CJF7WSCV?tag=eloabder-20&linkCode=osi&th=1&psc=1">View Product</a></div><div class="product"><a href="https://www.amazon.com/dp/B0CRYFHT1G?tag=eloabder-20&linkCode=osi&th=1&psc=1"><img src="https://m.media-amazon.com/images/I/41nKT+O2y1L._SL500_.jpg" alt="Product Image"></a><p>Baby Bath Seat LDIIDII Baby Bathtub Seat Infant Bath Seat for Babies 6 Months&Up Sit Up Bathing in Tub,Toddler Bath Seat with Water Thermometer/4 Strong Suction Cup/3 Bath Toys/Shower Cap (Grey)</p><p> -50% 0FF </p><p>$19.99</p><a href="https://www.amazon.com/dp/B0CRYFHT1G?tag=eloabder-20&linkCode=osi&th=1&psc=1">View Product</a></div><div class="product"><a href="https://www.amazon.com/dp/B0D9VMXND1?tag=eloabder-20&linkCode=osi&th=1&psc=1"><img src="https://m.media-amazon.com/images/I/41UIJrNYB2L._SL500_.jpg" alt="Product Image"></a><p>Baby Bath Seat for Babies 6 Months & Up, Non-Slip Toddler Bath Seat for Baby Sitting Up, Safe Baby Bath tub Seat with Suction Cups, Soft Cushion, Baby Bath Chair, Gray</p><p> -13% 0FF </p><p>$39.99</p><a href="https://www.amazon.com/dp/B0D9VMXND1?tag=eloabder-20&linkCode=osi&th=1&psc=1">View Product</a></div><div class="product"><a href="https://www.amazon.com/dp/B0CR78TDQS?tag=eloabder-20&linkCode=osi&th=1&psc=1"><img src="https://m.media-amazon.com/images/I/41nFTXKoQGL._SL500_.jpg" alt="Product Image"></a><p>Wddbb Baby Bath Seat, Bath seat for Babies 6 Months & up, with Thermometer Bath Seats for Babies Sitting up, Non-Slip Toddler Bath Seat for Baby,Baby Bathtub Baby Bath Seats 6-24 Months (Gray)</p><p> -50% 0FF </p><p>$19.98</p><a href="https://www.amazon.com/dp/B0CR78TDQS?tag=eloabder-20&linkCode=osi&th=1&psc=1">View Product</a></div>
<div class="product"><a href="https://www.amazon.com/dp/B073GGVN3Q?tag=eloabder-20&linkCode=osi&th=1&psc=1"><img src="https://m.media-amazon.com/images/I/31vxBAs9CqL._SL500_.jpg" alt="Product Image"></a><p>b&h Baby Thermometer, The Infant Baby Bath Floating Toy Safety Temperature Water Thermometer (Classic Duck)</p><p> -6% 0FF </p><p>$15.99</p><a href="https://www.amazon.com/dp/B073GGVN3Q?tag=eloabder-20&linkCode=osi&th=1&psc=1">View Product</a></div><div class="product"><a href="https://www.amazon.com/dp/B0CBVTGRW2?tag=eloabder-20&linkCode=osi&th=1&psc=1"><img src="https://m.media-amazon.com/images/I/415ogBhdwML._SL500_.jpg" alt="Product Image"></a><p>Nuby Bath and Room Digital Thermometer - Baby Thermometer for Safe and Cozy Bath and Room Temperatures - Penguin</p><p> -20% 0FF </p><p>$11.99</p><a href="https://www.amazon.com/dp/B0CBVTGRW2?tag=eloabder-20&linkCode=osi&th=1&psc=1">View Product</a></div><div class="product"><a href="https://www.amazon.com/dp/B08HWBT9YD?tag=eloabder-20&linkCode=osi&th=1&psc=1"><img src="https://m.media-amazon.com/images/I/31SEPnY30NL._SL500_.jpg" alt="Product Image"></a><p>Doli Yearning Upgrade Baby Bath Thermometer Room Temperature| Water Thermometer|Kids' Bathroom Safety Products| Baby Bath(Seal Shape)℃/℉, LCD</p><p> -28% 0FF </p><p>$12.99</p><a href="https://www.amazon.com/dp/B08HWBT9YD?tag=eloabder-20&linkCode=osi&th=1&psc=1">View Product</a></div><div class="product"><a href="https://www.amazon.com/dp/B0CNCVSKWJ?tag=eloabder-20&linkCode=osi&th=1&psc=1"><img src="https://m.media-amazon.com/images/I/413jcI7ZoZL._SL500_.jpg" alt="Product Image"></a><p>Baby Bath Thermometer, Digital Water Temperature Thermometer with 3 Color Backlit and Temperature Warning, Safety Bath Tube Thermometer Floating Toy for Infant, Toddler</p><p> -7% 0FF </p><p>$12.99</p><a href="https://www.amazon.com/dp/B0CNCVSKWJ?tag=eloabder-20&linkCode=osi&th=1&psc=1">View Product</a></div><div class="product"><a href="https://www.amazon.com/dp/B01MY98912?tag=eloabder-20&linkCode=osi&th=1&psc=1"><img src="https://m.media-amazon.com/images/I/41HQEQLxeCL._SL500_.jpg" alt="Product Image"></a><p>Bath Thermometer - Bath Water Thermometer for Bathtub Baby Safety Water Temperature for Baby Bath - Easy to Use Bath Temperature Thermometer</p><p> -12% 0FF </p><p>$5.25</p><a href="https://www.amazon.com/dp/B01MY98912?tag=eloabder-20&linkCode=osi&th=1&psc=1">View Product</a></div><div class="product"><a href="https://www.amazon.com/dp/B0CYLVX1ZJ?tag=eloabder-20&linkCode=osi&th=1&psc=1"><img src="https://m.media-amazon.com/images/I/41xhSGYiopL._SL500_.jpg" alt="Product Image"></a><p>Pircaath Baby Bath Thermometer & Swimming Turtle Floating Bath Toys, BPA-Free Bath Thermometer Baby Safety, Backlit Display Bathtub Thermometer Baby Water Thermometer, Bath Temperature Toy for Infant</p><p> -17% 0FF </p><p>$9.99</p><a href="https://www.amazon.com/dp/B0CYLVX1ZJ?tag=eloabder-20&linkCode=osi&th=1&psc=1">View Product</a></div><div class="product"><a href="https://www.amazon.com/dp/B07GC7H86T?tag=eloabder-20&linkCode=osi&th=1&psc=1"><img src="https://m.media-amazon.com/images/I/414jIzev-VL._SL500_.jpg" alt="Product Image"></a><p>Baby Bath Thermometer with Room Thermometer - Famidoc FDTH-V0-22 New Upgraded Sensor Technology for Baby Health Bath Tub Thermometer Floating Toy Thermometer (Blue)</p><p> -12% 0FF </p><p>$14.99</p><a href="https://www.amazon.com/dp/B07GC7H86T?tag=eloabder-20&linkCode=osi&th=1&psc=1">View Product</a></div>
<div class="product"><a href="https://www.amazon.com/dp/B00G0KPLZI?tag=eloabder-20&linkCode=osi&th=1&psc=1"><img src="https://m.media-amazon.com/images/I/41X53ExW5-S._SL500_.jpg" alt="Product Image"></a><p>Spasilk Hooded Terry Bathrobe with Booties, Blue Plane, One Size</p><p> -14% 0FF </p><p>$11.99</p><a href="https://www.amazon.com/dp/B00G0KPLZI?tag=eloabder-20&linkCode=osi&th=1&psc=1">View Product</a></div><div class="product"><a href="https://www.amazon.com/dp/B09N7BB9Y6?tag=eloabder-20&linkCode=osi&th=1&psc=1"><img src="https://m.media-amazon.com/images/I/41iGc7gTxlL._SL500_.jpg" alt="Product Image"></a><p>ROMASA Baby Bath Towel Ultra Soft Hooded Towel Highly Absorbent Bathrobe Blanket Toddlers Shower Gifts for Boys Girls- 27.5" x 55" (Yellow)</p><p> -20% 0FF </p><p>$14.39 ($1.27 / Ounce)</p><a href="https://www.amazon.com/dp/B09N7BB9Y6?tag=eloabder-20&linkCode=osi&th=1&psc=1">View Product</a></div>
<div class="product"><a href="https://www.amazon.com/dp/B0C9Q8MXWW?tag=eloabder-20&linkCode=osi&th=1&psc=1"><img src="https://m.media-amazon.com/images/I/31aI3dosJJL._SL500_.jpg" alt="Product Image"></a><p>Baby Bathtub Faucet Cover, Bath Faucet Cover for Kids, Baby Bath Spout Cover, Soft Silicone Bathtub Faucet Safety Toys, Cute Whale, Universal Fit, Make Your Baby's Bath Time Fun and Love It</p><p> -46% 0FF </p><p>$6.99</p><a href="https://www.amazon.com/dp/B0C9Q8MXWW?tag=eloabder-20&linkCode=osi&th=1&psc=1">View Product</a></div><div class="product"><a href="https://www.amazon.com/dp/B07D98DLDV?tag=eloabder-20&linkCode=osi&th=1&psc=1"><img src="https://m.media-amazon.com/images/I/21f3AzvkYLL._SL500_.jpg" alt="Product Image"></a><p>Skip Hop Baby Bath Spout Cover, Universal Fit, Moby, Grey</p><p> -7% 0FF </p><p>$12.99</p><a href="https://www.amazon.com/dp/B07D98DLDV?tag=eloabder-20&linkCode=osi&th=1&psc=1">View Product</a></div><div class="product"><a href="https://www.amazon.com/dp/B0CSYJQ9D6?tag=eloabder-20&linkCode=osi&th=1&psc=1"><img src="https://m.media-amazon.com/images/I/314iWaEh9xL._SL500_.jpg" alt="Product Image"></a><p>Baby Bathtub Faucet Cover, Baby Safety Protection Silicone Toys, Bath Spout Cover Baby Bathtub, Faucet Cover Baby Bathtub Silicone Whale for Kids, Toddler, Infant, Grey Whale</p><p> -20% 0FF </p><p>$7.99</p><a href="https://www.amazon.com/dp/B0CSYJQ9D6?tag=eloabder-20&linkCode=osi&th=1&psc=1">View Product</a></div>
<div class="product"><a href="https://www.amazon.com/dp/B0070WGV9K?tag=eloabder-20&linkCode=osi&th=1&psc=1"><img src="https://m.media-amazon.com/images/I/41pqg6p2q0L._SL500_.jpg" alt="Product Image"></a><p>Regalo Swing Down Bed Rail Guard, with Reinforced Anchor Safety System</p><p> -8% 0FF </p><p>$23.99</p><a href="https://www.amazon.com/dp/B0070WGV9K?tag=eloabder-20&linkCode=osi&th=1&psc=1">View Product</a></div><div class="product"><a href="https://www.amazon.com/dp/B0CWS2NZ3K?tag=eloabder-20&linkCode=osi&th=1&psc=1"><img src="https://m.media-amazon.com/images/I/41OVQSq+N9L._SL500_.jpg" alt="Product Image"></a><p>NUTIKAS Baby Bed Rail Guard for Toddlers - 47" Toddler Bed Side Rails for Twin, Full, Queen Bunk Size Bed Swing Down Bedrail Extral Tall Child Safety Side Railing Guards for Kids</p><p> -27% 0FF </p><p>$35.98</p><a href="https://www.amazon.com/dp/B0CWS2NZ3K?tag=eloabder-20&linkCode=osi&th=1&psc=1">View Product</a></div><div class="product"><a href="https://www.amazon.com/dp/B00MTJWT68?tag=eloabder-20&linkCode=osi&th=1&psc=1"><img src="https://m.media-amazon.com/images/I/21FdaFkL+tL._SL500_.jpg" alt="Product Image"></a><p>Dream On Me Lightweight Mesh Security Adjustable Bed Rail for Toddler, Breathable Mesh Fabric, Suitable for All Types Of Beds, Reinforced Anchor System Bed Guard Rail, White</p><p> -50% 0FF </p><p>$19.98</p><a href="https://www.amazon.com/dp/B00MTJWT68?tag=eloabder-20&linkCode=osi&th=1&psc=1">View Product</a></div><div class="product"><a href="https://www.amazon.com/dp/B07JJP7S3Q?tag=eloabder-20&linkCode=osi&th=1&psc=1"><img src="https://m.media-amazon.com/images/I/41Rn7Sf-wLL._SL500_.jpg" alt="Product Image"></a><p>BANBALOO | Bed Bumper for Toddlers 53" | Bed Rails for Queen, King, Twin, Full-Size Bed | Toddler Bed Bumper | Bumpers for Bed | Bed Rail for Toddlers | Bed Barrier for Toddler | Foam Bumper</p><p> -23% 0FF </p><p>$26.99</p><a href="https://www.amazon.com/dp/B07JJP7S3Q?tag=eloabder-20&linkCode=osi&th=1&psc=1">View Product</a></div>
<div class="product"><a href="https://www.amazon.com/dp/B07SPT3D3J?tag=eloabder-20&linkCode=osi&th=1&psc=1"><img src="https://m.media-amazon.com/images/I/517zG-7ToEL._SL500_.jpg" alt="Product Image"></a><p>Teddy Soft Baby Book Activity Quiet Cloth Books Developmental Toys,Interactive Baby Books for Babies Toddlers Infants kids,Baby Boy Girls Machine Washable Toys Fabric Soft Book Goodnight Gift Box</p><p> -5% 0FF </p><p>$17.95</p><a href="https://www.amazon.com/dp/B07SPT3D3J?tag=eloabder-20&linkCode=osi&th=1&psc=1">View Product</a></div>
<div class="product"><a href="https://www.amazon.com/dp/B00JFTFPHK?tag=eloabder-20&linkCode=osi&th=1&psc=1"><img src="https://m.media-amazon.com/images/I/51O+qRW-KEL._SL500_.jpg" alt="Product Image"></a><p>25pcs 1" Pacifier Suspender Clips, Marrywindix Pacifier Clips for Making Pacifier Holders Bib Clips Toy Holder Silver</p><p> -33% 0FF </p><p>$5.99</p><a href="https://www.amazon.com/dp/B00JFTFPHK?tag=eloabder-20&linkCode=osi&th=1&psc=1">View Product</a></div><div class="product"><a href="https://www.amazon.com/dp/B00W94QLX0?tag=eloabder-20&linkCode=osi&th=1&psc=1"><img src="https://m.media-amazon.com/images/I/51O+qRW-KEL._SL500_.jpg" alt="Product Image"></a><p>50pcs 1" Pacifier Suspender Clips, Marrywindix Pacifier Clips for Making Pacifier Holders Bib Clips Toy Holder Silver</p><p> -40% 0FF </p><p>$8.99</p><a href="https://www.amazon.com/dp/B00W94QLX0?tag=eloabder-20&linkCode=osi&th=1&psc=1">View Product</a></div>
<div class="product"><a href="https://www.amazon.com/dp/B08G4SDDQC?tag=eloabder-20&linkCode=osi&th=1&psc=1"><img src="https://m.media-amazon.com/images/I/41HQSFX14bL._SL500_.jpg" alt="Product Image"></a><p>8-Pack Organic Baby Bandana Drool Bibs for Girls - Super Absorbent Baby Bibs for Baby Girls, Baby Boys, Soft Cotton Bandana Bibs, Baby Drool Bib, Teething Bibs for Infant, Toddler(Muted Pastel)</p><p> -26% 0FF </p><p>$16.96</p><a href="https://www.amazon.com/dp/B08G4SDDQC?tag=eloabder-20&linkCode=osi&th=1&psc=1">View Product</a></div>
<div class="product"><a href="https://www.amazon.com/dp/B08NNDN5GF?tag=eloabder-20&linkCode=osi&th=1&psc=1"><img src="https://m.media-amazon.com/images/I/41ocef4uVmL._SL500_.jpg" alt="Product Image"></a><p>Hudson Baby Unisex Baby Plush Sleeping Bag, Sack, Blanket, Gray Clouds, 18-24 Months</p><p> -37% 0FF </p><p>$10.08</p><a href="https://www.amazon.com/dp/B08NNDN5GF?tag=eloabder-20&linkCode=osi&th=1&psc=1">View Product</a></div><div class="product"><a href="https://www.amazon.com/dp/B0CQMHYCMX?tag=eloabder-20&linkCode=osi&th=1&psc=1"><img src="https://m.media-amazon.com/images/I/41vq0RvJ3yL._SL500_.jpg" alt="Product Image"></a><p>Gerber Baby Girls Flame Resistant Fleece Footed Pajamas 2-Pack, Purple Rainbows</p><p> -6% 0FF </p><p>$16.98</p><a href="https://www.amazon.com/dp/B0CQMHYCMX?tag=eloabder-20&linkCode=osi&th=1&psc=1">View Product</a></div>
<div class="product"><a href="https://www.amazon.com/dp/B0BDRKG478?tag=eloabder-20&linkCode=osi&th=1&psc=1"><img src="https://m.media-amazon.com/images/I/31LBn9SzD9L._SL500_.jpg" alt="Product Image"></a><p>Graco TurboBooster 2.0 Backless Booster Car Seat, Denton</p><p> -29% 0FF </p><p>$20.49</p><a href="https://www.amazon.com/dp/B0BDRKG478?tag=eloabder-20&linkCode=osi&th=1&psc=1">View Product</a></div><div class="product"><a href="https://www.amazon.com/dp/B07C2RNRCJ?tag=eloabder-20&linkCode=osi&th=1&psc=1"><img src="https://m.media-amazon.com/images/I/31CuULOPD4L._SL500_.jpg" alt="Product Image"></a><p>Graco Tranzitions 3 in 1 Harness Booster Seat</p><p> -21% 0FF </p><p>$94.49</p><a href="https://www.amazon.com/dp/B07C2RNRCJ?tag=eloabder-20&linkCode=osi&th=1&psc=1">View Product</a></div>
<div class="product"><a href="https://www.amazon.com/dp/B09H6Y14KH?tag=eloabder-20&linkCode=osi&th=1&psc=1"><img src="https://m.media-amazon.com/images/I/410cJD5cOBL._SL500_.jpg" alt="Product Image"></a><p>Mancro Breastmilk Cooler Bag with Ice Pack, Fits 6 Baby Bottles Up to 9 Ounce Insulated Bottle Bag, Breast Milk on The go Strap, for Nursing Mom Daycare, Black</p><p> -6% 0FF </p><p>$16.99</p><a href="https://www.amazon.com/dp/B09H6Y14KH?tag=eloabder-20&linkCode=osi&th=1&psc=1">View Product</a></div>
<div class="product"><a href="https://www.amazon.com/dp/B006SFUCV8?tag=eloabder-20&linkCode=osi&th=1&psc=1"><img src="https://m.media-amazon.com/images/I/31Uu2+3+7RL._SL500_.jpg" alt="Product Image"></a><p>Munchkin® High Capacity Drying Rack for Baby Bottles and Accessories, White</p><p> -6% 0FF </p><p>$13.75</p><a href="https://www.amazon.com/dp/B006SFUCV8?tag=eloabder-20&linkCode=osi&th=1&psc=1">View Product</a></div><div class="product"><a href="https://www.amazon.com/dp/B0CHJS27KB?tag=eloabder-20&linkCode=osi&th=1&psc=1"><img src="https://m.media-amazon.com/images/I/51CDxHsKEAL._SL500_.jpg" alt="Product Image"></a><p>Termichy Baby Bottle Drying Rack: Large Vertical Bottle Dryer Rack Holder - Space Saving Standing Drying Rack for Baby Bottles and Pump Part Cleaning (Gray)</p><p> -7% 0FF </p><p>$26.99</p><a href="https://www.amazon.com/dp/B0CHJS27KB?tag=eloabder-20&linkCode=osi&th=1&psc=1">View Product</a></div><div class="product"><a href="https://www.amazon.com/dp/B00RQ83N76?tag=eloabder-20&linkCode=osi&th=1&psc=1"><img src="https://m.media-amazon.com/images/I/31bE-Iv6B6L._SL500_.jpg" alt="Product Image"></a><p>Munchkin Fold Baby Bottle Drying Rack - Compact Design Folds Flat for Easy Storage, White/Grey</p><p> -8% 0FF </p><p>$7.76</p><a href="https://www.amazon.com/dp/B00RQ83N76?tag=eloabder-20&linkCode=osi&th=1&psc=1">View Product</a></div><div class="product"><a href="https://www.amazon.com/dp/B00HNVWGNS?tag=eloabder-20&linkCode=osi&th=1&psc=1"><img src="https://m.media-amazon.com/images/I/41oD0n0VKWL._SL500_.jpg" alt="Product Image"></a><p>Dr. Brown's Folding Baby Bottle Drying Rack for Easy Storage, Dry Nipples, Pacifiers and Other Baby Essentials, BPA-free</p><p> -34% 0FF </p><p>$11.89</p><a href="https://www.amazon.com/dp/B00HNVWGNS?tag=eloabder-20&linkCode=osi&th=1&psc=1">View Product</a></div><div class="product"><a href="https://www.amazon.com/dp/B0CMRV5CPZ?tag=eloabder-20&linkCode=osi&th=1&psc=1"><img src="https://m.media-amazon.com/images/I/41XhN13vG4L._SL500_.jpg" alt="Product Image"></a><p>Dr. Brown's Drying Tower, Stand-Up Drying Rack, Countertop Baby Bottle Drying with Organized Storage for Baby Essentials, Space Saving Vertical Rack</p><p> -32% 0FF </p><p>$19.98</p><a href="https://www.amazon.com/dp/B0CMRV5CPZ?tag=eloabder-20&linkCode=osi&th=1&psc=1">View Product</a></div>
<div class="product"><a href="https://www.amazon.com/dp/B0876T9DQZ?tag=eloabder-20&linkCode=osi&th=1&psc=1"><img src="https://m.media-amazon.com/images/I/41EvYRi2WLL._SL500_.jpg" alt="Product Image"></a><p>Philips Avent Premium Fast Bottle Warmer, with Smart Temperature Control, Water Bath Technology, Automatic Shut-Off, Model SCF358</p><p> -20% 0FF </p><p>$39.99</p><a href="https://www.amazon.com/dp/B0876T9DQZ?tag=eloabder-20&linkCode=osi&th=1&psc=1">View Product</a></div><div class="product"><a href="https://www.amazon.com/dp/B0D2X9276K?tag=eloabder-20&linkCode=osi&th=1&psc=1"><img src="https://m.media-amazon.com/images/I/31kRB6a3EoL._SL500_.jpg" alt="Product Image"></a><p>WITGER 8-in-1 Baby Bottle Warmer and Sterilizer - Fast Heating, Accurate Temperature Control, BPA-Free, Defrosting, Food Heating, and Constant Temperature Maintenance.</p><p> -14% 0FF </p><p>$29.99</p><a href="https://www.amazon.com/dp/B0D2X9276K?tag=eloabder-20&linkCode=osi&th=1&psc=1">View Product</a></div><div class="product"><a href="https://www.amazon.com/dp/B09XJBQWQZ?tag=eloabder-20&linkCode=osi&th=1&psc=1"><img src="https://m.media-amazon.com/images/I/41rEmiL1MDL._SL500_.jpg" alt="Product Image"></a><p>Dr. Brown’s™ Insta-Feed™ Bottle Warmer and Sterilizer</p><p> -14% 0FF </p><p>$24.99</p><a href="https://www.amazon.com/dp/B09XJBQWQZ?tag=eloabder-20&linkCode=osi&th=1&psc=1">View Product</a></div><div class="product"><a href="https://www.amazon.com/dp/B0B97M3PX2?tag=eloabder-20&linkCode=osi&th=1&psc=1"><img src="https://m.media-amazon.com/images/I/31D1jFeOavL._SL500_.jpg" alt="Product Image"></a><p>Momcozy Bottle Warmer, Fast Bottle Warmers for All Bottles with Timer, Accurate Temperature Control and Automatic Shut-Off, Multifunctional Bottle Warmer for Breastmilk</p><p> -43% 0FF </p><p>$33.99</p><a href="https://www.amazon.com/dp/B0B97M3PX2?tag=eloabder-20&linkCode=osi&th=1&psc=1">View Product</a></div><div class="product"><a href="https://www.amazon.com/dp/B07YJKWTYW?tag=eloabder-20&linkCode=osi&th=1&psc=1"><img src="https://m.media-amazon.com/images/I/31Rfvw7DMyL._SL500_.jpg" alt="Product Image"></a><p>Bottle Warmer, GROWNSY 8-in-1 Fast Baby Milk Warmer with Timer for Breastmilk or Formula, Accurate Temperature Control, with Defrost, Sterili-zing, Keep, Heat Baby Food Jars Function</p><p> -20% 0FF </p><p>$39.99</p><a href="https://www.amazon.com/dp/B07YJKWTYW?tag=eloabder-20&linkCode=osi&th=1&psc=1">View Product</a></div><div class="product"><a href="https://www.amazon.com/dp/B0BY26RDWQ?tag=eloabder-20&linkCode=osi&th=1&psc=1"><img src="https://m.media-amazon.com/images/I/412nEaDc-cL._SL500_.jpg" alt="Product Image"></a><p>Momcozy Nutri Bottle Warmer, 9-in-1 Baby Bottle Warmer with Night Light, Accurate Temperature to Preserve Fullest Nutrients in Breast Milk, Bottle Warmers for All Bottles with Breastmilk or Formula</p><p> -20% 0FF </p><p>$39.99</p><a href="https://www.amazon.com/dp/B0BY26RDWQ?tag=eloabder-20&linkCode=osi&th=1&psc=1">View Product</a></div><div class="product"><a href="https://www.amazon.com/dp/B00005BXKM?tag=eloabder-20&linkCode=osi&th=1&psc=1"><img src="https://m.media-amazon.com/images/I/31nh2NZoUTL._SL500_.jpg" alt="Product Image"></a><p>The First Years Baby Bottle Warmer and Sterilizer - Pacifier and Bottle Nipple Sanitizer - Feeding Baby Essentials for Formula or Breast Milk - Holds Multiple Sizes</p><p> -10% 0FF </p><p>$19.75</p><a href="https://www.amazon.com/dp/B00005BXKM?tag=eloabder-20&linkCode=osi&th=1&psc=1">View Product</a></div>
<div class="product"><a href="https://www.amazon.com/dp/B0C7FL2XSL?tag=eloabder-20&linkCode=osi&th=1&psc=1"><img src="https://m.media-amazon.com/images/I/3195BfbxF2L._SL500_.jpg" alt="Product Image"></a><p>Motif Medical, Milk Storage Bags, 6 oz Milk Freezer Bag with Easy Pour Spout, BPA Free, Write-On Label - 100 Count</p><p> -20% 0FF </p><p>$15.99</p><a href="https://www.amazon.com/dp/B0C7FL2XSL?tag=eloabder-20&linkCode=osi&th=1&psc=1">View Product</a></div>
<div class="product"><a href="https://www.amazon.com/dp/B08H9QJVNZ?tag=eloabder-20&linkCode=osi&th=1&psc=1"><img src="https://m.media-amazon.com/images/I/31XZwvFZhIL._SL500_.jpg" alt="Product Image"></a><p>Medela Manual breast pump with Flex Shields Harmony Single Hand for More Comfort and Expressing More Milk</p><p> -34% 0FF </p><p>$28.72</p><a href="https://www.amazon.com/dp/B08H9QJVNZ?tag=eloabder-20&linkCode=osi&th=1&psc=1">View Product</a></div><div class="product"><a href="https://www.amazon.com/dp/B0BXH3XF7X?tag=eloabder-20&linkCode=osi&th=1&psc=1"><img src="https://m.media-amazon.com/images/I/41GBdp47u+L._SL500_.jpg" alt="Product Image"></a><p>Momcozy Hands Free Breast Pump S9 Pro Updated, Wearable Breast Pump of Longer Battery Life & LED Display, Double Portable Electric Breast Pump with 2 Modes & 9 Levels - 24mm, 2 Pack Gray</p><p> -31% 0FF </p><p>$95.98</p><a href="https://www.amazon.com/dp/B0BXH3XF7X?tag=eloabder-20&linkCode=osi&th=1&psc=1">View Product</a></div><div class="product"><a href="https://www.amazon.com/dp/B0CNGJMQDD?tag=eloabder-20&linkCode=osi&th=1&psc=1"><img src="https://m.media-amazon.com/images/I/41XS8v-5dyL._SL500_.jpg" alt="Product Image"></a><p>Momcozy Breast Pump Hands Free M5, Wearable Breast Pump of Baby Mouth Double-Sealed Flange with 3 Modes & 9 Levels, Electric Breast Pump Portable - 24mm, 2 Pack Cozy Red</p><p> -23% 0FF </p><p>$199.99 ($100.00 / Count)</p><a href="https://www.amazon.com/dp/B0CNGJMQDD?tag=eloabder-20&linkCode=osi&th=1&psc=1">View Product</a></div><div class="product"><a href="https://www.amazon.com/dp/B0DK9VJCRK?tag=eloabder-20&linkCode=osi&th=1&psc=1"><img src="https://m.media-amazon.com/images/I/41RyWq3DsfL._SL500_.jpg" alt="Product Image"></a><p>Hands Free Breast Pump Wearable MY-375 - Strong Suction, Low Noise, Wearable Breastfeeding Pump with 4 Mode &12 Levels, Portable Electric Breast Pump - 19/21/24mm Insert/Flange, 2 Pack (White)</p><p> -33% 0FF </p><p>$99.99 ($50.00 / Count)</p><a href="https://www.amazon.com/dp/B0DK9VJCRK?tag=eloabder-20&linkCode=osi&th=1&psc=1">View Product</a></div>
<div class="product"><a href="https://www.amazon.com/dp/B0BTZTSMM7?tag=eloabder-20&linkCode=osi&th=1&psc=1"><img src="https://m.media-amazon.com/images/I/41E+gI3y2mL._SL500_.jpg" alt="Product Image"></a><p>Konssy Muslin Nursing Cover for Baby Breastfeeding, Breathable 100% Cotton Breastfeeding Cover with Rigid Hoop for Mother Nursing Apron, Multi-use Carseat Canopy (Summer Wheat)</p><p> -25% 0FF </p><p>$14.99</p><a href="https://www.amazon.com/dp/B0BTZTSMM7?tag=eloabder-20&linkCode=osi&th=1&psc=1">View Product</a></div><div class="product"><a href="https://www.amazon.com/dp/B0CRY93RSV?tag=eloabder-20&linkCode=osi&th=1&psc=1"><img src="https://m.media-amazon.com/images/I/31GF3tvRWjL._SL500_.jpg" alt="Product Image"></a><p>Konssy Knit Nursing Cover for Breastfeeding, 360 Full Privacy Breathable Breastfeeding Cover, Multi-use Carseat Canopy(Beige)</p><p> -25% 0FF </p><p>$14.99</p><a href="https://www.amazon.com/dp/B0CRY93RSV?tag=eloabder-20&linkCode=osi&th=1&psc=1">View Product</a></div><div class="product"><a href="https://www.amazon.com/dp/B0CYM1Y178?tag=eloabder-20&linkCode=osi&th=1&psc=1"><img src="https://m.media-amazon.com/images/I/41BlDYTW3hL._SL500_.jpg" alt="Product Image"></a><p>Comfy Cubs Nursing Cover for Baby Breastfeeding - 100% Muslin Cotton, Soft & Breathable Cotton, Breastfeeding Pumping Cover for Mom, with Rigid Hoop - Privacy Unisex Lightweight Wrap (Pacific Blue)</p><p> -48% 0FF </p><p>$12.99</p><a href="https://www.amazon.com/dp/B0CYM1Y178?tag=eloabder-20&linkCode=osi&th=1&psc=1">View Product</a></div><div class="product"><a href="https://www.amazon.com/dp/B074M6FRND?tag=eloabder-20&linkCode=osi&th=1&psc=1"><img src="https://m.media-amazon.com/images/I/51odoDcAZ9L._SL500_.jpg" alt="Product Image"></a><p>Baby Nursing Cover & Nursing Poncho - Multi Use Cover for Baby Car Seat Canopy, Shopping Cart Cover, Stroller Cover, 360° Full Privacy Breastfeeding Coverage, Baby Shower Gifts for Boy&Girl</p><p> -30% 0FF </p><p>$13.95</p><a href="https://www.amazon.com/dp/B074M6FRND?tag=eloabder-20&linkCode=osi&th=1&psc=1">View Product</a></div><div class="product"><a href="https://www.amazon.com/dp/B0CB15QFNL?tag=eloabder-20&linkCode=osi&th=1&psc=1"><img src="https://m.media-amazon.com/images/I/31GyAL5zSlL._SL500_.jpg" alt="Product Image"></a><p>Breathable Car Seat Cover for Babies – Multi-Purpose Soft Rayon Nursing Cover for Breastfeeding, High Stretchy Infant Carseat Canopy, Stroller Cover (Smooth Rayon, Blush)</p><p> -20% 0FF </p><p>$7.99</p><a href="https://www.amazon.com/dp/B0CB15QFNL?tag=eloabder-20&linkCode=osi&th=1&psc=1">View Product</a></div>
<div class="product"><a href="https://www.amazon.com/dp/B00PC3K7OE?tag=eloabder-20&linkCode=osi&th=1&psc=1"><img src="https://m.media-amazon.com/images/I/41Ysisnr8oL._SL500_.jpg" alt="Product Image"></a><p>My Brest Friend Nursing Pillow - Deluxe - Enhanced Comfort w/ Slipcover - Ergonomic Breastfeeding Pillow For Ultimate Support For Mom & Baby - Adjustable Pillow W/ Handy Side Pocket, Evening Grey</p><p> -6% 0FF </p><p>$49.99</p><a href="https://www.amazon.com/dp/B00PC3K7OE?tag=eloabder-20&linkCode=osi&th=1&psc=1">View Product</a></div><div class="product"><a href="https://www.amazon.com/dp/B0B2W7X465?tag=eloabder-20&linkCode=osi&th=1&psc=1"><img src="https://m.media-amazon.com/images/I/41TWXbEgaJL._SL500_.jpg" alt="Product Image"></a><p>Momcozy Nursing Pillow for Breastfeeding, Original Plus Size Breastfeeding Pillows for More Support for Mom and Baby, with Adjustable Waist Strap and Removable Cotton Cover, Grey</p><p> -17% 0FF </p><p>$39.99</p><a href="https://www.amazon.com/dp/B0B2W7X465?tag=eloabder-20&linkCode=osi&th=1&psc=1">View Product</a></div><div class="product"><a href="https://www.amazon.com/dp/B08LF56YHJ?tag=eloabder-20&linkCode=osi&th=1&psc=1"><img src="https://m.media-amazon.com/images/I/31pJjCYHNMS._SL500_.jpg" alt="Product Image"></a><p>My Brest Friend Super Deluxe Nursing Pillow - Enhanced Comfort & Ergonomic Breastfeeding Pillow for Ultimate Support For Mom & Baby - Adjustable and with Handy Side Pocket, Platinum</p><p> -8% 0FF </p><p>$59.99</p><a href="https://www.amazon.com/dp/B08LF56YHJ?tag=eloabder-20&linkCode=osi&th=1&psc=1">View Product</a></div><div class="product"><a href="https://www.amazon.com/dp/B0C3RWRCQM?tag=eloabder-20&linkCode=osi&th=1&psc=1"><img src="https://m.media-amazon.com/images/I/516Q+AKi5kL._SL500_.jpg" alt="Product Image"></a><p>PILLANI Nursing Pillow, Plus Size Breastfeeding Pillows for Enhanced Support & Comfort for Mom & Baby, Removable Cotton Cover, Adjustable Waist Strap, Breastfeeding Essentials, Baby Registry Search</p><p> -20% 0FF </p><p>$31.99</p><a href="https://www.amazon.com/dp/B0C3RWRCQM?tag=eloabder-20&linkCode=osi&th=1&psc=1">View Product</a></div><div class="product"><a href="https://www.amazon.com/dp/B0CPVDN3J3?tag=eloabder-20&linkCode=osi&th=1&psc=1"><img src="https://m.media-amazon.com/images/I/41sq3SZUjlL._SL500_.jpg" alt="Product Image"></a><p>Momcozy Original Nursing Pillow and Positioner, Plus Size Breast Feeding Pillow for More Support for Mom and Baby Boy or Girl，Baby Essentials for Nursing or Bottle Feeding and Removable Cotton Cover</p><p> -15% 0FF </p><p>$39.99</p><a href="https://www.amazon.com/dp/B0CPVDN3J3?tag=eloabder-20&linkCode=osi&th=1&psc=1">View Product</a></div><div class="product"><a href="https://www.amazon.com/dp/B00PC3JYQQ?tag=eloabder-20&linkCode=osi&th=1&psc=1"><img src="https://m.media-amazon.com/images/I/51AoteowPXL._SL500_.jpg" alt="Product Image"></a><p>My Brest Friend Original Nursing Pillow Enhanced Ergonomics Essential Breastfeeding Pillow Support For Mom & Baby W/ Convenient Side Pocket, Double Straps & slipcover, Midnight Poppy</p><p> -7% 0FF </p><p>$41.99</p><a href="https://www.amazon.com/dp/B00PC3JYQQ?tag=eloabder-20&linkCode=osi&th=1&psc=1">View Product</a></div>
<div class="product"><a href="https://www.amazon.com/dp/B09KRKGJ3S?tag=eloabder-20&linkCode=osi&th=1&psc=1"><img src="https://m.media-amazon.com/images/I/41fXKHSGeCL._SL500_.jpg" alt="Product Image"></a><p>Looxii Muslin Burp Cloths 100% Cotton Large 20''x10'' Extra Soft and Absorbent 6 Pack Baby Burping Cloth for Boys Girls (Dark Green)</p><p> -6% 0FF </p><p>$13.14</p><a href="https://www.amazon.com/dp/B09KRKGJ3S?tag=eloabder-20&linkCode=osi&th=1&psc=1">View Product</a></div><div class="product"><a href="https://www.amazon.com/dp/B0CLPGQWNB?tag=eloabder-20&linkCode=osi&th=1&psc=1"><img src="https://m.media-amazon.com/images/I/416sGTkqHRL._SL500_.jpg" alt="Product Image"></a><p>Comfy Cubs Muslin Burp Cloths Large 100% Cotton Hand Washcloths for Babies, Baby Essentials 6 Layers Extra Absorbent and Soft Boys & Girls Baby Bibs & Burp Cloths Set (Multicolor, 10-Pack, 20" X10")</p><p> -33% 0FF </p><p>$19.99</p><a href="https://www.amazon.com/dp/B0CLPGQWNB?tag=eloabder-20&linkCode=osi&th=1&psc=1">View Product</a></div><div class="product"><a href="https://www.amazon.com/dp/B0CNKWNY43?tag=eloabder-20&linkCode=osi&th=1&psc=1"><img src="https://m.media-amazon.com/images/I/31iZQ-IdT6L._SL500_.jpg" alt="Product Image"></a><p>Comfy Cubs Burp Cloths 6 Pack Large 100% Cotton Washcloths Double Layered Absorbent Burping Cloth Extra Absorbent Baby Burp Cloth Extra Soft for Boys and Girls (Multicolor Girl, Pack of 6)</p><p> -40% 0FF </p><p>$14.99 ($2.50 / Count)</p><a href="https://www.amazon.com/dp/B0CNKWNY43?tag=eloabder-20&linkCode=osi&th=1&psc=1">View Product</a></div>
<div class="product"><a href="https://www.amazon.com/dp/B096NZHHVR?tag=eloabder-20&linkCode=osi&th=1&psc=1"><img src="https://m.media-amazon.com/images/I/41PxfLKcdWL._SL500_.jpg" alt="Product Image"></a><p>Meolsaek Car Seat Protector for Child Car Seat, 600D Fabric Waterproof Car Seat Cover with Non-Slip Backing, Under Baby Car Seat from Pressure Marks</p><p> -15% 0FF </p><p>$33.97</p><a href="https://www.amazon.com/dp/B096NZHHVR?tag=eloabder-20&linkCode=osi&th=1&psc=1">View Product</a></div><div class="product"><a href="https://www.amazon.com/dp/B096PGXGB4?tag=eloabder-20&linkCode=osi&th=1&psc=1"><img src="https://m.media-amazon.com/images/I/31Y4e9zhROS._SL500_.jpg" alt="Product Image"></a><p>XHYANG Car Seat Protector 1 Pack Car Seat Cushion Mat Thickest Padding,Waterproof 600D Fabric Car Seat Covers for Non-Slip Backing Mesh Pockets for Baby and Pet (1 Seat Protector)</p><p> -24% 0FF </p><p>$17.95</p><a href="https://www.amazon.com/dp/B096PGXGB4?tag=eloabder-20&linkCode=osi&th=1&psc=1">View Product</a></div><div class="product"><a href="https://www.amazon.com/dp/B09828NDRS?tag=eloabder-20&linkCode=osi&th=1&psc=1"><img src="https://m.media-amazon.com/images/I/31ua+nTGAXL._SL500_.jpg" alt="Product Image"></a><p>XHYANG Car Seat Protector,Auto Car Seat Protectors Baby Carseat Waterproof Durable 600D Fabric for Child Baby Car Seat Mat Vehicle Pet Cover 2 Storage Pockets (1 Pack)</p><p> -31% 0FF </p><p>$17.99</p><a href="https://www.amazon.com/dp/B09828NDRS?tag=eloabder-20&linkCode=osi&th=1&psc=1">View Product</a></div><div class="product"><a href="https://www.amazon.com/dp/B0CB14PHZT?tag=eloabder-20&linkCode=osi&th=1&psc=1"><img src="https://m.media-amazon.com/images/I/31lC1dggTTL._SL500_.jpg" alt="Product Image"></a><p>Breathable Car Seat Cover for Babies – Multi-Purpose Soft Rayon Nursing Cover for Breastfeeding, High Stretchy Infant Carseat Canopy, Stroller Cover (Smooth Rayon, Roman Green)</p><p> -20% 0FF </p><p>$7.19</p><a href="https://www.amazon.com/dp/B0CB14PHZT?tag=eloabder-20&linkCode=osi&th=1&psc=1">View Product</a></div><div class="product"><a href="https://www.amazon.com/dp/B08H4WCFXV?tag=eloabder-20&linkCode=osi&th=1&psc=1"><img src="https://m.media-amazon.com/images/I/516mz-4vqgL._SL500_.jpg" alt="Product Image"></a><p>Yoofoss Baby Car Seat Cover Winter Carseat Canopies Cover to Protect Baby from Cold Wind, Super Warm Plush Fleece Baby Carrier Cover for Infant Boys Girls (Black)</p><p> -11% 0FF </p><p>$32.99</p><a href="https://www.amazon.com/dp/B08H4WCFXV?tag=eloabder-20&linkCode=osi&th=1&psc=1">View Product</a></div>

<div class="product"><a href="https://www.amazon.com/dp/B07W6JGDYW?tag=eloabder-20&linkCode=osi&th=1&psc=1"><img src="https://m.media-amazon.com/images/I/41H2tKos7SL._SL500_.jpg" alt="Product Image"></a><p>Kaiphy Car Seat Protector - Seat Protection Mat - Thick Padding - Durable, Waterproof Fabric, Leather Reinforced Corners & 3 Pockets for Handy Storage Black</p><p> -46% 0FF </p><p>$13.97</p><a href="https://www.amazon.com/dp/B07W6JGDYW?tag=eloabder-20&linkCode=osi&th=1&psc=1">View Product</a></div><div class="product"><a href="https://www.amazon.com/dp/B0D5XFHH28?tag=eloabder-20&linkCode=osi&th=1&psc=1"><img src="https://m.media-amazon.com/images/I/31XhcmIiWAL._SL500_.jpg" alt="Product Image"></a><p>Car Seat Protector, Carseat Seat Protectors with Thick Padding and Upgraded Non-Slip Backing, Waterproof Seat Protector under Baby Car Seat, 600D Fabric Car Seat Covers with Storage Pockets for Baby</p><p> -20% 0FF </p><p>$13.59</p><a href="https://www.amazon.com/dp/B0D5XFHH28?tag=eloabder-20&linkCode=osi&th=1&psc=1">View Product</a></div><div class="product"><a href="https://www.amazon.com/dp/B07JBQBVL6?tag=eloabder-20&linkCode=osi&th=1&psc=1"><img src="https://m.media-amazon.com/images/I/31PZj+OEfjL._SL500_.jpg" alt="Product Image"></a><p>Car Seat Protector for Baby Child Car Seats, Shynerk Auto Seat Cover Mat for Under Carseat to Protect Automotive Vehicle Leather and Cloth Upholstery - Waterproof and Dirt Resistant</p><p> -33% 0FF </p><p>$19.99</p><a href="https://www.amazon.com/dp/B07JBQBVL6?tag=eloabder-20&linkCode=osi&th=1&psc=1">View Product</a></div>
<div class="product"><a href="https://www.amazon.com/dp/B00O64QJOC?tag=eloabder-20&linkCode=osi&th=1&psc=1"><img src="https://m.media-amazon.com/images/I/21l2K1fjgyL._SL500_.jpg" alt="Product Image"></a><p>Munchkin® Secure Grip™ Contoured Baby Diaper Changing Pad for Dresser, Waterproof, 16" x 31"</p><p> -10% 0FF </p><p>$31.49</p><a href="https://www.amazon.com/dp/B00O64QJOC?tag=eloabder-20&linkCode=osi&th=1&psc=1">View Product</a></div><div class="product"><a href="https://www.amazon.com/dp/B0DF1W28C5?tag=eloabder-20&linkCode=osi&th=1&psc=1"><img src="https://m.media-amazon.com/images/I/31F+H+AlPWL._SL500_.jpg" alt="Product Image"></a><p>Blissful Diary Vegan Leather Baby Changing Pad with Waterproof & Wipe-Clean PU Cover, Standard Size Cozy Baby Changing Table Pads for Dressers/Tables, Taupe</p><p> -13% 0FF </p><p>$34.99</p><a href="https://www.amazon.com/dp/B0DF1W28C5?tag=eloabder-20&linkCode=osi&th=1&psc=1">View Product</a></div><div class="product"><a href="https://www.amazon.com/dp/B0B45JKHGG?tag=eloabder-20&linkCode=osi&th=1&psc=1"><img src="https://m.media-amazon.com/images/I/41i2u89FqBL._SL500_.jpg" alt="Product Image"></a><p>YENING Baby Diaper Changing Pad for Dresser Top with Cover Waterproof Lining Foam Contoured Changing Table Pads Topper 31" x 16" Grey</p><p> -33% 0FF </p><p>$26.98</p><a href="https://www.amazon.com/dp/B0B45JKHGG?tag=eloabder-20&linkCode=osi&th=1&psc=1">View Product</a></div>
<div class="product"><a href="https://www.amazon.com/dp/B0D3BPZ77F?tag=eloabder-20&linkCode=osi&th=1&psc=1"><img src="https://m.media-amazon.com/images/I/41-+eE90DeL._SL500_.jpg" alt="Product Image"></a><p>Baby Changing Table, Versatile Folding Changing Table, Waterproof Diaper Changing Station, Adjustable Height with 2 Drawers,Baby Changing Station, Mobile Nursery for Infant and Newborn</p><p> -30% 0FF </p><p>$159.99</p><a href="https://www.amazon.com/dp/B0D3BPZ77F?tag=eloabder-20&linkCode=osi&th=1&psc=1">View Product</a></div><div class="product"><a href="https://www.amazon.com/dp/B073YB522V?tag=eloabder-20&linkCode=osi&th=1&psc=1"><img src="https://m.media-amazon.com/images/I/41IwxC2WttS._SL500_.jpg" alt="Product Image"></a><p>Delta Children Eclipse Changing Table with Changing Pad, Grey</p><p> -44% 0FF </p><p>$79.00</p><a href="https://www.amazon.com/dp/B073YB522V?tag=eloabder-20&linkCode=osi&th=1&psc=1">View Product</a></div><div class="product"><a href="https://www.amazon.com/dp/B075ZVTJ3D?tag=eloabder-20&linkCode=osi&th=1&psc=1"><img src="https://m.media-amazon.com/images/I/41Ig2EwFThL._SL500_.jpg" alt="Product Image"></a><p>Dream On Me Emily Changing Table In Steel Grey, Comes With 1" Changing Pad, Features Two Shelves, Portable Changing Station, Made Of Sustainable New Zealand Pinewood</p><p> -21% 0FF </p><p>$69.99</p><a href="https://www.amazon.com/dp/B075ZVTJ3D?tag=eloabder-20&linkCode=osi&th=1&psc=1">View Product</a></div><div class="product"><a href="https://www.amazon.com/dp/B08HMJCHCT?tag=eloabder-20&linkCode=osi&th=1&psc=1"><img src="https://m.media-amazon.com/images/I/31aqc05wT6L._SL500_.jpg" alt="Product Image"></a><p>Storkcraft Brookside 2 Drawer Changing Table Dresser (Pebble Gray) – GREENGUARD Gold Certified, Easy-to-Match Chest of Drawers and Cubbies for Nursery and Kids Bedroom, Includes Changing Table Topper</p><p> -31% 0FF </p><p>$151.29</p><a href="https://www.amazon.com/dp/B08HMJCHCT?tag=eloabder-20&linkCode=osi&th=1&psc=1">View Product</a></div><div class="product"><a href="https://www.amazon.com/dp/B005OSHTSO?tag=eloabder-20&linkCode=osi&th=1&psc=1"><img src="https://m.media-amazon.com/images/I/41ckUWX71DL._SL500_.jpg" alt="Product Image"></a><p>Badger Basket Modern Baby Changing Table with Laundry Hamper, 3 Storage Drawers and Pad, Diaper Change Station - White/White</p><p> -32% 0FF </p><p>$128.99</p><a href="https://www.amazon.com/dp/B005OSHTSO?tag=eloabder-20&linkCode=osi&th=1&psc=1">View Product</a></div><div class="product"><a href="https://www.amazon.com/dp/B08HHFZ5JJ?tag=eloabder-20&linkCode=osi&th=1&psc=1"><img src="https://m.media-amazon.com/images/I/31oH0mt34ML._SL500_.jpg" alt="Product Image"></a><p>Graco Noah 3 Drawer Chest with Changing Topper (White) – GREENGUARD Gold Certified, Baby Dresser With Changing Table Top, Dresser for Nursery, 3 Drawer Kids Dresser</p><p> -24% 0FF </p><p>$188.75</p><a href="https://www.amazon.com/dp/B08HHFZ5JJ?tag=eloabder-20&linkCode=osi&th=1&psc=1">View Product</a></div>
<div class="product"><a href="https://www.amazon.com/dp/B0BVHMHH4X?tag=eloabder-20&linkCode=osi&th=1&psc=1"><img src="https://m.media-amazon.com/images/I/41AOdI5vSML._SL500_.jpg" alt="Product Image"></a><p>TAHAVICE 1 Pack Over The Door Organizer, Bathroom Organizers and Storage with 5 Pockets 10 Mesh Pockets, 50 lbs Weight Capacity Stuffed Animal Storage for Nursery Newborn Baby Essential</p><p> -20% 0FF </p><p>$15.98</p><a href="https://www.amazon.com/dp/B0BVHMHH4X?tag=eloabder-20&linkCode=osi&th=1&psc=1">View Product</a></div><div class="product"><a href="https://www.amazon.com/dp/B06XJ343CC?tag=eloabder-20&linkCode=osi&th=1&psc=1"><img src="https://m.media-amazon.com/images/I/31zbpeWMpnL._SL500_.jpg" alt="Product Image"></a><p>20 Pack Clothing Rack Size Dividers, Wardrobe Round Hangers Label Closet Dividers with 1 Piece Marker Pen for Clothes Organization(White, Blank)</p><p> -14% 0FF </p><p>$8.59 ($0.43 / Count)</p><a href="https://www.amazon.com/dp/B06XJ343CC?tag=eloabder-20&linkCode=osi&th=1&psc=1">View Product</a></div><div class="product"><a href="https://www.amazon.com/dp/B09H4JTQC7?tag=eloabder-20&linkCode=osi&th=1&psc=1"><img src="https://m.media-amazon.com/images/I/51pFCzWgo3L._SL500_.jpg" alt="Product Image"></a><p>Pro Goleem Baby Closet Dividers Unisex Baby Closet Organizer for Nursery Baby Clothes Size Age Dividers Fits 1.5" Rod 6 PCS</p><p> -20% 0FF </p><p>$7.99</p><a href="https://www.amazon.com/dp/B09H4JTQC7?tag=eloabder-20&linkCode=osi&th=1&psc=1">View Product</a></div><div class="product"><a href="https://www.amazon.com/dp/B0DDTSNXNM?tag=eloabder-20&linkCode=osi&th=1&psc=1"><img src="https://m.media-amazon.com/images/I/517HtZWlKIL._SL500_.jpg" alt="Product Image"></a><p>Blissful Diary Baby Diaper Caddy Organizer, Cotton Rope Diaper Caddy Basket, Large Baby Shower Caddy for Newborn Boys and Girls, Gift for Baby Shower List, Newborn Essentials Basket, Earthy Rainbow</p><p> -30% 0FF </p><p>$15.99</p><a href="https://www.amazon.com/dp/B0DDTSNXNM?tag=eloabder-20&linkCode=osi&th=1&psc=1">View Product</a></div>
<div class="product"><a href="https://www.amazon.com/dp/B08DN1KTRH?tag=eloabder-20&linkCode=osi&th=1&psc=1"><img src="https://m.media-amazon.com/images/I/510rTaksLXL._SL500_.jpg" alt="Product Image"></a><p>16 Pack Baby Washcloths - Luxury Multicolor Coral Fleece - Extra Absorbent and Soft Wash Clothes for Newborns, Infants and Toddlers - Suitable for Sensitive Skin and New Born - Baby Shower, 10x10 Inch</p><p> -47% 0FF </p><p>$9.99</p><a href="https://www.amazon.com/dp/B08DN1KTRH?tag=eloabder-20&linkCode=osi&th=1&psc=1">View Product</a></div><div class="product"><a href="https://www.amazon.com/dp/B088RBY8Y5?tag=eloabder-20&linkCode=osi&th=1&psc=1"><img src="https://m.media-amazon.com/images/I/31Ku9qSjBCL._SL500_.jpg" alt="Product Image"></a><p>Yoofoss Muslin Burp Cloths for Baby 10 Pack 100% Cotton Baby Washcloths for Boys Girls Large 20''X10'' Super Soft and Absorbent White</p><p> -5% 0FF </p><p>$18.95</p><a href="https://www.amazon.com/dp/B088RBY8Y5?tag=eloabder-20&linkCode=osi&th=1&psc=1">View Product</a></div>
<div class="product"><a href="https://www.amazon.com/dp/B0CMZJ1J4T?tag=eloabder-20&linkCode=osi&th=1&psc=1"><img src="https://m.media-amazon.com/images/I/410bv8kIM8L._SL500_.jpg" alt="Product Image"></a><p>Jay Franco Bluey & Bingo Toddler Comforter Set - 4 Piece Bed Set Includes Sheet Set & Pillow Covers - Super Soft Clouds & Stars Kids Bedding</p><p> -23% 0FF </p><p>$46.49</p><a href="https://www.amazon.com/dp/B0CMZJ1J4T?tag=eloabder-20&linkCode=osi&th=1&psc=1">View Product</a></div><div class="product"><a href="https://www.amazon.com/dp/B00VQ2RLNA?tag=eloabder-20&linkCode=osi&th=1&psc=1"><img src="https://m.media-amazon.com/images/I/513vvaHOurL._SL500_.jpg" alt="Product Image"></a><p>Burt's Bees Baby Infant Reversible Quilt Blanket, Jersey Knit, Soft, 100% Organic Cotton Blankets, with 100% Polyester Fill for Warm Padding, Size 37 x 46 Inch</p><p> -50% 0FF </p><p>$32.49</p><a href="https://www.amazon.com/dp/B00VQ2RLNA?tag=eloabder-20&linkCode=osi&th=1&psc=1">View Product</a></div><div class="product"><a href="https://www.amazon.com/dp/B01GKZO0U4?tag=eloabder-20&linkCode=osi&th=1&psc=1"><img src="https://m.media-amazon.com/images/I/21lI+ZZ6+3L._SL500_.jpg" alt="Product Image"></a><p>Tadpoles Quilted Toddler Comforter | 40" x 60" | Made of 100% Microfiber Polyester (Shell) & 200 GSM Fiberfill | Soft, Breathable & Durable | Ideal for Toddlers (12-48 Months) | Box Pattern in White</p><p> -12% 0FF </p><p>$21.99</p><a href="https://www.amazon.com/dp/B01GKZO0U4?tag=eloabder-20&linkCode=osi&th=1&psc=1">View Product</a></div><div class="product"><a href="https://www.amazon.com/dp/B0BRKBKSB5?tag=eloabder-20&linkCode=osi&th=1&psc=1"><img src="https://m.media-amazon.com/images/I/313gax4ZutL._SL500_.jpg" alt="Product Image"></a><p>ZPECC Toddler Comforter Blanket - 39" x 53" Down Alternative Crib Duvet Set, Includes Child Quilt, Flat Pillow, Bear Stitching</p><p> -26% 0FF </p><p>$18.49</p><a href="https://www.amazon.com/dp/B0BRKBKSB5?tag=eloabder-20&linkCode=osi&th=1&psc=1">View Product</a></div>
<div class="product"><a href="https://www.amazon.com/dp/B0BZVLW3XY?tag=eloabder-20&linkCode=osi&th=1&psc=1"><img src="https://m.media-amazon.com/images/I/41bnCsnrb2L._SL500_.jpg" alt="Product Image"></a><p>Yoofoss Baby Crib Sheets for Boys Girls, Fitted Crib Sheet 2 Pack for Standard Crib and Toddler Mattress, Super Soft Microfiber Baby Sheet 28x52x8in(Green+Leaf)</p><p> -17% 0FF </p><p>$9.99</p><a href="https://www.amazon.com/dp/B0BZVLW3XY?tag=eloabder-20&linkCode=osi&th=1&psc=1">View Product</a></div><div class="product"><a href="https://www.amazon.com/dp/B086YCZN5H?tag=eloabder-20&linkCode=osi&th=1&psc=1"><img src="https://m.media-amazon.com/images/I/41jKlfbIwGL._SL500_.jpg" alt="Product Image"></a><p>Crib Mattress Protector Sheets Fitted Waterproof Crib Mattress Pad Cover, Noiseless & Machine Wash 100% Absorbent Crib/Toddler Mattress Protector Sheet Quilted, White, 52" x 28"</p><p> -11% 0FF </p><p>$11.98</p><a href="https://www.amazon.com/dp/B086YCZN5H?tag=eloabder-20&linkCode=osi&th=1&psc=1">View Product</a></div><div class="product"><a href="https://www.amazon.com/dp/B0CLL7JPTY?tag=eloabder-20&linkCode=osi&th=1&psc=1"><img src="https://m.media-amazon.com/images/I/41X3AyJQqrL._SL500_.jpg" alt="Product Image"></a><p>PINNKKU 3-Piece Crib Bedding Set for Boy Girls, Includes Crib Skirt, Blanket and Crib Sheet, Crib Baby Bedding, Pintuck Pinch Pleat Pink</p><p> -19% 0FF </p><p>$34.99 ($11.66 / Count)</p><a href="https://www.amazon.com/dp/B0CLL7JPTY?tag=eloabder-20&linkCode=osi&th=1&psc=1">View Product</a></div><div class="product"><a href="https://www.amazon.com/dp/B08G3DCPYM?tag=eloabder-20&linkCode=osi&th=1&psc=1"><img src="https://m.media-amazon.com/images/I/51UmAUm+f-L._SL500_.jpg" alt="Product Image"></a><p>Bedtime Originals Mighty Jungle 3Piece Crib Bedding Set, Multicolor (283003V)</p><p> -27% 0FF </p><p>$49.49</p><a href="https://www.amazon.com/dp/B08G3DCPYM?tag=eloabder-20&linkCode=osi&th=1&psc=1">View Product</a></div><div class="product"><a href="https://www.amazon.com/dp/B0BRWWTS3M?tag=eloabder-20&linkCode=osi&th=1&psc=1"><img src="https://m.media-amazon.com/images/I/51WZGfoIsvL._SL500_.jpg" alt="Product Image"></a><p>The Peanutshell 3 Piece Baby Crib Bedding Set for Girls - Newborn, Infant & Toddler Nursery Bed Set Decor with Fitted Crib Sheet, Dust Ruffle, Crib Comforter - Wildest Dreams</p><p> -10% 0FF </p><p>$44.99</p><a href="https://www.amazon.com/dp/B0BRWWTS3M?tag=eloabder-20&linkCode=osi&th=1&psc=1">View Product</a></div>
<div class="product"><a href="https://www.amazon.com/dp/B010S7VZI0?tag=eloabder-20&linkCode=osi&th=1&psc=1"><img src="https://m.media-amazon.com/images/I/31Ll01T4-sL._SL500_.jpg" alt="Product Image"></a><p>Graco Premium Crib & Toddler Mattress – GREENGUARD Gold Certified & CertiPUR-US Certified, Fits All Standard Crib & Toddler Beds, Waterproof Sleep Surface, Machine-Washable Outer Cover for Easy Care</p><p> -25% 0FF </p><p>$89.99</p><a href="https://www.amazon.com/dp/B010S7VZI0?tag=eloabder-20&linkCode=osi&th=1&psc=1">View Product</a></div><div class="product"><a href="https://www.amazon.com/dp/B0030V4Z02?tag=eloabder-20&linkCode=osi&th=1&psc=1"><img src="https://m.media-amazon.com/images/I/416srazdlsL._SL500_.jpg" alt="Product Image"></a><p>Dream On Me Honeycomb Orthopedic Firm Fiber Standard Baby Crib Mattress, Greenguard Gold and JPMA Certified, 5” Fiber Core Optimum Support, Fits Crib and Toddler Bed, Waterproof Vinyl Cover</p><p> -7% 0FF </p><p>$59.87</p><a href="https://www.amazon.com/dp/B0030V4Z02?tag=eloabder-20&linkCode=osi&th=1&psc=1">View Product</a></div><div class="product"><a href="https://www.amazon.com/dp/B0BLK39GTG?tag=eloabder-20&linkCode=osi&th=1&psc=1"><img src="https://m.media-amazon.com/images/I/41U0AL73RKL._SL500_.jpg" alt="Product Image"></a><p>Letmxiu Premium Dual-Sided Crib & Toddler Mattress,100% Knitted Fabric,Premium Fleece-Hypoallergenic,5" Firm Soft Crib Mattress, Non-Toxic Toddler Bed Mattress Fits Standard Cribs & Toddler Beds</p><p> -14% 0FF </p><p>$59.99</p><a href="https://www.amazon.com/dp/B0BLK39GTG?tag=eloabder-20&linkCode=osi&th=1&psc=1">View Product</a></div><div class="product"><a href="https://www.amazon.com/dp/B0BWDRBYL4?tag=eloabder-20&linkCode=osi&th=1&psc=1"><img src="https://m.media-amazon.com/images/I/41dkngPyPEL._SL500_.jpg" alt="Product Image"></a><p>Tiankehan Premium Dual-Sided Baby Crib Mattress and Toddler Mattress - 52" x 27.6" x 5" - Breathable - Firm Soft - Fits Standard Cribs and Toddler Beds</p><p> -14% 0FF </p><p>$59.98</p><a href="https://www.amazon.com/dp/B0BWDRBYL4?tag=eloabder-20&linkCode=osi&th=1&psc=1">View Product</a></div>
<div class="product"><a href="https://www.amazon.com/dp/B0C7T23J3Y?tag=eloabder-20&linkCode=osi&th=1&psc=1"><img src="https://m.media-amazon.com/images/I/41wcurEQD3L._SL500_.jpg" alt="Product Image"></a><p>The Peanutshell Crib Mobile for Girls - Pink and White Musical Baby Crib Mobile with 12 Lullabies, Forest Baby Mobile Crib Little Forest Nursery Decor</p><p> -16% 0FF </p><p>$37.69</p><a href="https://www.amazon.com/dp/B0C7T23J3Y?tag=eloabder-20&linkCode=osi&th=1&psc=1">View Product</a></div><div class="product"><a href="https://www.amazon.com/dp/B0C7SC34Z3?tag=eloabder-20&linkCode=osi&th=1&psc=1"><img src="https://m.media-amazon.com/images/I/41i+L053hPL._SL500_.jpg" alt="Product Image"></a><p>The Peanutshell Crib Mobile for Boys or Girls - Light and Dark Blue Musical Baby Crib Mobile with 12 Lullabies, Ocean Baby Mobile Crib Nautical Nursery Decor</p><p> -11% 0FF </p><p>$39.99</p><a href="https://www.amazon.com/dp/B0C7SC34Z3?tag=eloabder-20&linkCode=osi&th=1&psc=1">View Product</a></div>
<div class="product"><a href="https://www.amazon.com/dp/B07K594Q7W?tag=eloabder-20&linkCode=osi&th=1&psc=1"><img src="https://m.media-amazon.com/images/I/41chCOFT3fL._SL500_.jpg" alt="Product Image"></a><p>Burt's Bees Baby Print Fitted Crib Sheet Organic Cotton BEESNUG - Hello Moon! Prints, Fits Unisex Standard Bed and Toddler Mattress, Infant Essentials, 52 x 28 Inch 1-Pack</p><p> -34% 0FF </p><p>$13.80</p><a href="https://www.amazon.com/dp/B07K594Q7W?tag=eloabder-20&linkCode=osi&th=1&psc=1">View Product</a></div><div class="product"><a href="https://www.amazon.com/dp/B08HYS8HCQ?tag=eloabder-20&linkCode=osi&th=1&psc=1"><img src="https://m.media-amazon.com/images/I/41OJxVS5clL._SL500_.jpg" alt="Product Image"></a><p>KeaBabies 2-Pack Organic Crib Sheets for Boys, Girls, Jersey Fitted Crib Sheet, Baby Crib Sheets Neutral, Cotton Breathable Crib Sheet, Cute Printed Crib Mattress Sheet, Baby Mattress Sheets(Woodland)</p><p> -27% 0FF </p><p>$21.96</p><a href="https://www.amazon.com/dp/B08HYS8HCQ?tag=eloabder-20&linkCode=osi&th=1&psc=1">View Product</a></div><div class="product"><a href="https://www.amazon.com/dp/B07JBRWPRZ?tag=eloabder-20&linkCode=osi&th=1&psc=1"><img src="https://m.media-amazon.com/images/I/41WkDf7XWaL._SL500_.jpg" alt="Product Image"></a><p>American Baby Company 3 Pack Fitted Mini Crib Sheet 24" x 38", Soft Breathable Neutral 100% Cotton Jersey Portable Sheet, Gray Star/Zigzag, for Boys and Girls, Fits Most Pack N Play Mattresses</p><p> -20% 0FF </p><p>$14.34</p><a href="https://www.amazon.com/dp/B07JBRWPRZ?tag=eloabder-20&linkCode=osi&th=1&psc=1">View Product</a></div><div class="product"><a href="https://www.amazon.com/dp/B0BGWX27FP?tag=eloabder-20&linkCode=osi&th=1&psc=1"><img src="https://m.media-amazon.com/images/I/41tRk-EAY-L._SL500_.jpg" alt="Product Image"></a><p>4-Pack Fitted Crib Sheets for Boys and Girls - Breathable, Soft Microfiber Baby Sheets in Grey, Navy and White</p><p> -9% 0FF </p><p>$19.99 ($5.00 / Count)</p><a href="https://www.amazon.com/dp/B0BGWX27FP?tag=eloabder-20&linkCode=osi&th=1&psc=1">View Product</a></div>
<div class="product"><a href="https://www.amazon.com/dp/B082WW1FCQ?tag=eloabder-20&linkCode=osi&th=1&psc=1"><img src="https://m.media-amazon.com/images/I/416EVH-FKwL._SL500_.jpg" alt="Product Image"></a><p>Crib Bed Skirt 28” x 52” with 14” Drop Pleated Dust Ruffle for Baby Boys Girls Elastic Adjustable Fit Toddler Bedskirt Easy On/Off Soft Nursery Standard Crib Bedding Skirts Solid White Crib Skirt</p><p> -18% 0FF </p><p>$17.99</p><a href="https://www.amazon.com/dp/B082WW1FCQ?tag=eloabder-20&linkCode=osi&th=1&psc=1">View Product</a></div><div class="product"><a href="https://www.amazon.com/dp/B000YFU77W?tag=eloabder-20&linkCode=osi&th=1&psc=1"><img src="https://m.media-amazon.com/images/I/31R9qJzse7L._SL500_.jpg" alt="Product Image"></a><p>American Baby Company 100% Natural Cotton Percale Ruffled Crib Skirt, Cream, 52"L x 28"W + 13.5"</p><p> -33% 0FF </p><p>$16.79</p><a href="https://www.amazon.com/dp/B000YFU77W?tag=eloabder-20&linkCode=osi&th=1&psc=1">View Product</a></div><div class="product"><a href="https://www.amazon.com/dp/B0B5YML25P?tag=eloabder-20&linkCode=osi&th=1&psc=1"><img src="https://m.media-amazon.com/images/I/31DyVARAxlL._SL500_.jpg" alt="Product Image"></a><p>Lush Decor Ruffle Crib Skirt, 16" Drop, White</p><p> -26% 0FF </p><p>$28.19</p><a href="https://www.amazon.com/dp/B0B5YML25P?tag=eloabder-20&linkCode=osi&th=1&psc=1">View Product</a></div>
<div class="product"><a href="https://www.amazon.com/dp/B0D8B4FNHF?tag=eloabder-20&linkCode=osi&th=1&psc=1"><img src="https://m.media-amazon.com/images/I/41gmkYMTEaL._SL500_.jpg" alt="Product Image"></a><p>CHICWAY Baby Patter for Sleep, Baby Sleep Soother, Baby Vibrating Soother 3 Vibration Modes & Intensities Help Baby Sleep, Crib Toy, Crib Accessory, Registry Gift, Shower Gift, Newborn Baby Essentials</p><p> -54% 0FF </p><p>$22.91</p><a href="https://www.amazon.com/dp/B0D8B4FNHF?tag=eloabder-20&linkCode=osi&th=1&psc=1">View Product</a></div><div class="product"><a href="https://www.amazon.com/dp/B009UPUFCY?tag=eloabder-20&linkCode=osi&th=1&psc=1"><img src="https://m.media-amazon.com/images/I/41MuYdMqcXL._SL500_.jpg" alt="Product Image"></a><p>Munchkin® Lulla-Vibe™ Vibrating Mattress Pad Sleep Soother</p><p> -9% 0FF </p><p>$27.25</p><a href="https://www.amazon.com/dp/B009UPUFCY?tag=eloabder-20&linkCode=osi&th=1&psc=1">View Product</a></div>

<div class="product"><a href="https://www.amazon.com/dp/B098TWMRNV?tag=eloabder-20&linkCode=osi&th=1&psc=1"><img src="https://m.media-amazon.com/images/I/51eBNBdbFPL._SL500_.jpg" alt="Product Image"></a><p>PILLANI Baby Diaper Bag Backpack - Baby Bag for Boys & Girls - Diaper Backpack - Large Travel Diaper Bags w/Changing Pad - Baby Registry Search & Shower Gifts Newborn Essentials & Items for Mom, Gray</p><p> -37% 0FF </p><p>$34.99</p><a href="https://www.amazon.com/dp/B098TWMRNV?tag=eloabder-20&linkCode=osi&th=1&psc=1">View Product</a></div><div class="product"><a href="https://www.amazon.com/dp/B07HL6FV5F?tag=eloabder-20&linkCode=osi&th=1&psc=1"><img src="https://m.media-amazon.com/images/I/41CpqR1T2iL._SL500_.jpg" alt="Product Image"></a><p>RUVALINO Diaper Bag Backpack - Multifunction Waterproof Travel Essentials, Maternity Baby Bag with Changing Pad & Stroller D-Ring & Pacifier Case - Baby Registry Search/Items & Shower Gifts - Black</p><p> -51% 0FF </p><p>$43.99</p><a href="https://www.amazon.com/dp/B07HL6FV5F?tag=eloabder-20&linkCode=osi&th=1&psc=1">View Product</a></div><div class="product"><a href="https://www.amazon.com/dp/B0BSKZFV8Z?tag=eloabder-20&linkCode=osi&th=1&psc=1"><img src="https://m.media-amazon.com/images/I/41kJJGd0-KL._SL500_.jpg" alt="Product Image"></a><p>Skip Hop Diaper Bag Backpack: Forma, Multi-Function Baby Travel Bag with Changing Pad & Stroller Attachment, Sage</p><p> -6% 0FF </p><p>$74.49</p><a href="https://www.amazon.com/dp/B0BSKZFV8Z?tag=eloabder-20&linkCode=osi&th=1&psc=1">View Product</a></div>
<div class="product"><a href="https://www.amazon.com/dp/B00569GU18?tag=eloabder-20&linkCode=osi&th=1&psc=1"><img src="https://m.media-amazon.com/images/I/41Zx990UFlL._SL500_.jpg" alt="Product Image"></a><p>Boudreaux's Butt Paste Maximum Strength Diaper Rash Cream, Ointment for Baby, 4 oz Tube</p><p> -12% 0FF </p><p>$7.48 ($1.87 / Ounce)</p><a href="https://www.amazon.com/dp/B00569GU18?tag=eloabder-20&linkCode=osi&th=1&psc=1">View Product</a></div><div class="product"><a href="https://www.amazon.com/dp/B00ZQXT4EY?tag=eloabder-20&linkCode=osi&th=1&psc=1"><img src="https://m.media-amazon.com/images/I/31SXI-cW6IL._SL500_.jpg" alt="Product Image"></a><p>Desitin Maximum Strength Baby Diaper Rash Cream, 40% Zinc Oxide for Treatment, Relief & Prevention, Hypoallergenic, Phthalate- & Paraben-Free Paste, Protects Skin for 12 Hours, 4.8 oz</p><p> -38% 0FF </p><p>$7.33 ($1.53 / Ounce)</p><a href="https://www.amazon.com/dp/B00ZQXT4EY?tag=eloabder-20&linkCode=osi&th=1&psc=1">View Product</a></div><div class="product"><a href="https://www.amazon.com/dp/B082QBB8KQ?tag=eloabder-20&linkCode=osi&th=1&psc=1"><img src="https://m.media-amazon.com/images/I/51vNnfQ6MmL._SL500_.jpg" alt="Product Image"></a><p>Aquaphor Baby Diaper Rash Paste - For Serious Diaper Rash and Flare-ups - 3.5 Oz. Tube</p><p> -5% 0FF </p><p>$7.87 ($2.25 / Ounce)</p><a href="https://www.amazon.com/dp/B082QBB8KQ?tag=eloabder-20&linkCode=osi&th=1&psc=1">View Product</a></div><div class="product"><a href="https://www.amazon.com/dp/B00M0N9J20?tag=eloabder-20&linkCode=osi&th=1&psc=1"><img src="https://m.media-amazon.com/images/I/41t50K+y9yL._SL500_.jpg" alt="Product Image"></a><p>Desitin Daily Defense Baby Diaper Rash Cream with Zinc Oxide to Treat, Relieve & Prevent diaper rash, Hypoallergenic, Dye-, Phthalate- & Paraben-Free, 4 oz</p><p> -42% 0FF </p><p>$5.39 ($1.35 / Ounce)</p><a href="https://www.amazon.com/dp/B00M0N9J20?tag=eloabder-20&linkCode=osi&th=1&psc=1">View Product</a></div><div class="product"><a href="https://www.amazon.com/dp/B00Q2MYU9W?tag=eloabder-20&linkCode=osi&th=1&psc=1"><img src="https://m.media-amazon.com/images/I/51PiNmf+vpL._SL500_.jpg" alt="Product Image"></a><p>Aquaphor Baby Diaper Rash Cream, 3-in-1 Diaper Rash Relief, 3.5 Oz Tube</p><p> -17% 0FF </p><p>$18.69 ($1.78 / Ounce)</p><a href="https://www.amazon.com/dp/B00Q2MYU9W?tag=eloabder-20&linkCode=osi&th=1&psc=1">View Product</a></div><div class="product"><a href="https://www.amazon.com/dp/B0B4PNGXFS?tag=eloabder-20&linkCode=osi&th=1&psc=1"><img src="https://m.media-amazon.com/images/I/51BB218LJpL._SL500_.jpg" alt="Product Image"></a><p>Triple Paste Diaper Rash Cream for Baby - 3 oz Tube - Zinc Oxide Ointment Treats, Soothes and Prevents Diaper Rash - Pediatrician-Recommended Hypoallergenic Formula with Soothing Botanicals</p><p> -25% 0FF </p><p>$8.96 ($2.99 / Ounce)</p><a href="https://www.amazon.com/dp/B0B4PNGXFS?tag=eloabder-20&linkCode=osi&th=1&psc=1">View Product</a></div><div class="product"><a href="https://www.amazon.com/dp/B00KFITCXS?tag=eloabder-20&linkCode=osi&th=1&psc=1"><img src="https://m.media-amazon.com/images/I/41Upagho5nL._SL500_.jpg" alt="Product Image"></a><p>The Honest Company Hypoallergenic Diaper Rash Cream | Moisturizing + Calming Zinc Oxide Ointment | NEA Recognized, Cruelty Free | 2.5 oz</p><p> -7% 0FF </p><p>$10.25 ($4.10 / Ounce)</p><a href="https://www.amazon.com/dp/B00KFITCXS?tag=eloabder-20&linkCode=osi&th=1&psc=1">View Product</a></div><div class="product"><a href="https://www.amazon.com/dp/B000LTJRQ8?tag=eloabder-20&linkCode=osi&th=1&psc=1"><img src="https://m.media-amazon.com/images/I/51z4dtHfCgL._SL500_.jpg" alt="Product Image"></a><p>Triple Paste Diaper Rash Cream for Baby - 8 Oz Tub - Zinc Oxide Ointment Treats, Soothes and Prevents Diaper Rash - Pediatrician-Recommended Hypoallergenic Formula with Soothing Botanicals</p><p> -27% 0FF </p><p>$14.53 ($1.82 / Ounce)</p><a href="https://www.amazon.com/dp/B000LTJRQ8?tag=eloabder-20&linkCode=osi&th=1&psc=1">View Product</a></div><div class="product"><a href="https://www.amazon.com/dp/B00BH0PZBG?tag=eloabder-20&linkCode=osi&th=1&psc=1"><img src="https://m.media-amazon.com/images/I/41nENIiSAHL._SL500_.jpg" alt="Product Image"></a><p>Desitin Maximum Strength Baby Diaper Rash Cream with 40% Zinc Oxide for Treatment, Relief & Prevention, Hypoallergenic, Phthalate- & Paraben-Free Paste, 16 oz</p><p> -31% 0FF </p><p>$18.44 ($1.15 / Ounce)</p><a href="https://www.amazon.com/dp/B00BH0PZBG?tag=eloabder-20&linkCode=osi&th=1&psc=1">View Product</a></div><div class="product"><a href="https://www.amazon.com/dp/B000V3MFUY?tag=eloabder-20&linkCode=osi&th=1&psc=1"><img src="https://m.media-amazon.com/images/I/31To+A+IRQL._SL500_.jpg" alt="Product Image"></a><p>Weleda Baby Calendula Diaper Cream, 2.8 Fluid Ounce, Plant Rich Protection with Calendula, Chamomile, Sweet Almond Oil, Lanolin and Zinc Oxide</p><p> -12% 0FF </p><p>$12.32 ($4.40 / Ounce)</p><a href="https://www.amazon.com/dp/B000V3MFUY?tag=eloabder-20&linkCode=osi&th=1&psc=1">View Product</a></div>
<div class="product"><a href="https://www.amazon.com/dp/B012UFN9T6?tag=eloabder-20&linkCode=osi&th=1&psc=1"><img src="https://m.media-amazon.com/images/I/51SxpJF694L._SL500_.jpg" alt="Product Image"></a><p>Nuby Diaper Disposal Bags for Baby - (6-Pack) 50 Count Disposable Bags - Fresh Baby Powder Scent - Blue</p><p> -10% 0FF </p><p>$16.15</p><a href="https://www.amazon.com/dp/B012UFN9T6?tag=eloabder-20&linkCode=osi&th=1&psc=1">View Product</a></div>
<div class="product"><a href="https://www.amazon.com/dp/B0CPR2N8FD?tag=eloabder-20&linkCode=osi&th=1&psc=1"><img src="https://m.media-amazon.com/images/I/41uXmeS+P5L._SL500_.jpg" alt="Product Image"></a><p>Diaper Genie Select Pail Registry Gift Set (White) | Made of Durable Stainless Steel Metal | Includes 2 Jumbo Refills | Holds 1620 Newborn Diapers</p><p> -20% 0FF </p><p>$59.99</p><a href="https://www.amazon.com/dp/B0CPR2N8FD?tag=eloabder-20&linkCode=osi&th=1&psc=1">View Product</a></div><div class="product"><a href="https://www.amazon.com/dp/B0CNS3R8T7?tag=eloabder-20&linkCode=osi&th=1&psc=1"><img src="https://m.media-amazon.com/images/I/31BIw9M8SwL._SL500_.jpg" alt="Product Image"></a><p>Diaper Genie Classic Pail Includes 1 Starter Square Refill That can Hold up to 165 Newborn-Sized Diapers.</p><p> -20% 0FF </p><p>$23.99</p><a href="https://www.amazon.com/dp/B0CNS3R8T7?tag=eloabder-20&linkCode=osi&th=1&psc=1">View Product</a></div><div class="product"><a href="https://www.amazon.com/dp/B0BWGZ7J7W?tag=eloabder-20&linkCode=osi&th=1&psc=1"><img src="https://m.media-amazon.com/images/I/41pqvAOekFL._SL500_.jpg" alt="Product Image"></a><p>Diaper Genie Signature Gift Set | Includes Easy Roll Refill with 48 Bags | Holds Up to 2256 Newborn Diapers</p><p> -41% 0FF </p><p>$52.79</p><a href="https://www.amazon.com/dp/B0BWGZ7J7W?tag=eloabder-20&linkCode=osi&th=1&psc=1">View Product</a></div><div class="product"><a href="https://www.amazon.com/dp/B00821FLT4?tag=eloabder-20&linkCode=osi&th=1&psc=1"><img src="https://m.media-amazon.com/images/I/21an29pWMkL._SL500_.jpg" alt="Product Image"></a><p>Ubbi Steel Diaper Pail, Odor Locking, No Special Bag Required, Award-Winning, Registry Must-Have, White</p><p> -30% 0FF </p><p>$55.99</p><a href="https://www.amazon.com/dp/B00821FLT4?tag=eloabder-20&linkCode=osi&th=1&psc=1">View Product</a></div><div class="product"><a href="https://www.amazon.com/dp/B0BWGWZ2J4?tag=eloabder-20&linkCode=osi&th=1&psc=1"><img src="https://m.media-amazon.com/images/I/317sppbydxL._SL500_.jpg" alt="Product Image"></a><p>Diaper Genie Signature Pail (Grey) Includes 1 Easy Roll Refill with 18 Bags | Holds Up to 846 Newborn-Sized Diapers Per Refill</p><p> -20% 0FF </p><p>$47.99</p><a href="https://www.amazon.com/dp/B0BWGWZ2J4?tag=eloabder-20&linkCode=osi&th=1&psc=1">View Product</a></div>
<div class="product"><a href="https://www.amazon.com/dp/B0083973FK?tag=eloabder-20&linkCode=osi&th=1&psc=1"><img src="https://m.media-amazon.com/images/I/51c+QHPetfL._SL500_.jpg" alt="Product Image"></a><p>Sposie Booster Pads, Stop Overnight Diaper Leaks, Adhesive-Free for Easy repositioning, Helps Reduce Nighttime Diaper Changes and Diaper Rash, Use with Sizes 4-6, 90 ct.</p><p> -20% 0FF </p><p>$39.99 ($0.44 / Count)</p><a href="https://www.amazon.com/dp/B0083973FK?tag=eloabder-20&linkCode=osi&th=1&psc=1">View Product</a></div><div class="product"><a href="https://www.amazon.com/dp/B07V4MZF2W?tag=eloabder-20&linkCode=osi&th=1&psc=1"><img src="https://m.media-amazon.com/images/I/51u-l608rTL._SL500_.jpg" alt="Product Image"></a><p>Dimples Booster Pads, Baby Diaper Doubler with Adhesive - 1 Size Fits All Diapers - Boosts Diaper Absorbency - No More leaks 90 Count (with Adhesive for Secure Fit)</p><p> -15% 0FF </p><p>$27.99 ($0.31 / Count)</p><a href="https://www.amazon.com/dp/B07V4MZF2W?tag=eloabder-20&linkCode=osi&th=1&psc=1">View Product</a></div><div class="product"><a href="https://www.amazon.com/dp/B0CBQQKMS2?tag=eloabder-20&linkCode=osi&th=1&psc=1"><img src="https://m.media-amazon.com/images/I/51IK5dDp++L._SL500_.jpg" alt="Product Image"></a><p>Inspire Ultra Dimples Diaper Booster Pads | Our Most Absorbent Diaper Inserts Ever | Diaper Pads Inserts Overnight or Daytime | Diaper Liners Turn Any Diaper into Super Overnight Diapers for Babies</p><p> -17% 0FF </p><p>$9.99 ($0.48 / Count)</p><a href="https://www.amazon.com/dp/B0CBQQKMS2?tag=eloabder-20&linkCode=osi&th=1&psc=1">View Product</a></div>
<div class="product"><a href="https://www.amazon.com/dp/B0B5WF7S9F?tag=eloabder-20&linkCode=osi&th=1&psc=1"><img src="https://m.media-amazon.com/images/I/41vB5uYpocL._SL500_.jpg" alt="Product Image"></a><p>Mr. Pen- Baby Diaper Caddy Organizer, Car Caddy, Portable Organizer for Changing Table, Nursery</p><p> -14% 0FF </p><p>$12.85</p><a href="https://www.amazon.com/dp/B0B5WF7S9F?tag=eloabder-20&linkCode=osi&th=1&psc=1">View Product</a></div><div class="product"><a href="https://www.amazon.com/dp/B0734LPFJR?tag=eloabder-20&linkCode=osi&th=1&psc=1"><img src="https://m.media-amazon.com/images/I/51TCskU5lyL._SL500_.jpg" alt="Product Image"></a><p>Lily Miles Baby Diaper Caddy - Large Organizer Tote Bag for Baby essentials Boy or Girl - Baby Shower Basket - Nursery Must Haves - Registry Favorites - Newborn Caddie Car Travel</p><p> -17% 0FF </p><p>$24.95</p><a href="https://www.amazon.com/dp/B0734LPFJR?tag=eloabder-20&linkCode=osi&th=1&psc=1">View Product</a></div><div class="product"><a href="https://www.amazon.com/dp/B0D4LRZW48?tag=eloabder-20&linkCode=osi&th=1&psc=1"><img src="https://m.media-amazon.com/images/I/41NadHwjJlL._SL500_.jpg" alt="Product Image"></a><p>KEETDY Large Diaper Pocket Over the Door Organizer for Nursery, Closet Door Hanging Storage, Baby Organizers and Storage for Newborn Essentials & Diaper Organizer, Beige</p><p> -19% 0FF </p><p>$16.99</p><a href="https://www.amazon.com/dp/B0D4LRZW48?tag=eloabder-20&linkCode=osi&th=1&psc=1">View Product</a></div>
<div class="product"><a href="https://www.amazon.com/dp/B01BDQDIGM?tag=eloabder-20&linkCode=osi&th=1&psc=1"><img src="https://m.media-amazon.com/images/I/41ym1o+HI0L._SL500_.jpg" alt="Product Image"></a><p>Munchkin® STEP™ Diaper Pail Powered by Arm & Hammer, #1 in Odor Control, Award-Winning, Includes 1 Snap, Seal & Toss™ Bag, 1 Starter Refill Ring, and 1 PUCK™ Baking Soda Cartridge</p><p> -19% 0FF </p><p>$59.99</p><a href="https://www.amazon.com/dp/B01BDQDIGM?tag=eloabder-20&linkCode=osi&th=1&psc=1">View Product</a></div><div class="product"><a href="https://www.amazon.com/dp/B0CNS3NMT5?tag=eloabder-20&linkCode=osi&th=1&psc=1"><img src="https://m.media-amazon.com/images/I/41VFasXJE-L._SL500_.jpg" alt="Product Image"></a><p>Diaper Genie Select Pail (Blue) is Made of Durable Stainless Steel and Includes 1 Starter Square Refill That can Hold up to 165 Newborn-Sized Diapers.</p><p> -34% 0FF </p><p>$32.79</p><a href="https://www.amazon.com/dp/B0CNS3NMT5?tag=eloabder-20&linkCode=osi&th=1&psc=1">View Product</a></div><div class="product"><a href="https://www.amazon.com/dp/B000RLQZD8?tag=eloabder-20&linkCode=osi&th=1&psc=1"><img src="https://m.media-amazon.com/images/I/41vuQVcyESL._SL500_.jpg" alt="Product Image"></a><p>Diaper Dekor Plus Hands-Free Diaper Pail | White | Easiest to Use | Just Step–Drop–Done | Doesn’t Absorb Odors | 20 Second Bag Change | Most Economical Refill System | Great for Cloth Diapers</p><p> -9% 0FF </p><p>$49.95</p><a href="https://www.amazon.com/dp/B000RLQZD8?tag=eloabder-20&linkCode=osi&th=1&psc=1">View Product</a></div>
<div class="product"><a href="https://www.amazon.com/dp/B016N3PHBO?tag=eloabder-20&linkCode=osi&th=1&psc=1"><img src="https://m.media-amazon.com/images/I/31X8EAoIwzL._SL500_.jpg" alt="Product Image"></a><p>A+D Zinc Oxide Diaper Rash Treatment Cream, Dimenthicone 1%, Zinc Oxide 10%, Easy Spreading Baby Skin Care, 4 Ounce Tube (Packaging May Vary)</p><p> -9% 0FF </p><p>$5.47 ($0.98 / Ounce)</p><a href="https://www.amazon.com/dp/B016N3PHBO?tag=eloabder-20&linkCode=osi&th=1&psc=1">View Product</a></div>
<div class="product"><a href="https://www.amazon.com/dp/B073V5XZHZ?tag=eloabder-20&linkCode=osi&th=1&psc=1"><img src="https://m.media-amazon.com/images/I/41FJH3vX0xL._SL500_.jpg" alt="Product Image"></a><p>hiccapop Hanging Diaper Organizer for Changing Table, Cribs and Walls, Diaper Stacker and Nursery Organizer | Hanging Storage Caddy Organizer for Baby Essentials |</p><p> -14% 0FF </p><p>$29.92</p><a href="https://www.amazon.com/dp/B073V5XZHZ?tag=eloabder-20&linkCode=osi&th=1&psc=1">View Product</a></div>

<div class="product"><a href="https://www.amazon.com/dp/B07MB5PZBF?tag=eloabder-20&linkCode=osi&th=1&psc=1"><img src="https://m.media-amazon.com/images/I/51JYyHL1KML._SL500_.jpg" alt="Product Image"></a><p>Huggies Size 1 Diapers, Little Snugglers Newborn Diapers, Size 1 (8-14 lbs), 32 Count</p><p> -19% 0FF </p><p>$9.94 ($0.31 / Count)</p><a href="https://www.amazon.com/dp/B07MB5PZBF?tag=eloabder-20&linkCode=osi&th=1&psc=1">View Product</a></div><div class="product"><a href="https://www.amazon.com/dp/B07T4WQRNJ?tag=eloabder-20&linkCode=osi&th=1&psc=1"><img src="https://m.media-amazon.com/images/I/41yeY7iBMEL._SL500_.jpg" alt="Product Image"></a><p>Amazon Brand - Mama Bear Gentle Touch Diapers, Hypoallergenic, Size 5, 33 Count, White</p><p> -9% 0FF </p><p>$11.61</p><a href="https://www.amazon.com/dp/B07T4WQRNJ?tag=eloabder-20&linkCode=osi&th=1&psc=1">View Product</a></div><div class="product"><a href="https://www.amazon.com/dp/B0CKV3GLS2?tag=eloabder-20&linkCode=osi&th=1&psc=1"><img src="https://m.media-amazon.com/images/I/51zE6kc5RWL._SL500_.jpg" alt="Product Image"></a><p>The Honest Company Clean Conscious Diapers | Plant-Based, Sustainable | Young at Heart + Rose Blossom | Club Box, Size 2 (12-18 lbs), 72 Count</p><p> -15% 0FF </p><p>$25.49 ($0.35 / Count)</p><a href="https://www.amazon.com/dp/B0CKV3GLS2?tag=eloabder-20&linkCode=osi&th=1&psc=1">View Product</a></div><div class="product"><a href="https://www.amazon.com/dp/B0CHGJ4YVM?tag=eloabder-20&linkCode=osi&th=1&psc=1"><img src="https://m.media-amazon.com/images/I/51eBhAfAr+L._SL500_.jpg" alt="Product Image"></a><p>Huggies Size 1 Diapers, Skin Essentials Baby Diapers, Size 1 (8-14 lbs), 32 Count</p><p> -19% 0FF </p><p>$9.94 ($0.31 / Count)</p><a href="https://www.amazon.com/dp/B0CHGJ4YVM?tag=eloabder-20&linkCode=osi&th=1&psc=1">View Product</a></div>
<div class="product"><a href="https://www.amazon.com/dp/B005OSHTXO?tag=eloabder-20&linkCode=osi&th=1&psc=1"><img src="https://m.media-amazon.com/images/I/41MQMmwwDUL._SL500_.jpg" alt="Product Image"></a><p>Badger Basket Modern Baby Changing Table with Laundry Hamper, 3 Storage Drawers and Pad, Diaper Change Station - Espresso/Ecru</p><p> -35% 0FF </p><p>$122.99</p><a href="https://www.amazon.com/dp/B005OSHTXO?tag=eloabder-20&linkCode=osi&th=1&psc=1">View Product</a></div><div class="product"><a href="https://www.amazon.com/dp/B0C84T1L1F?tag=eloabder-20&linkCode=osi&th=1&psc=1"><img src="https://m.media-amazon.com/images/I/31VUJhNc2fL._SL500_.jpg" alt="Product Image"></a><p>Portable Baby Changing Table with 2 Storage Baskets, BabyBond Foldable Changing Table Dresser Waterproof Diaper Changing Table Height Adjustable Changing Station for Infant and Newborn(Beige)</p><p> -10% 0FF </p><p>$143.99</p><a href="https://www.amazon.com/dp/B0C84T1L1F?tag=eloabder-20&linkCode=osi&th=1&psc=1">View Product</a></div><div class="product"><a href="https://www.amazon.com/dp/B002ACCC52?tag=eloabder-20&linkCode=osi&th=1&psc=1"><img src="https://m.media-amazon.com/images/I/415B3nyWlOS._SL500_.jpg" alt="Product Image"></a><p>Delta Children Eclipse Changing Table with Changing Pad, Black Cherry</p><p> -24% 0FF </p><p>$106.98</p><a href="https://www.amazon.com/dp/B002ACCC52?tag=eloabder-20&linkCode=osi&th=1&psc=1">View Product</a></div>
<div class="product"><a href="https://www.amazon.com/dp/B01AZ20SSQ?tag=eloabder-20&linkCode=osi&th=1&psc=1"><img src="https://m.media-amazon.com/images/I/51gIZq6E8lL._SL500_.jpg" alt="Product Image"></a><p>Baby Trend Sit N' Stand Double Stroller, Onyx</p><p> -30% 0FF </p><p>$139.99</p><a href="https://www.amazon.com/dp/B01AZ20SSQ?tag=eloabder-20&linkCode=osi&th=1&psc=1">View Product</a></div><div class="product"><a href="https://www.amazon.com/dp/B07B7QC8DV?tag=eloabder-20&linkCode=osi&th=1&psc=1"><img src="https://m.media-amazon.com/images/I/41bHbNU6jhL._SL500_.jpg" alt="Product Image"></a><p>Jeep Destination Ultralight Side x Side Double Stroller, Midnight</p><p> -15% 0FF </p><p>$254.00</p><a href="https://www.amazon.com/dp/B07B7QC8DV?tag=eloabder-20&linkCode=osi&th=1&psc=1">View Product</a></div><div class="product"><a href="https://www.amazon.com/dp/B00GJIXW2K?tag=eloabder-20&linkCode=osi&th=1&psc=1"><img src="https://m.media-amazon.com/images/I/518kAj+pzjL._SL500_.jpg" alt="Product Image"></a><p>Delta Children LX Side by Side Stroller - with Recline, Storage & Compact Fold, Grey</p><p> -33% 0FF </p><p>$74.00</p><a href="https://www.amazon.com/dp/B00GJIXW2K?tag=eloabder-20&linkCode=osi&th=1&psc=1">View Product</a></div><div class="product"><a href="https://www.amazon.com/dp/B01L7C479Y?tag=eloabder-20&linkCode=osi&th=1&psc=1"><img src="https://m.media-amazon.com/images/I/51QBKRK7LwL._SL500_.jpg" alt="Product Image"></a><p>Jeep Scout Double Stroller, Charcoal Galaxy</p><p> -8% 0FF </p><p>$109.99</p><a href="https://www.amazon.com/dp/B01L7C479Y?tag=eloabder-20&linkCode=osi&th=1&psc=1">View Product</a></div><div class="product"><a href="https://www.amazon.com/dp/B07BVMSHTZ?tag=eloabder-20&linkCode=osi&th=1&psc=1"><img src="https://m.media-amazon.com/images/I/41arpDdiGJL._SL500_.jpg" alt="Product Image"></a><p>Baby Trend Expedition Double Jogger Stroller, Griffin</p><p> -12% 0FF </p><p>$219.99</p><a href="https://www.amazon.com/dp/B07BVMSHTZ?tag=eloabder-20&linkCode=osi&th=1&psc=1">View Product</a></div><div class="product"><a href="https://www.amazon.com/dp/B095JMDHG1?tag=eloabder-20&linkCode=osi&th=1&psc=1"><img src="https://m.media-amazon.com/images/I/41RzxXFC3zL._SL500_.jpg" alt="Product Image"></a><p>Summer Infant 3Dlite Folding Lightweight Side by Side Double Stroller with 5-Point Safety Harness for Infants and Toddlers, Black</p><p> -10% 0FF </p><p>$143.99</p><a href="https://www.amazon.com/dp/B095JMDHG1?tag=eloabder-20&linkCode=osi&th=1&psc=1">View Product</a></div>
<div class="product"><a href="https://www.amazon.com/dp/B08SQ88X9F?tag=eloabder-20&linkCode=osi&th=1&psc=1"><img src="https://m.media-amazon.com/images/I/614bujHCtPL._SL500_.jpg" alt="Product Image"></a><p>One Fire Night Light for Kids, 96 Lighting Modes Star Projector 360° Rotating+6 Films Kids Night Light Projector,Rechargeable Baby Night Light Ceiling Projector for Bedroom,Kids Gifts&Kids Room Decor</p><p> -29% 0FF </p><p>$14.98</p><a href="https://www.amazon.com/dp/B08SQ88X9F?tag=eloabder-20&linkCode=osi&th=1&psc=1">View Product</a></div><div class="product"><a href="https://www.amazon.com/dp/B07NZN2ZYN?tag=eloabder-20&linkCode=osi&th=1&psc=1"><img src="https://m.media-amazon.com/images/I/51PBHAO+ngL._SL500_.jpg" alt="Product Image"></a><p>Night Light for Kids,Unicorn Night Light Star Projector Gifts for Kids Toddlers,Night Lights Projector for Baby,Unicorn Lamp Ceiling Lights for Girls Bedroom,Night Light for Kids Bedroom(Light Pink)</p><p> -25% 0FF </p><p>$14.99</p><a href="https://www.amazon.com/dp/B07NZN2ZYN?tag=eloabder-20&linkCode=osi&th=1&psc=1">View Product</a></div><div class="product"><a href="https://www.amazon.com/dp/B01LQX0BXA?tag=eloabder-20&linkCode=osi&th=1&psc=1"><img src="https://m.media-amazon.com/images/I/41BcHezl7XL._SL500_.jpg" alt="Product Image"></a><p>Emotionlite Plug in Night Light, Warm White LED Nightlights, Dusk to Dawn Sensor, Kids, Nursery, Bedroom, Bathroom,Hallway, Stairs, Kitchen, UL Listed, 4 Pack</p><p> -17% 0FF </p><p>$9.99 ($2.50 / Count)</p><a href="https://www.amazon.com/dp/B01LQX0BXA?tag=eloabder-20&linkCode=osi&th=1&psc=1">View Product</a></div><div class="product"><a href="https://www.amazon.com/dp/B07H71NHYM?tag=eloabder-20&linkCode=osi&th=1&psc=1"><img src="https://m.media-amazon.com/images/I/412t0Nzaz2L._SL500_.jpg" alt="Product Image"></a><p>2 Pack Sensor LED Night Lights, Color Changing Plug-in Led Mushroom Dream Bed Lamp for Kids Children Adults, Dusk to Dawn Sensor Auto On/Off, Funny Wall Decor Gifts for Nursery Baby Bed Flower Lamp</p><p> -20% 0FF </p><p>$7.99 ($4.00 / Count)</p><a href="https://www.amazon.com/dp/B07H71NHYM?tag=eloabder-20&linkCode=osi&th=1&psc=1">View Product</a></div>
<div class="product"><a href="https://www.amazon.com/dp/B07N1JP56L?tag=eloabder-20&linkCode=osi&th=1&psc=1"><img src="https://m.media-amazon.com/images/I/31R-qSPlk8L._SL500_.jpg" alt="Product Image"></a><p>Fisher-Price Baby Toy Soothe 'n Snuggle Otter Portable Plush Sound Machine with Music Lights & Breathing Motion for Newborns 0+ Months</p><p> -14% 0FF </p><p>$36.99</p><a href="https://www.amazon.com/dp/B07N1JP56L?tag=eloabder-20&linkCode=osi&th=1&psc=1">View Product</a></div><div class="product"><a href="https://www.amazon.com/dp/B006YBHE6M?tag=eloabder-20&linkCode=osi&th=1&psc=1"><img src="https://m.media-amazon.com/images/I/51xjlvsIJlL._SL500_.jpg" alt="Product Image"></a><p>Baby Einstein Sea Dreams Soother, Crib Mount</p><p> -15% 0FF </p><p>$53.99</p><a href="https://www.amazon.com/dp/B006YBHE6M?tag=eloabder-20&linkCode=osi&th=1&psc=1">View Product</a></div><div class="product"><a href="https://www.amazon.com/dp/B075LRC7Z4?tag=eloabder-20&linkCode=osi&th=1&psc=1"><img src="https://m.media-amazon.com/images/I/51n2YwyhfIL._SL500_.jpg" alt="Product Image"></a><p>Soft Dreams Elephant Music and Glow Soother, Grey/Mint</p><p> -17% 0FF </p><p>$19.99</p><a href="https://www.amazon.com/dp/B075LRC7Z4?tag=eloabder-20&linkCode=osi&th=1&psc=1">View Product</a></div><div class="product"><a href="https://www.amazon.com/dp/B0C98SMC3J?tag=eloabder-20&linkCode=osi&th=1&psc=1"><img src="https://m.media-amazon.com/images/I/41FqmVxcrYL._SL500_.jpg" alt="Product Image"></a><p>Baby Sleep Soother Pillow Pets Dream Lites Dinosaur Projector Plush Toys for Boys Girls Baby Sound Machine Stuffed Animal Machine Pillow Ceiling Toys for Toddler</p><p> -17% 0FF </p><p>$19.99</p><a href="https://www.amazon.com/dp/B0C98SMC3J?tag=eloabder-20&linkCode=osi&th=1&psc=1">View Product</a></div>
<div class="product"><a href="https://www.amazon.com/dp/B01HP0JU2G?tag=eloabder-20&linkCode=osi&th=1&psc=1"><img src="https://m.media-amazon.com/images/I/51VRUtudnyL._SL500_.jpg" alt="Product Image"></a><p>Braun ThermoScan 5 Ear Thermometer</p><p> -11% 0FF </p><p>$31.00</p><a href="https://www.amazon.com/dp/B01HP0JU2G?tag=eloabder-20&linkCode=osi&th=1&psc=1">View Product</a></div><div class="product"><a href="https://www.amazon.com/dp/B07YYMBVVC?tag=eloabder-20&linkCode=osi&th=1&psc=1"><img src="https://m.media-amazon.com/images/I/41eqvQ9sQ-L._SL500_.jpg" alt="Product Image"></a><p>Alcedo Forehead and Ear Thermometer for Adults, Kids, and Baby | Digital Infrared Thermometer for Fever | Touchless, Instant Read, Medical Grade | Pouch and Batteries Included</p><p> -17% 0FF </p><p>$24.95</p><a href="https://www.amazon.com/dp/B07YYMBVVC?tag=eloabder-20&linkCode=osi&th=1&psc=1">View Product</a></div>
<div class="product"><a href="https://www.amazon.com/dp/B077QBJNVM?tag=eloabder-20&linkCode=osi&th=1&psc=1"><img src="https://m.media-amazon.com/images/I/41Rrkn2-CKL._SL500_.jpg" alt="Product Image"></a><p>Baby Nail Trimmer 21 in 1, with Labeled case, Includes 13 Extra Replacement Tools, Royal Angels Baby Electric Nail Kit, Baby Nail Care, Nail File Newborn Toddler Toes & Fingernails Clipper (Blue)</p><p> -49% 0FF </p><p>$15.19</p><a href="https://www.amazon.com/dp/B077QBJNVM?tag=eloabder-20&linkCode=osi&th=1&psc=1">View Product</a></div><div class="product"><a href="https://www.amazon.com/dp/B0CL4G33BX?tag=eloabder-20&linkCode=osi&th=1&psc=1"><img src="https://m.media-amazon.com/images/I/41ciCj+3ozL._SL500_.jpg" alt="Product Image"></a><p>Momcozy Baby Nail File Electric, Gentle Baby Nail Trimmer Electric Rechargeable, Baby Nail Clipper Electric, 7 Grinding Head Replacement Pads</p><p> -17% 0FF </p><p>$24.99</p><a href="https://www.amazon.com/dp/B0CL4G33BX?tag=eloabder-20&linkCode=osi&th=1&psc=1">View Product</a></div><div class="product"><a href="https://www.amazon.com/dp/B07B2C8DJD?tag=eloabder-20&linkCode=osi&th=1&psc=1"><img src="https://m.media-amazon.com/images/I/41fgXtsyDWL._SL500_.jpg" alt="Product Image"></a><p>Baby Nail Trimmer Electric Nail File Baby Nail Clippers, Safe Nail Filer Grinder Kit for Newborn Infant Toddler Kids or Adults Toes Fingernails Care Trim Polish, with Led Light and 10 Grinding Heads</p><p> -8% 0FF </p><p>$14.99</p><a href="https://www.amazon.com/dp/B07B2C8DJD?tag=eloabder-20&linkCode=osi&th=1&psc=1">View Product</a></div><div class="product"><a href="https://www.amazon.com/dp/B0D6R6ZPPF?tag=eloabder-20&linkCode=osi&th=1&psc=1"><img src="https://m.media-amazon.com/images/I/41f5Kh-OjGL._SL500_.jpg" alt="Product Image"></a><p>Electric Baby Nail Clippers - 3 in 1 Fingernail Trimmer, Polisher & Clip Storage with Led, USB Rechargeable & 2 Speeds for Baby, Kids, Adult, Seniors, Caregivers</p><p> -15% 0FF </p><p>$23.58</p><a href="https://www.amazon.com/dp/B0D6R6ZPPF?tag=eloabder-20&linkCode=osi&th=1&psc=1">View Product</a></div>
<div class="product"><a href="https://www.amazon.com/dp/B07WY1PGQC?tag=eloabder-20&linkCode=osi&th=1&psc=1"><img src="https://m.media-amazon.com/images/I/414iv2EhSgL._SL500_.jpg" alt="Product Image"></a><p>Dr. Brown's Natural Flow Anti-Colic Options+ Narrow Glass Baby Bottle 8 oz/250 mL, with Level 1 Slow Flow Nipple, 2 Pack, 0m+</p><p> -6% 0FF </p><p>$15.98</p><a href="https://www.amazon.com/dp/B07WY1PGQC?tag=eloabder-20&linkCode=osi&th=1&psc=1">View Product</a></div><div class="product"><a href="https://www.amazon.com/dp/B000WPVCQE?tag=eloabder-20&linkCode=osi&th=1&psc=1"><img src="https://m.media-amazon.com/images/I/41sXQF4JFtL._SL500_.jpg" alt="Product Image"></a><p>Medela Slow Flow Feeding & Storage Bottles, 3 Pack of 5 Ounce Bottle with Nipple, Lids, Wide Base Collars, and Travel Caps, Made Without BPA</p><p> -37% 0FF </p><p>$14.98</p><a href="https://www.amazon.com/dp/B000WPVCQE?tag=eloabder-20&linkCode=osi&th=1&psc=1">View Product</a></div><div class="product"><a href="https://www.amazon.com/dp/B08XNYS46K?tag=eloabder-20&linkCode=osi&th=1&psc=1"><img src="https://m.media-amazon.com/images/I/31bCTm8z+KL._SL500_.jpg" alt="Product Image"></a><p>Sassy 2pk Baby Food Nursers- 3 Nipples, Multi</p><p> -15% 0FF </p><p>$11.04</p><a href="https://www.amazon.com/dp/B08XNYS46K?tag=eloabder-20&linkCode=osi&th=1&psc=1">View Product</a></div>
<div class="product"><a href="https://www.amazon.com/dp/B004RIBVTK?tag=eloabder-20&linkCode=osi&th=1&psc=1"><img src="https://m.media-amazon.com/images/I/41qLfV5gyYL._SL500_.jpg" alt="Product Image"></a><p>First Aid Only 12-110 Alcohol Wipes, Individually Wrapped, 100 Per Box</p><p> -9% 0FF </p><p>$5.29 ($0.05 / Count)</p><a href="https://www.amazon.com/dp/B004RIBVTK?tag=eloabder-20&linkCode=osi&th=1&psc=1">View Product</a></div><div class="product"><a href="https://www.amazon.com/dp/B09YN8K3TH?tag=eloabder-20&linkCode=osi&th=1&psc=1"><img src="https://m.media-amazon.com/images/I/51uaWltWJiL._SL500_.jpg" alt="Product Image"></a><p>Baby Healthcare and Grooming Kit, Portable Baby Safety Care Set, Baby Essentials kit for Newborn (Blue 26 in 1)</p><p> -6% 0FF </p><p>$16.99</p><a href="https://www.amazon.com/dp/B09YN8K3TH?tag=eloabder-20&linkCode=osi&th=1&psc=1">View Product</a></div><div class="product"><a href="https://www.amazon.com/dp/B09FFT9BL2?tag=eloabder-20&linkCode=osi&th=1&psc=1"><img src="https://m.media-amazon.com/images/I/51mTQI4FDBL._SL500_.jpg" alt="Product Image"></a><p>Smart Care Fisher-Price 6-Piece Baby Healthcare Kit, Newborn Essentials, Baby Gift Set, Includes Medicine Dispensers, Aspirator, Baby Nail Clippers, Baby Thermometer</p><p> -23% 0FF </p><p>$10.73</p><a href="https://www.amazon.com/dp/B09FFT9BL2?tag=eloabder-20&linkCode=osi&th=1&psc=1">View Product</a></div>

<div class="product"><a href="https://www.amazon.com/dp/B07GTMWP8R?tag=eloabder-20&linkCode=osi&th=1&psc=1"><img src="https://m.media-amazon.com/images/I/412oB-MFGOL._SL500_.jpg" alt="Product Image"></a><p>Matyz Versatile Baby Food Maker Set - Toddler Food Mills with Mash Bowl, Hand Masher, Citrus Juicer, Grater - Making Homemade Baby Food - Fruits and Vegetables Masher - No BPA (Yellow)</p><p> -36% 0FF </p><p>$15.99</p><a href="https://www.amazon.com/dp/B07GTMWP8R?tag=eloabder-20&linkCode=osi&th=1&psc=1">View Product</a></div><div class="product"><a href="https://www.amazon.com/dp/B00FWSQ55E?tag=eloabder-20&linkCode=osi&th=1&psc=1"><img src="https://m.media-amazon.com/images/I/316TAIMF4qL._SL500_.jpg" alt="Product Image"></a><p>NUK Fresh Foods Masher & Bowl, colour pistachio</p><p> -10% 0FF </p><p>$17.99</p><a href="https://www.amazon.com/dp/B00FWSQ55E?tag=eloabder-20&linkCode=osi&th=1&psc=1">View Product</a></div>
<div class="product"><a href="https://www.amazon.com/dp/B07MYW28QR?tag=eloabder-20&linkCode=osi&th=1&psc=1"><img src="https://m.media-amazon.com/images/I/315j5b08H9L._SL500_.jpg" alt="Product Image"></a><p>Baby Brezza New and Improved Formula Pro Advanced Formula Dispenser Machine - Automatically Mix a Warm Formula Bottle Instantly - Easily Make Bottle with Automatic Powder Blending, White</p><p> -20% 0FF </p><p>$184.99</p><a href="https://www.amazon.com/dp/B07MYW28QR?tag=eloabder-20&linkCode=osi&th=1&psc=1">View Product</a></div>
<div class="product"><a href="https://www.amazon.com/dp/B0B2KVK1QS?tag=eloabder-20&linkCode=osi&th=1&psc=1"><img src="https://m.media-amazon.com/images/I/31JCp0AmlBL._SL500_.jpg" alt="Product Image"></a><p>Dr. Brown's Baby Formula Mixing Pitcher with Adjustable Stopper, Locking Lid, & No Drip Spout, 32oz, BPA Free, Teal</p><p> -9% 0FF </p><p>$9.97</p><a href="https://www.amazon.com/dp/B0B2KVK1QS?tag=eloabder-20&linkCode=osi&th=1&psc=1">View Product</a></div><div class="product"><a href="https://www.amazon.com/dp/B0CM5J4JWT?tag=eloabder-20&linkCode=osi&th=1&psc=1"><img src="https://m.media-amazon.com/images/I/31VSt6TaXAL._SL500_.jpg" alt="Product Image"></a><p>Electric Baby Formula Mixing Pitcher, NehNeh Baby Bi-directional Alternating Stirring Mixer | No Air Bubble | No Clumps | No Drip Spout | Locking Lid | Fridge Storage 36oz, BPA Free -Green</p><p> -27% 0FF </p><p>$21.99</p><a href="https://www.amazon.com/dp/B0CM5J4JWT?tag=eloabder-20&linkCode=osi&th=1&psc=1">View Product</a></div><div class="product"><a href="https://www.amazon.com/dp/B0D1C9D91Q?tag=eloabder-20&linkCode=osi&th=1&psc=1"><img src="https://m.media-amazon.com/images/I/41MGIga8RYL._SL500_.jpg" alt="Product Image"></a><p>Electric Bottle Brush Cleaner Baby, Silicone Electric Baby Bottle Brush Set with Nipple Brush/Baby Formula Mixer USB Rechargeable & 2 Mode 360° Spinning Cleaner. Essential Feeding Supplies for Moms</p><p> -24% 0FF </p><p>$21.99</p><a href="https://www.amazon.com/dp/B0D1C9D91Q?tag=eloabder-20&linkCode=osi&th=1&psc=1">View Product</a></div>
<div class="product"><a href="https://www.amazon.com/dp/B0823FX2SL?tag=eloabder-20&linkCode=osi&th=1&psc=1"><img src="https://m.media-amazon.com/images/I/41i+ptDBdcL._SL500_.jpg" alt="Product Image"></a><p>Frida Baby Grooming Kit | Baby Essentials Gift Set Includes Finger Brush with Storage Stand, Hair Brush with Case, Styling Hair Comb, Easy Grip Nail Scissors with Nail File and Case</p><p> -39% 0FF </p><p>$15.26</p><a href="https://www.amazon.com/dp/B0823FX2SL?tag=eloabder-20&linkCode=osi&th=1&psc=1">View Product</a></div><div class="product"><a href="https://www.amazon.com/dp/B08PFCJWLF?tag=eloabder-20&linkCode=osi&th=1&psc=1"><img src="https://m.media-amazon.com/images/I/41ugdN8QcEL._SL500_.jpg" alt="Product Image"></a><p>OTTOLIVES Baby Healthcare and Grooming Kit, 24 in 1 Baby Electric Nail Trimmer Set Newborn Nursery Health Care Set for Newborn Infant Toddlers Baby Boys Girls Kids Haircut Tools (0-3 Years+) (Pink)</p><p> -17% 0FF </p><p>$24.99</p><a href="https://www.amazon.com/dp/B08PFCJWLF?tag=eloabder-20&linkCode=osi&th=1&psc=1">View Product</a></div>
<div class="product"><a href="https://www.amazon.com/dp/B074W7SKZ2?tag=eloabder-20&linkCode=osi&th=1&psc=1"><img src="https://m.media-amazon.com/images/I/31KOO0YFRdL._SL500_.jpg" alt="Product Image"></a><p>Mibote Baby Growth Height Chart Handing Ruler Wall Decor for Kids, Canvas Removable Height Growth Chart 79" x 7.9" (Black & White)</p><p> -18% 0FF </p><p>$7.99</p><a href="https://www.amazon.com/dp/B074W7SKZ2?tag=eloabder-20&linkCode=osi&th=1&psc=1">View Product</a></div><div class="product"><a href="https://www.amazon.com/dp/B073V6JFZ1?tag=eloabder-20&linkCode=osi&th=1&psc=1"><img src="https://m.media-amazon.com/images/I/31Fr48bMYdL._SL500_.jpg" alt="Product Image"></a><p>Kate and Laurel Growth Chart 6.5' Wood Wall Ruler, Rustic Brown</p><p> -12% 0FF </p><p>$52.99</p><a href="https://www.amazon.com/dp/B073V6JFZ1?tag=eloabder-20&linkCode=osi&th=1&psc=1">View Product</a></div><div class="product"><a href="https://www.amazon.com/dp/B08PTVQ1W5?tag=eloabder-20&linkCode=osi&th=1&psc=1"><img src="https://m.media-amazon.com/images/I/31m1GJZxGtS._SL500_.jpg" alt="Product Image"></a><p>PandaEar Baby Height Growth Chart Ruler| Kids Boys Girls | Removable Wall Decor Measurement 79" x 7.9" (White)</p><p> -16% 0FF </p><p>$7.59</p><a href="https://www.amazon.com/dp/B08PTVQ1W5?tag=eloabder-20&linkCode=osi&th=1&psc=1">View Product</a></div><div class="product"><a href="https://www.amazon.com/dp/B08TVT93RY?tag=eloabder-20&linkCode=osi&th=1&psc=1"><img src="https://m.media-amazon.com/images/I/41kME5mTgKL._SL500_.jpg" alt="Product Image"></a><p>SUJAYU Growth Chart for Kids, Canvas Height Chart Ruler Removable Wood Hanging Wall Ruler Measurement Chart for Home Decoration (White)</p><p> -13% 0FF </p><p>$6.99</p><a href="https://www.amazon.com/dp/B08TVT93RY?tag=eloabder-20&linkCode=osi&th=1&psc=1">View Product</a></div><div class="product"><a href="https://www.amazon.com/dp/B0D2N5HN9K?tag=eloabder-20&linkCode=osi&th=1&psc=1"><img src="https://m.media-amazon.com/images/I/41rYpem0a5L._SL500_.jpg" alt="Product Image"></a><p>Growth Chart for Wall Wooden Height Chart for Kids Unicorn Castle Height Measurement for Wall Kids Height Wall Chart Kids Room Nursery Wall Decor</p><p> -19% 0FF </p><p>$21.99</p><a href="https://www.amazon.com/dp/B0D2N5HN9K?tag=eloabder-20&linkCode=osi&th=1&psc=1">View Product</a></div>
<div class="product"><a href="https://www.amazon.com/dp/B01N1PTHED?tag=eloabder-20&linkCode=osi&th=1&psc=1"><img src="https://m.media-amazon.com/images/I/31l11tL5deL._SL500_.jpg" alt="Product Image"></a><p>Natemia Baby Hair Brush - Soft Bristle Hair Brush Baby, Baby Registry Gift, Soft Baby Brush, Toddler Hair Brush for Boys & Girls, Newborn Baby Essentials, Newborn Hair Brush, Baby Wooden Brush</p><p> -28% 0FF </p><p>$12.94</p><a href="https://www.amazon.com/dp/B01N1PTHED?tag=eloabder-20&linkCode=osi&th=1&psc=1">View Product</a></div><div class="product"><a href="https://www.amazon.com/dp/B07V6VN1V8?tag=eloabder-20&linkCode=osi&th=1&psc=1"><img src="https://m.media-amazon.com/images/I/415TTdnE6ZL._SL500_.jpg" alt="Product Image"></a><p>Baby Hair Brush - Baby Brush with Soft Goat Bristles, Cradle Cap Brush, Perfect Scalp Grooming Product for Infant, Toddler, Kids, Newborns, Baby Girls, Boys (Walnut, Oval)</p><p> -32% 0FF </p><p>$12.96</p><a href="https://www.amazon.com/dp/B07V6VN1V8?tag=eloabder-20&linkCode=osi&th=1&psc=1">View Product</a></div><div class="product"><a href="https://www.amazon.com/dp/B07XPS253G?tag=eloabder-20&linkCode=osi&th=1&psc=1"><img src="https://m.media-amazon.com/images/I/41Yb4VpbnkS._SL500_.jpg" alt="Product Image"></a><p>Molylove Baby Hair Brush, Wooden Goat Bristles Hair Brush for Newborns & Toddlers, Ideal for Cradle Cap, Perfect Baby Registry Gift, Hypoallergenic, 1 Count</p><p> -33% 0FF </p><p>$5.99</p><a href="https://www.amazon.com/dp/B07XPS253G?tag=eloabder-20&linkCode=osi&th=1&psc=1">View Product</a></div><div class="product"><a href="https://www.amazon.com/dp/B0D68KKVN2?tag=eloabder-20&linkCode=osi&th=1&psc=1"><img src="https://m.media-amazon.com/images/I/41M35gnwy-L._SL500_.jpg" alt="Product Image"></a><p>ROMY RO Soft Wooden Baby Hair Brush for Newborns & Toddlers in Chic Gift Box - Ultra Soft Natural Goat Hair - Perfect Registry Gift (Goat hair brush - Oval)</p><p> -48% 0FF </p><p>$12.94</p><a href="https://www.amazon.com/dp/B0D68KKVN2?tag=eloabder-20&linkCode=osi&th=1&psc=1">View Product</a></div>
<div class="product"><a href="https://www.amazon.com/dp/B08BPD2RHF?tag=eloabder-20&linkCode=osi&th=1&psc=1"><img src="https://m.media-amazon.com/images/I/41lSftNLw1L._SL500_.jpg" alt="Product Image"></a><p>Yoocaa Car Headrest Pillow, Road Pal Headrest, Adjustable Car Seat Head Neck Support, U Shaped Car Sleeping Pillow for Kids & Adults, Only Suitable for Car Seat Headrest with Poles, Black</p><p> -9% 0FF </p><p>$29.99</p><a href="https://www.amazon.com/dp/B08BPD2RHF?tag=eloabder-20&linkCode=osi&th=1&psc=1">View Product</a></div><div class="product"><a href="https://www.amazon.com/dp/B07LF8G768?tag=eloabder-20&linkCode=osi&th=1&psc=1"><img src="https://m.media-amazon.com/images/I/21e1Tt6BFrL._SL500_.jpg" alt="Product Image"></a><p>Car Head Support Toddle Car Neck Relief Baby Child Car Seat Adjustable Head and Neck Support Band - A Comfortable Sleep Solution (Gray)</p><p> -13% 0FF </p><p>$12.99</p><a href="https://www.amazon.com/dp/B07LF8G768?tag=eloabder-20&linkCode=osi&th=1&psc=1">View Product</a></div><div class="product"><a href="https://www.amazon.com/dp/B09ZL3P26Z?tag=eloabder-20&linkCode=osi&th=1&psc=1"><img src="https://m.media-amazon.com/images/I/31zv-UP+MDL._SL500_.jpg" alt="Product Image"></a><p>Pro Goleem Car Seat Head Support Infant, Soft Infant Car Seat Insert, 2 in 1 Carseat Head Support for Newborn, Perfect for Car Seat, Stroller, Swing, Bouncer, Gray and Black</p><p> -21% 0FF </p><p>$18.99</p><a href="https://www.amazon.com/dp/B09ZL3P26Z?tag=eloabder-20&linkCode=osi&th=1&psc=1">View Product</a></div>
<div class="product"><a href="https://www.amazon.com/dp/B0CLM3ZNJ6?tag=eloabder-20&linkCode=osi&th=1&psc=1"><img src="https://m.media-amazon.com/images/I/4131cOAl1wL._SL500_.jpg" alt="Product Image"></a><p>Toddler Bath Towel Baby Bath Towels Hooded Kids Towels for Boy Girl 0-5 Year, 2-Pack Thick Absorbent Toddler Towels Hooded Baby Towels with Hood, Large 50''x32'' Baby Hooded Towel for Kids Bath Towel</p><p> -20% 0FF </p><p>$23.99</p><a href="https://www.amazon.com/dp/B0CLM3ZNJ6?tag=eloabder-20&linkCode=osi&th=1&psc=1">View Product</a></div>
<div class="product"><a href="https://www.amazon.com/dp/B094YGQNSV?tag=eloabder-20&linkCode=osi&th=1&psc=1"><img src="https://m.media-amazon.com/images/I/31BKhmVToOL._SL500_.jpg" alt="Product Image"></a><p>Westinghouse Ultrasonic Cool Mist Humidifier, 4.5L Top Filling Quiet Air Humidifier with Low Water Alarm, Adjustable Mist Humidifier for Bedrooms</p><p> -60% 0FF </p><p>$25.00</p><a href="https://www.amazon.com/dp/B094YGQNSV?tag=eloabder-20&linkCode=osi&th=1&psc=1">View Product</a></div><div class="product"><a href="https://www.amazon.com/dp/B000056HL5?tag=eloabder-20&linkCode=osi&th=1&psc=1"><img src="https://m.media-amazon.com/images/I/41ad8kyAgJL._SL500_.jpg" alt="Product Image"></a><p>Vicks Ultrasonic Humidifier Cool Mist Humidifier to Help Relieve Cold and Flu Symptoms</p><p> -27% 0FF </p><p>$44.00</p><a href="https://www.amazon.com/dp/B000056HL5?tag=eloabder-20&linkCode=osi&th=1&psc=1">View Product</a></div><div class="product"><a href="https://www.amazon.com/dp/B000GWJD0A?tag=eloabder-20&linkCode=osi&th=1&psc=1"><img src="https://m.media-amazon.com/images/I/3124anf96JL._SL500_.jpg" alt="Product Image"></a><p>Crane Adorables Ultrasonic Humidifiers for Bedroom and Baby Nursery, 1 Gallon Cool Mist Air Humidifier for Large Room or Kid's Room, Humidifier Filters Optional, Penguin</p><p> -28% 0FF </p><p>$43.20</p><a href="https://www.amazon.com/dp/B000GWJD0A?tag=eloabder-20&linkCode=osi&th=1&psc=1">View Product</a></div><div class="product"><a href="https://www.amazon.com/dp/B06XP1GMDY?tag=eloabder-20&linkCode=osi&th=1&psc=1"><img src="https://m.media-amazon.com/images/I/31g-+ypTSrL._SL500_.jpg" alt="Product Image"></a><p>Babymoov Hygro Plus Cool Mist Humidifier 3-in-1 Humidity Control, Multicolored Night Light & Essential Oil Diffuser Easy Use and Care-Blue(NO Filter Needed)</p><p> -22% 0FF </p><p>$69.99</p><a href="https://www.amazon.com/dp/B06XP1GMDY?tag=eloabder-20&linkCode=osi&th=1&psc=1">View Product</a></div><div class="product"><a href="https://www.amazon.com/dp/B009COIFAC?tag=eloabder-20&linkCode=osi&th=1&psc=1"><img src="https://m.media-amazon.com/images/I/415IUpVHxDL._SL500_.jpg" alt="Product Image"></a><p>Guardian Technologies Pure Guardian H920BL Ultrasonic Cool Mist Humidifier, 10 Hrs. Run Time, 210 Sq. Ft. Coverage, Small Rooms, Quiet, Filter Free, Treated Tank Resists</p><p> -50% 0FF </p><p>$19.99</p><a href="https://www.amazon.com/dp/B009COIFAC?tag=eloabder-20&linkCode=osi&th=1&psc=1">View Product</a></div>
<div class="product"><a href="https://www.amazon.com/dp/B08847QPWV?tag=eloabder-20&linkCode=osi&th=1&psc=1"><img src="https://m.media-amazon.com/images/I/41I9zGsqR2L._SL500_.jpg" alt="Product Image"></a><p>Graco SnugFit 35 Infant Car Seat with Simply Safe Adjust Harness System | Baby Car Seat with Anti Rebound Bar, Gotham</p><p> -30% 0FF </p><p>$118.99</p><a href="https://www.amazon.com/dp/B08847QPWV?tag=eloabder-20&linkCode=osi&th=1&psc=1">View Product</a></div>
<div class="product"><a href="https://www.amazon.com/dp/B09DLGM21Q?tag=eloabder-20&linkCode=osi&th=1&psc=1"><img src="https://m.media-amazon.com/images/I/4161UIlOUcL._SL500_.jpg" alt="Product Image"></a><p>Fisher-Price Portable Baby Chair Sit-Me-Up Floor Seat with Developmental Toys & Machine Washable Seat Pad, Rainbow Sprinkles</p><p> -6% 0FF </p><p>$40.49</p><a href="https://www.amazon.com/dp/B09DLGM21Q?tag=eloabder-20&linkCode=osi&th=1&psc=1">View Product</a></div><div class="product"><a href="https://www.amazon.com/dp/B0C2V717QN?tag=eloabder-20&linkCode=osi&th=1&psc=1"><img src="https://m.media-amazon.com/images/I/413QFmg9NwL._SL500_.jpg" alt="Product Image"></a><p>EKEPE Inflatable Baby Seat for Babies 3 Months & Up, Baby Floor Seats for Sitting Up, Baby Seats for Infants, Blow Up Baby Chair with Built in Air Pump - Bear</p><p> -20% 0FF </p><p>$21.59</p><a href="https://www.amazon.com/dp/B0C2V717QN?tag=eloabder-20&linkCode=osi&th=1&psc=1">View Product</a></div>

<div class="product"><a href="https://www.amazon.com/dp/B01M6YVW7B?tag=eloabder-20&linkCode=osi&th=1&psc=1"><img src="https://m.media-amazon.com/images/I/41HXEU0eLLL._SL500_.jpg" alt="Product Image"></a><p>Angelcare Baby Bath Support (Gray) | Ideal for Babies Less Than 6 Months Old</p><p> -33% 0FF </p><p>$19.99</p><a href="https://www.amazon.com/dp/B01M6YVW7B?tag=eloabder-20&linkCode=osi&th=1&psc=1">View Product</a></div><div class="product"><a href="https://www.amazon.com/dp/B0D9JLFDWL?tag=eloabder-20&linkCode=osi&th=1&psc=1"><img src="https://m.media-amazon.com/images/I/41t4fYIsNiL._SL500_.jpg" alt="Product Image"></a><p>GloTika Foldable Baby Bathtub Support, Ergonomic Mesh Infant Bathtub, Portable Baby Bath Tub for Newborn Babies 0-6 Months, Grey</p><p> -31% 0FF </p><p>$19.99</p><a href="https://www.amazon.com/dp/B0D9JLFDWL?tag=eloabder-20&linkCode=osi&th=1&psc=1">View Product</a></div><div class="product"><a href="https://www.amazon.com/dp/B000XW65SG?tag=eloabder-20&linkCode=osi&th=1&psc=1"><img src="https://m.media-amazon.com/images/I/41Nyw2TWaWL._SL500_.jpg" alt="Product Image"></a><p>The First Years Newborn to Toddler Baby Bath Tub - Convertible 3-in-1 Baby Tub with Removable Sling - Ages 0 to 24 Months - Sure Comfort - Pink</p><p> -37% 0FF </p><p>$22.00</p><a href="https://www.amazon.com/dp/B000XW65SG?tag=eloabder-20&linkCode=osi&th=1&psc=1">View Product</a></div><div class="product"><a href="https://www.amazon.com/dp/B0CGD46P4F?tag=eloabder-20&linkCode=osi&th=1&psc=1"><img src="https://m.media-amazon.com/images/I/41lNJLni9PL._SL500_.jpg" alt="Product Image"></a><p>AVIDOR Baby Bathtub,Collapsible Bathtub for Newborn to Toddler,Durable Essential Infant Bath Tub,Portable Travel Baby Bathtub with Soft Cushion,No-Slip Hanging and Detachable Bathtub,Green</p><p> -18% 0FF </p><p>$32.99</p><a href="https://www.amazon.com/dp/B0CGD46P4F?tag=eloabder-20&linkCode=osi&th=1&psc=1">View Product</a></div>
<div class="product"><a href="https://www.amazon.com/dp/B0CKWN7R3N?tag=eloabder-20&linkCode=osi&th=1&psc=1"><img src="https://m.media-amazon.com/images/I/31Z12rMqZ6L._SL500_.jpg" alt="Product Image"></a><p>Itzy Ritzy Insulated Bottle Bag – Keeps Bottles Warm or Cool - Holds 3 Bottles & Features Interior Pocket for Ice Pack (Not Included), Milk & Honey</p><p> -29% 0FF </p><p>$24.99</p><a href="https://www.amazon.com/dp/B0CKWN7R3N?tag=eloabder-20&linkCode=osi&th=1&psc=1">View Product</a></div>
<div class="product"><a href="https://www.amazon.com/dp/B002GKC4AG?tag=eloabder-20&linkCode=osi&th=1&psc=1"><img src="https://m.media-amazon.com/images/I/4195Qc9-38L._SL500_.jpg" alt="Product Image"></a><p>My Brest Friend Professional Nursing Pillow | Ergonomic Breastfeeding Pillows | Ideal for Lactation Consultants, NICUs & More | Breastfeeding Essentials | Handy Side Pocket & Easily Wipes Clean, Blue</p><p> -6% 0FF </p><p>$51.50</p><a href="https://www.amazon.com/dp/B002GKC4AG?tag=eloabder-20&linkCode=osi&th=1&psc=1">View Product</a></div><div class="product"><a href="https://www.amazon.com/dp/B0BT6TTHK6?tag=eloabder-20&linkCode=osi&th=1&psc=1"><img src="https://m.media-amazon.com/images/I/51GP+4wNoZL._SL500_.jpg" alt="Product Image"></a><p>Boppy Nursing Pillow Best Latch, Mocha Half Domes, Created with Lactation Consultant, Firm Contoured and Plush Sides for Two Breastfeeding Options, Padded Belt, Plus Sized to Petite, Machine Washable</p><p> -20% 0FF </p><p>$40.00</p><a href="https://www.amazon.com/dp/B0BT6TTHK6?tag=eloabder-20&linkCode=osi&th=1&psc=1">View Product</a></div>
<div class="product"><a href="https://www.amazon.com/dp/B01GGLV4V0?tag=eloabder-20&linkCode=osi&th=1&psc=1"><img src="https://m.media-amazon.com/images/I/41KKABFTw+L._SL500_.jpg" alt="Product Image"></a><p>Zote Pink Soap Pack of 3 Total 7 oz</p><p> -10% 0FF </p><p>$6.30</p><a href="https://www.amazon.com/dp/B01GGLV4V0?tag=eloabder-20&linkCode=osi&th=1&psc=1">View Product</a></div><div class="product"><a href="https://www.amazon.com/dp/B08MPWSBRR?tag=eloabder-20&linkCode=osi&th=1&psc=1"><img src="https://m.media-amazon.com/images/I/31gvg0Il4bL._SL500_.jpg" alt="Product Image"></a><p>Grangers Down Wash/Detergent for Down Insulated Clothing, Sleeping Bags and Bedding (12 Washes), 10 oz</p><p> -6% 0FF </p><p>$13.45 ($1.34 / Fl Oz)</p><a href="https://www.amazon.com/dp/B08MPWSBRR?tag=eloabder-20&linkCode=osi&th=1&psc=1">View Product</a></div><div class="product"><a href="https://www.amazon.com/dp/B08Y9691J6?tag=eloabder-20&linkCode=osi&th=1&psc=1"><img src="https://m.media-amazon.com/images/I/31wqAyGiS-L._SL500_.jpg" alt="Product Image"></a><p>WHOLENATURALS Pure Castile Soap Liquid, EWG Verified & Certified Palm Oil Free Unscented, Natural, Mild & Gentle Non-gmo & Vegan - Organic Body Wash, Laundry, and Baby Soap - 64 Fl Oz</p><p> -17% 0FF </p><p>$28.89 ($0.45 / Fl Oz)</p><a href="https://www.amazon.com/dp/B08Y9691J6?tag=eloabder-20&linkCode=osi&th=1&psc=1">View Product</a></div>
<div class="product"><a href="https://www.amazon.com/dp/B01JK164JU?tag=eloabder-20&linkCode=osi&th=1&psc=1"><img src="https://m.media-amazon.com/images/I/31tGM0o-n7L._SL500_.jpg" alt="Product Image"></a><p>The Honest Company Hydrating Face + Body Lotion | Fast Absorbing, Naturally Derived, Hypoallergenic | Lavender Calm, 8.5 fl oz</p><p> -8% 0FF </p><p>$10.99 ($1.29 / Fl Oz)</p><a href="https://www.amazon.com/dp/B01JK164JU?tag=eloabder-20&linkCode=osi&th=1&psc=1">View Product</a></div><div class="product"><a href="https://www.amazon.com/dp/B0018CK3VK?tag=eloabder-20&linkCode=osi&th=1&psc=1"><img src="https://m.media-amazon.com/images/I/41+wBu0geAL._SL500_.jpg" alt="Product Image"></a><p>Avalon Organics Hand & Body Lotion, Aloe Unscented, 32 Oz</p><p> -12% 0FF </p><p>$17.19 ($0.54 / Ounce)</p><a href="https://www.amazon.com/dp/B0018CK3VK?tag=eloabder-20&linkCode=osi&th=1&psc=1">View Product</a></div><div class="product"><a href="https://www.amazon.com/dp/B0013DIZL4?tag=eloabder-20&linkCode=osi&th=1&psc=1"><img src="https://m.media-amazon.com/images/I/31bPmcqX7+L._SL500_.jpg" alt="Product Image"></a><p>Lubriderm Intense Dry Skin Repair Lotion + Pro-Ceramide with Vitamin E & Minerals Helps to Repair Rough, Dry Skin, Fast Absorbing Lotion is Fragrance-Free and Non-Greasy, 16 fl. oz</p><p> -24% 0FF </p><p>$9.34 ($0.58 / Fl Oz)</p><a href="https://www.amazon.com/dp/B0013DIZL4?tag=eloabder-20&linkCode=osi&th=1&psc=1">View Product</a></div>
<div class="product"><a href="https://www.amazon.com/dp/B0BPHJN972?tag=eloabder-20&linkCode=osi&th=1&psc=1"><img src="https://m.media-amazon.com/images/I/41np1V18sQL._SL500_.jpg" alt="Product Image"></a><p>Pro Goleem Loveys for Babies - Soft Security Blanket Baby Snuggle Toy Newborn Stuffed Animals Baby Gifts for Boys and Girls, Lion 16 Inch</p><p> -37% 0FF </p><p>$9.48</p><a href="https://www.amazon.com/dp/B0BPHJN972?tag=eloabder-20&linkCode=osi&th=1&psc=1">View Product</a></div><div class="product"><a href="https://www.amazon.com/dp/B01MRVHKP1?tag=eloabder-20&linkCode=osi&th=1&psc=1"><img src="https://m.media-amazon.com/images/I/5183CyG7XSL._SL500_.jpg" alt="Product Image"></a><p>Mary Meyer Putty Nursery Character Blanket, Hound Dog, 1 Pack</p><p> -9% 0FF </p><p>$19.96</p><a href="https://www.amazon.com/dp/B01MRVHKP1?tag=eloabder-20&linkCode=osi&th=1&psc=1">View Product</a></div><div class="product"><a href="https://www.amazon.com/dp/B00PKP4JUM?tag=eloabder-20&linkCode=osi&th=1&psc=1"><img src="https://m.media-amazon.com/images/I/41OzmBpx8bL._SL500_.jpg" alt="Product Image"></a><p>Mary Meyer Lovey Soft Toy, 13-Inches, Oatmeal Bunny</p><p> -14% 0FF </p><p>$17.96</p><a href="https://www.amazon.com/dp/B00PKP4JUM?tag=eloabder-20&linkCode=osi&th=1&psc=1">View Product</a></div><div class="product"><a href="https://www.amazon.com/dp/B08PP8S8KZ?tag=eloabder-20&linkCode=osi&th=1&psc=1"><img src="https://m.media-amazon.com/images/I/41kmsE51naL._SL500_.jpg" alt="Product Image"></a><p>Pro Goleem Dog Security Blanket Brown Soft Puppy Lovey for Boys and Girls Unisex Lovie Baby Gifts for Toddler and Infant Snuggle Toy Stuffed Animal 16 Inch</p><p> -25% 0FF </p><p>$14.99</p><a href="https://www.amazon.com/dp/B08PP8S8KZ?tag=eloabder-20&linkCode=osi&th=1&psc=1">View Product</a></div><div class="product"><a href="https://www.amazon.com/dp/B08SZD1XXG?tag=eloabder-20&linkCode=osi&th=1&psc=1"><img src="https://m.media-amazon.com/images/I/41M7mPD9ieL._SL500_.jpg" alt="Product Image"></a><p>Itzy Ritzy - Itzy Lovey Including Teether - Baby Lovey with Teether, Textured Ribbons & Dangle Arms - Features Crinkle Sound, Sherpa Fabric and Minky Plush (Sloth)</p><p> -31% 0FF </p><p>$8.90</p><a href="https://www.amazon.com/dp/B08SZD1XXG?tag=eloabder-20&linkCode=osi&th=1&psc=1">View Product</a></div>
<div class="product"><a href="https://www.amazon.com/dp/B0B5Z89FZW?tag=eloabder-20&linkCode=osi&th=1&psc=1"><img src="https://m.media-amazon.com/images/I/31HOhMzLqbL._SL500_.jpg" alt="Product Image"></a><p>Yoofoss Waterproof Crib Mattress Protector 2 Pack, Quilted Crib Mattress Pad Cover Ultra Soft and Breathable, Machine Washable Toddler Mattress Protector for Standard Baby Crib Size 52''x28''</p><p> -17% 0FF </p><p>$19.99</p><a href="https://www.amazon.com/dp/B0B5Z89FZW?tag=eloabder-20&linkCode=osi&th=1&psc=1">View Product</a></div><div class="product"><a href="https://www.amazon.com/dp/B0CFG4G839?tag=eloabder-20&linkCode=osi&th=1&psc=1"><img src="https://m.media-amazon.com/images/I/41tYoYajqyL._SL500_.jpg" alt="Product Image"></a><p>SafeRest Sleepure 100% Waterproof Crib Size Mattress Protector - Viscose Derived from Bamboo - Fitted with Stretchable Pockets - Machine Washable Cotton Mattress Cover for Bed</p><p> -40% 0FF </p><p>$20.99</p><a href="https://www.amazon.com/dp/B0CFG4G839?tag=eloabder-20&linkCode=osi&th=1&psc=1">View Product</a></div><div class="product"><a href="https://www.amazon.com/dp/B09B1NNPP9?tag=eloabder-20&linkCode=osi&th=1&psc=1"><img src="https://m.media-amazon.com/images/I/31P+e7ESa8L._SL500_.jpg" alt="Product Image"></a><p>Bassinet Mattress Pad Cover 2 Pack Quilted Bassinet Mattress Protector Waterproof Bassinet Sheets (32"x17") for Boys & Girls, Fit for Hourglass/Oval Bassinet Mattress, White</p><p> -15% 0FF </p><p>$14.23</p><a href="https://www.amazon.com/dp/B09B1NNPP9?tag=eloabder-20&linkCode=osi&th=1&psc=1">View Product</a></div>
<div class="product"><a href="https://www.amazon.com/dp/B07WW1CT4W?tag=eloabder-20&linkCode=osi&th=1&psc=1"><img src="https://m.media-amazon.com/images/I/51jnxJGkipL._SL500_.jpg" alt="Product Image"></a><p>Luka&Lily Month Milestone Blanket- 60"x40" for Baby Boys - First Year Calendar Monthly Growth Chart, Moon - Shower Gifts</p><p> -14% 0FF </p><p>$29.99</p><a href="https://www.amazon.com/dp/B07WW1CT4W?tag=eloabder-20&linkCode=osi&th=1&psc=1">View Product</a></div><div class="product"><a href="https://www.amazon.com/dp/B07BNBTGHD?tag=eloabder-20&linkCode=osi&th=1&psc=1"><img src="https://m.media-amazon.com/images/I/4143Q79bsYL._SL500_.jpg" alt="Product Image"></a><p>Organic Baby Monthly Milestone Blanket Boy or Girl - Months Blanket with Wood Frame and Newborn Announcement Disc - Growth Chart Milestone Blanket Neutral, 1-12 Month Milestones, 47”x47”</p><p> -21% 0FF </p><p>$25.99</p><a href="https://www.amazon.com/dp/B07BNBTGHD?tag=eloabder-20&linkCode=osi&th=1&psc=1">View Product</a></div><div class="product"><a href="https://www.amazon.com/dp/B07SW75W4Q?tag=eloabder-20&linkCode=osi&th=1&psc=1"><img src="https://m.media-amazon.com/images/I/41JMlZBEbQL._SL500_.jpg" alt="Product Image"></a><p>Kate & Milo Baby Monthly Milestone Blanket, Infant Milestone Markers, Newborn Photoshoot Photo Props, Baby Girl or Baby Boy Gift, Large Blanket</p><p> -19% 0FF </p><p>$12.21</p><a href="https://www.amazon.com/dp/B07SW75W4Q?tag=eloabder-20&linkCode=osi&th=1&psc=1">View Product</a></div><div class="product"><a href="https://www.amazon.com/dp/B0986S52N1?tag=eloabder-20&linkCode=osi&th=1&psc=1"><img src="https://m.media-amazon.com/images/I/51v8Yn1ycsL._SL500_.jpg" alt="Product Image"></a><p>Popfavors, Yuzioey Safari Baby Monthly Milestone Blanket, Jungle Animals Baby Month Blanket , Baby Boy Blanket Growth Chart Nursery Decor, Includes Marker, White, 50Inx40In</p><p> -5% 0FF </p><p>$18.99</p><a href="https://www.amazon.com/dp/B0986S52N1?tag=eloabder-20&linkCode=osi&th=1&psc=1">View Product</a></div><div class="product"><a href="https://www.amazon.com/dp/B0CX9W8SND?tag=eloabder-20&linkCode=osi&th=1&psc=1"><img src="https://m.media-amazon.com/images/I/41r8vCzGa2L._SL500_.jpg" alt="Product Image"></a><p>Pearhead Hello World Milestone Blanket and Prop, Baby Monthly Milestone Updates, Growth Blanket with Photo Posing Props, Ideal Mother's Day Gift, Perfect Newborn Gift and Nursery Decor</p><p> -6% 0FF </p><p>$18.79</p><a href="https://www.amazon.com/dp/B0CX9W8SND?tag=eloabder-20&linkCode=osi&th=1&psc=1">View Product</a></div><div class="product"><a href="https://www.amazon.com/dp/B07JKN43H6?tag=eloabder-20&linkCode=osi&th=1&psc=1"><img src="https://m.media-amazon.com/images/I/511MIyg00lL._SL500_.jpg" alt="Product Image"></a><p>Bliss n' Baby Monthly Milestone Blanket for Baby Girl - 60"x40" - Wrinkle Free Baby Age Month Blanket with Growth Chart - Washable & Dryable - w/Wreath & Headband - Floral Theme</p><p> -14% 0FF </p><p>$23.99</p><a href="https://www.amazon.com/dp/B07JKN43H6?tag=eloabder-20&linkCode=osi&th=1&psc=1">View Product</a></div>
<div class="product"><a href="https://www.amazon.com/dp/B001E1JKFU?tag=eloabder-20&linkCode=osi&th=1&psc=1"><img src="https://m.media-amazon.com/images/I/41JBWVeh+QL._SL500_.jpg" alt="Product Image"></a><p>Stansport Mosquito Netting Small (705)</p><p> -39% 0FF </p><p>$16.33</p><a href="https://www.amazon.com/dp/B001E1JKFU?tag=eloabder-20&linkCode=osi&th=1&psc=1">View Product</a></div><div class="product"><a href="https://www.amazon.com/dp/B0BV2RNTR7?tag=eloabder-20&linkCode=osi&th=1&psc=1"><img src="https://m.media-amazon.com/images/I/51-iyQhcHsL._SL500_.jpg" alt="Product Image"></a><p>Mosquito Net for Bed,Large Mosquito Netting Tent Canopy for Beds,Folding Portable Design Travel POP UP Mosquito Netting for Bed,L80*W72*H60inch Queen King Size Mosquito Net</p><p> -14% 0FF </p><p>$31.99</p><a href="https://www.amazon.com/dp/B0BV2RNTR7?tag=eloabder-20&linkCode=osi&th=1&psc=1">View Product</a></div><div class="product"><a href="https://www.amazon.com/dp/B0D8HLQJ5G?tag=eloabder-20&linkCode=osi&th=1&psc=1"><img src="https://m.media-amazon.com/images/I/31hFeMp1LQL._SL500_.jpg" alt="Product Image"></a><p>77 * 30 * 23 Inch Large Pop Up Mosquito Tent, Portable Foldable Mosquito Net for Bed Camping Travel Patio</p><p> -6% 0FF </p><p>$29.99</p><a href="https://www.amazon.com/dp/B0D8HLQJ5G?tag=eloabder-20&linkCode=osi&th=1&psc=1">View Product</a></div><div class="product"><a href="https://www.amazon.com/dp/B0C2YQKF71?tag=eloabder-20&linkCode=osi&th=1&psc=1"><img src="https://m.media-amazon.com/images/I/41yDl7W2ZNL._SL500_.jpg" alt="Product Image"></a><p>Portable Mosquito Net Tent, Folding Mosquito Head Net, Pop Up Mosquito Tent Netting for Bedding Camping Traveling Patio (1 Pack, Large)</p><p> -20% 0FF </p><p>$15.99</p><a href="https://www.amazon.com/dp/B0C2YQKF71?tag=eloabder-20&linkCode=osi&th=1&psc=1">View Product</a></div>
<div class="product"><a href="https://www.amazon.com/dp/B0CL9SJ88Z?tag=eloabder-20&linkCode=osi&th=1&psc=1"><img src="https://m.media-amazon.com/images/I/41iQwRq8cBL._SL500_.jpg" alt="Product Image"></a><p>Muslin Swaddle Blankets for Newborn, 3 Pack Breathable Soft Receiving Blanket, Large 38 x 40 inches Swaddle Wrap Burping Clothes, Essentials Infant Shower Items, Toddler Gift (Bright Colors)</p><p> -5% 0FF </p><p>$18.99</p><a href="https://www.amazon.com/dp/B0CL9SJ88Z?tag=eloabder-20&linkCode=osi&th=1&psc=1">View Product</a></div><div class="product"><a href="https://www.amazon.com/dp/B0C6GP7NXF?tag=eloabder-20&linkCode=osi&th=1&psc=1"><img src="https://m.media-amazon.com/images/I/51vjlWRLQjL._SL500_.jpg" alt="Product Image"></a><p>Konssy 2 Pack Muslin Swaddle Blankets for Baby Boys Girls, Receiving Blanket Large 47 x 47 inches, Soft Breathable Muslin Baby Blanket for Unisex Newborn(Pink, Floral)</p><p> -19% 0FF </p><p>$21.99 ($11.00 / Count)</p><a href="https://www.amazon.com/dp/B0C6GP7NXF?tag=eloabder-20&linkCode=osi&th=1&psc=1">View Product</a></div>
<div class="product"><a href="https://www.amazon.com/dp/B0B8TCTXBV?tag=eloabder-20&linkCode=osi&th=1&psc=1"><img src="https://m.media-amazon.com/images/I/41j61T25VcL._SL500_.jpg" alt="Product Image"></a><p>aden + anais Essentials Swaddle Blanket, Boutique Muslin Blankets for Girls & Boys, Baby Receiving Swaddles, Ideal Newborn & Infant Swaddling Set, Perfect Shower Gifts, 4 Pack, Alphabet Animals</p><p> -29% 0FF </p><p>$28.49</p><a href="https://www.amazon.com/dp/B0B8TCTXBV?tag=eloabder-20&linkCode=osi&th=1&psc=1">View Product</a></div>
<div class="product"><a href="https://www.amazon.com/dp/B0D475YDF5?tag=eloabder-20&linkCode=osi&th=1&psc=1"><img src="https://m.media-amazon.com/images/I/31TAYPOHywL._SL500_.jpg" alt="Product Image"></a><p>Electric Nail Clipper with Nail File, 2 in 1 Rechargeable & Gentle Nail Trimmer with LED Light for Baby and Seniors</p><p> -37% 0FF </p><p>$12.00 ($1.13 / Ounce)</p><a href="https://www.amazon.com/dp/B0D475YDF5?tag=eloabder-20&linkCode=osi&th=1&psc=1">View Product</a></div><div class="product"><a href="https://www.amazon.com/dp/B0D6BCSLNQ?tag=eloabder-20&linkCode=osi&th=1&psc=1"><img src="https://m.media-amazon.com/images/I/413w5b8GCzL._SL500_.jpg" alt="Product Image"></a><p>Automatic Nail Clipper, 2 in-1 Electric Nail Clipper and Nail Polisher, Electric Baby Nail Clippers with Light,USB Rechargeable Suitable for Babies,Women Manicure,Kids, Adults and Seniors（Orange）</p><p> -23% 0FF </p><p>$16.99</p><a href="https://www.amazon.com/dp/B0D6BCSLNQ?tag=eloabder-20&linkCode=osi&th=1&psc=1">View Product</a></div>

<div class="product"><a href="https://www.amazon.com/dp/B0037SEU7Q?tag=eloabder-20&linkCode=osi&th=1&psc=1"><img src="https://m.media-amazon.com/images/I/41yN94m-XlL._SL500_.jpg" alt="Product Image"></a><p>Bepanthen Nappy Care Ointment 5 Percent, 30 g</p><p> -13% 0FF </p><p>$6.79 ($6.47 / Ounce)</p><a href="https://www.amazon.com/dp/B0037SEU7Q?tag=eloabder-20&linkCode=osi&th=1&psc=1">View Product</a></div><div class="product"><a href="https://www.amazon.com/dp/B0BTTT6VW2?tag=eloabder-20&linkCode=osi&th=1&psc=1"><img src="https://m.media-amazon.com/images/I/41cBqj0Z9tL._SL500_.jpg" alt="Product Image"></a><p>Weleda Baby Calendula Diaper Cream, 2.8 Fluid Ounce (Pack of 3), Plant Rich Protection with Calendula, Chamomile, Sweet Almond Oil, Lanolin and Zinc Oxide</p><p> -13% 0FF </p><p>$32.29 ($3.84 / Fl Oz)</p><a href="https://www.amazon.com/dp/B0BTTT6VW2?tag=eloabder-20&linkCode=osi&th=1&psc=1">View Product</a></div><div class="product"><a href="https://www.amazon.com/dp/B074YXP676?tag=eloabder-20&linkCode=osi&th=1&psc=1"><img src="https://m.media-amazon.com/images/I/41y8VvUNCLL._SL500_.jpg" alt="Product Image"></a><p>Nappy Styles Napping Creme Paste</p><p> -12% 0FF </p><p>$14.36 ($1.80 / Ounce)</p><a href="https://www.amazon.com/dp/B074YXP676?tag=eloabder-20&linkCode=osi&th=1&psc=1">View Product</a></div>
<div class="product"><a href="https://www.amazon.com/dp/B00821FLSU?tag=eloabder-20&linkCode=osi&th=1&psc=1"><img src="https://m.media-amazon.com/images/I/31MQYDa7dYL._SL500_.jpg" alt="Product Image"></a><p>Ubbi Steel Diaper Pail, Odor Locking, No Special Bag Required, Award-Winning, Registry Must-Have, Gray</p><p> -12% 0FF </p><p>$69.99</p><a href="https://www.amazon.com/dp/B00821FLSU?tag=eloabder-20&linkCode=osi&th=1&psc=1">View Product</a></div><div class="product"><a href="https://www.amazon.com/dp/B0CNS2FRMZ?tag=eloabder-20&linkCode=osi&th=1&psc=1"><img src="https://m.media-amazon.com/images/I/31O+tXnLaXL._SL500_.jpg" alt="Product Image"></a><p>Diaper Genie Select Pail is Made of Durable Stainless Steel and Includes 1 Starter Square Refill That can Hold up to 165 Newborn-Sized Diapers.</p><p> -20% 0FF </p><p>$35.99</p><a href="https://www.amazon.com/dp/B0CNS2FRMZ?tag=eloabder-20&linkCode=osi&th=1&psc=1">View Product</a></div><div class="product"><a href="https://www.amazon.com/dp/B08XNVW9TW?tag=eloabder-20&linkCode=osi&th=1&psc=1"><img src="https://m.media-amazon.com/images/I/41U7mL6nXRL._SL500_.jpg" alt="Product Image"></a><p>Sassy 250 Count Disposable Diaper Sacks, Lavender Scented, Easy-To-Tie, Diaper Disposal or Pet Waste Bags</p><p> -11% 0FF </p><p>$9.80</p><a href="https://www.amazon.com/dp/B08XNVW9TW?tag=eloabder-20&linkCode=osi&th=1&psc=1">View Product</a></div>


<div class="product"><a href="https://www.amazon.com/dp/B0CTKK5YY5?tag=eloabder-20&linkCode=osi&th=1&psc=1"><img src="https://m.media-amazon.com/images/I/31OhvT5rWmL._SL500_.jpg" alt="Product Image"></a><p>Koalababy Large Flow Electric Nasal Aspirator, Newest Baby Nose Sucker, Nose Cleaner for Toddlers with 3 Suction Levels, Soothing Music and Light, Space Gray</p><p> -33% 0FF </p><p>$29.99</p><a href="https://www.amazon.com/dp/B0CTKK5YY5?tag=eloabder-20&linkCode=osi&th=1&psc=1">View Product</a></div>
<div class="product"><a href="https://www.amazon.com/dp/B07GG1R9WC?tag=eloabder-20&linkCode=osi&th=1&psc=1"><img src="https://m.media-amazon.com/images/I/31T-p4V5gsL._SL500_.jpg" alt="Product Image"></a><p>Gerber Unisex Baby Multi-Pack Long-Sleeve Onesies Bodysuit Mitten Cuff Sizes 6-Pack Mitten Cuff Newborn</p><p> -12% 0FF </p><p>$15.81</p><a href="https://www.amazon.com/dp/B07GG1R9WC?tag=eloabder-20&linkCode=osi&th=1&psc=1">View Product</a></div><div class="product"><a href="https://www.amazon.com/dp/B0BVMXF1DJ?tag=eloabder-20&linkCode=osi&th=1&psc=1"><img src="https://m.media-amazon.com/images/I/31aJYRwZ+-L._SL500_.jpg" alt="Product Image"></a><p>HonestBaby Baby Boys 3-pack Organic Cotton Long Sleeve Side-snap Kimono Bodysuits And Toddler T-Shirt Set, Honestly Pure White, Newborn US</p><p> -63% 0FF </p><p>$11.19</p><a href="https://www.amazon.com/dp/B0BVMXF1DJ?tag=eloabder-20&linkCode=osi&th=1&psc=1">View Product</a></div>
<div class="product"><a href="https://www.amazon.com/dp/B01N47M3V0?tag=eloabder-20&linkCode=osi&th=1&psc=1"><img src="https://m.media-amazon.com/images/I/31WVThyEEcL._SL500_.jpg" alt="Product Image"></a><p>Uigos LED Night Light Lamp with Smart Sensor Dusk to Dawn Sensor, Daylight White, 0.5W Plug-in, 6-Pack</p><p> -23% 0FF </p><p>$9.99</p><a href="https://www.amazon.com/dp/B01N47M3V0?tag=eloabder-20&linkCode=osi&th=1&psc=1">View Product</a></div><div class="product"><a href="https://www.amazon.com/dp/B09B1B6J9S?tag=eloabder-20&linkCode=osi&th=1&psc=1"><img src="https://m.media-amazon.com/images/I/11rEGPdWq7L._SL500_.jpg" alt="Product Image"></a><p>Anico EASZZZ Baby Night Light, Nursery Night Lamp for Breastfeeding, Soft BPA Free Silicone Touch Night Lamp, Eye Caring, Easy Flip Design, Stepless Dimming, 1-Pack</p><p> -25% 0FF </p><p>$29.99</p><a href="https://www.amazon.com/dp/B09B1B6J9S?tag=eloabder-20&linkCode=osi&th=1&psc=1">View Product</a></div><div class="product"><a href="https://www.amazon.com/dp/B097YP171M?tag=eloabder-20&linkCode=osi&th=1&psc=1"><img src="https://m.media-amazon.com/images/I/21jYMKqhB3L._SL500_.jpg" alt="Product Image"></a><p>JolyWell Night Light for Kids, Egg Light for Nursery with 7 RGB Colors Changeable & Stepless Dimming, Rechargeable Tap Light with 1h Timer & Touch Control, Portable Night Light for Babies BPA Free</p><p> -14% 0FF </p><p>$25.99</p><a href="https://www.amazon.com/dp/B097YP171M?tag=eloabder-20&linkCode=osi&th=1&psc=1">View Product</a></div><div class="product"><a href="https://www.amazon.com/dp/B077X48B8Q?tag=eloabder-20&linkCode=osi&th=1&psc=1"><img src="https://m.media-amazon.com/images/I/31TiV9umK-L._SL500_.jpg" alt="Product Image"></a><p>REMINDA 4 Pack Night Light Lamp with Dusk to Dawn Sensor, Plug in, Blue Led Night Light</p><p> -19% 0FF </p><p>$12.99</p><a href="https://www.amazon.com/dp/B077X48B8Q?tag=eloabder-20&linkCode=osi&th=1&psc=1">View Product</a></div>
<div class="product"><a href="https://www.amazon.com/dp/B005MI648C?tag=eloabder-20&linkCode=osi&th=1&psc=1"><img src="https://m.media-amazon.com/images/I/41IsNMYojbL._SL500_.jpg" alt="Product Image"></a><p>Lansinoh Lanolin Nipple Cream Safe for Breastfeeding Baby, 100% Natural Nipple Butter for Mom, Breastfeeding Essentials, 1.41 Ounces</p><p> -17% 0FF </p><p>$8.99 ($6.38 / Ounce)</p><a href="https://www.amazon.com/dp/B005MI648C?tag=eloabder-20&linkCode=osi&th=1&psc=1">View Product</a></div><div class="product"><a href="https://www.amazon.com/dp/B000JVCBBG?tag=eloabder-20&linkCode=osi&th=1&psc=1"><img src="https://m.media-amazon.com/images/I/41TljzHSgHL._SL500_.jpg" alt="Product Image"></a><p>Earth Mama Organic Nipple Butter™ | Nipple Cream Safe for Breastfeeding | Postpartum Essentials for Nursing | Non Lanolin Nipple Cream, 2-Fluid Ounce</p><p> -7% 0FF </p><p>$13.99 ($7.00 / Fl Oz)</p><a href="https://www.amazon.com/dp/B000JVCBBG?tag=eloabder-20&linkCode=osi&th=1&psc=1">View Product</a></div><div class="product"><a href="https://www.amazon.com/dp/B08L68WR4B?tag=eloabder-20&linkCode=osi&th=1&psc=1"><img src="https://m.media-amazon.com/images/I/41qRTIl9vqL._SL500_.jpg" alt="Product Image"></a><p>Medela Purelan Lanolin Nipple Cream for Breastfeeding, 100% All Natural Single Ingredient, Hypoallergenic, Soothing Protection, Safe for Nursing Mom and Baby, 1.3 Ounce Tube</p><p> -29% 0FF </p><p>$7.37</p><a href="https://www.amazon.com/dp/B08L68WR4B?tag=eloabder-20&linkCode=osi&th=1&psc=1">View Product</a></div><div class="product"><a href="https://www.amazon.com/dp/B07X53WM1H?tag=eloabder-20&linkCode=osi&th=1&psc=1"><img src="https://m.media-amazon.com/images/I/41sh4NHSA1L._SL500_.jpg" alt="Product Image"></a><p>Lansinoh Organic Nipple Butter, Nipple Cream Safe for Breastfeeding Baby, Postpartum Essentials for Mom, 2 Ounces</p><p> -37% 0FF </p><p>$9.37</p><a href="https://www.amazon.com/dp/B07X53WM1H?tag=eloabder-20&linkCode=osi&th=1&psc=1">View Product</a></div><div class="product"><a href="https://www.amazon.com/dp/B08PXP59L6?tag=eloabder-20&linkCode=osi&th=1&psc=1"><img src="https://m.media-amazon.com/images/I/31ABi-XhpOL._SL500_.jpg" alt="Product Image"></a><p>The Honest Company Honest Mama Calm Your Nip Balm | USDA Certified Organic Nipple Cream | 1.75 fl oz</p><p> -10% 0FF </p><p>$13.49 ($7.71 / Fl Oz)</p><a href="https://www.amazon.com/dp/B08PXP59L6?tag=eloabder-20&linkCode=osi&th=1&psc=1">View Product</a></div><div class="product"><a href="https://www.amazon.com/dp/B001EPQ1US?tag=eloabder-20&linkCode=osi&th=1&psc=1"><img src="https://m.media-amazon.com/images/I/412ol1D5gFL._SL500_.jpg" alt="Product Image"></a><p>Lansinoh Breast Cream, 1.41 Ounce Tube (Pack of 3)</p><p> -20% 0FF </p><p>$23.99 ($5.67 / Ounce)</p><a href="https://www.amazon.com/dp/B001EPQ1US?tag=eloabder-20&linkCode=osi&th=1&psc=1">View Product</a></div>
<div class="product"><a href="https://www.amazon.com/dp/B0116SFIXS?tag=eloabder-20&linkCode=osi&th=1&psc=1"><img src="https://m.media-amazon.com/images/I/41IXnMjSMRL._SL500_.jpg" alt="Product Image"></a><p>Lansinoh Contact Nipple Shields for Breastfeeding, 2 Nipple Shields (24mm) and Case</p><p> -9% 0FF </p><p>$8.22</p><a href="https://www.amazon.com/dp/B0116SFIXS?tag=eloabder-20&linkCode=osi&th=1&psc=1">View Product</a></div><div class="product"><a href="https://www.amazon.com/dp/B000067PQ0?tag=eloabder-20&linkCode=osi&th=1&psc=1"><img src="https://m.media-amazon.com/images/I/31Bc7JjDLBL._SL500_.jpg" alt="Product Image"></a><p>Medela Contact Nipple Shield, 24mm Medium, Nippleshield for Breastfeeding with Latch Difficulties or Flat or Inverted Nipples, Made Without BPA</p><p> -32% 0FF </p><p>$7.35</p><a href="https://www.amazon.com/dp/B000067PQ0?tag=eloabder-20&linkCode=osi&th=1&psc=1">View Product</a></div><div class="product"><a href="https://www.amazon.com/dp/B08VKRMXGZ?tag=eloabder-20&linkCode=osi&th=1&psc=1"><img src="https://m.media-amazon.com/images/I/41jploOEeaL._SL500_.jpg" alt="Product Image"></a><p>Moogco The Original Silver Nursing Cups - Nipple Shields for Nursing Newborn - Breastfeeding Essentials - Newborn Essentials Must Haves - Nipple Covers Breastfeeding - 925 Silver</p><p> -28% 0FF </p><p>$35.90</p><a href="https://www.amazon.com/dp/B08VKRMXGZ?tag=eloabder-20&linkCode=osi&th=1&psc=1">View Product</a></div><div class="product"><a href="https://www.amazon.com/dp/B07ND58735?tag=eloabder-20&linkCode=osi&th=1&psc=1"><img src="https://m.media-amazon.com/images/I/41EpWEiqvyL._SL500_.jpg" alt="Product Image"></a><p>Koala Babycare The Original Silver Nursing Cups - Nipple Shields for Nursing Newborn -Breastfeeding Essentials - Protect and Soothe - Tri-Laminate Silver - Standard Size</p><p> -13% 0FF </p><p>$34.75</p><a href="https://www.amazon.com/dp/B07ND58735?tag=eloabder-20&linkCode=osi&th=1&psc=1">View Product</a></div>
<div class="product"><a href="https://www.amazon.com/dp/B091FL1QFK?tag=eloabder-20&linkCode=osi&th=1&psc=1"><img src="https://m.media-amazon.com/images/I/41TUb4BsK-L._SL500_.jpg" alt="Product Image"></a><p>Syringe Nasal Irrigator, Professional Baby Nasal Irrigator Portable Infant Nose Cleaner Rinsing Device Fast All Natural Relief-Nasal Irrigation/Nasal Spray/Nasal Hygiene (2 pièces)</p><p> -67% 0FF </p><p>$3.25</p><a href="https://www.amazon.com/dp/B091FL1QFK?tag=eloabder-20&linkCode=osi&th=1&psc=1">View Product</a></div><div class="product"><a href="https://www.amazon.com/dp/B09137WF8K?tag=eloabder-20&linkCode=osi&th=1&psc=1"><img src="https://m.media-amazon.com/images/I/41v2GMmUbZL._SL500_.jpg" alt="Product Image"></a><p>Two Pack 3 in 1 Baby Nose and Ear Gadget, Safe Baby Booger Remover, Nose Cleaning Tweezers, Nose Cleaner for Baby Infants and Toddlers, Dual Earwax and Snot Removal Baby Must Have Items</p><p> -50% 0FF </p><p>$9.95</p><a href="https://www.amazon.com/dp/B09137WF8K?tag=eloabder-20&linkCode=osi&th=1&psc=1">View Product</a></div><div class="product"><a href="https://www.amazon.com/dp/B09Q61B4MM?tag=eloabder-20&linkCode=osi&th=1&psc=1"><img src="https://m.media-amazon.com/images/I/310TWo+qPRL._SL500_.jpg" alt="Product Image"></a><p>Haakaa Silicone Baby Nasal Aspirator | Nose Bulb Syringe | Easy-Squeezy Baby Nose Cleaner, Newborn Infant &Toddler - BPA Free Silicone</p><p> -5% 0FF </p><p>$9.39</p><a href="https://www.amazon.com/dp/B09Q61B4MM?tag=eloabder-20&linkCode=osi&th=1&psc=1">View Product</a></div>
<div class="product"><a href="https://www.amazon.com/dp/B002K6F7AK?tag=eloabder-20&linkCode=osi&th=1&psc=1"><img src="https://m.media-amazon.com/images/I/411elwPHIqL._SL500_.jpg" alt="Product Image"></a><p>Lamaze womens Cotton Spandex Sleep for Nursing and Maternity Full Coverage Bra, Heather Grey, Large US</p><p> -32% 0FF </p><p>$12.28</p><a href="https://www.amazon.com/dp/B002K6F7AK?tag=eloabder-20&linkCode=osi&th=1&psc=1">View Product</a></div>

<div class="product"><a href="https://www.amazon.com/dp/B06XPHR7DF?tag=eloabder-20&linkCode=osi&th=1&psc=1"><img src="https://m.media-amazon.com/images/I/31sNH-POFUL._SL500_.jpg" alt="Product Image"></a><p>Lansinoh Stay Dry Disposable Nursing Pads, Soft and Super Absorbent Breast Pads, Breastfeeding Essentials for Moms, 200 Count</p><p> -21% 0FF </p><p>$18.51</p><a href="https://www.amazon.com/dp/B06XPHR7DF?tag=eloabder-20&linkCode=osi&th=1&psc=1">View Product</a></div><div class="product"><a href="https://www.amazon.com/dp/B0DB3G8G37?tag=eloabder-20&linkCode=osi&th=1&psc=1"><img src="https://m.media-amazon.com/images/I/31Z7+iKhAKL._SL500_.jpg" alt="Product Image"></a><p>Lansinoh Washable Nursing Pads, Made with Organic Bamboo Viscose, Reusable Breast Pads for Breastfeeding with Wash Bag, Breastfeeding Essentials, 10 Count</p><p> -11% 0FF </p><p>$14.28</p><a href="https://www.amazon.com/dp/B0DB3G8G37?tag=eloabder-20&linkCode=osi&th=1&psc=1">View Product</a></div>
<div class="product"><a href="https://www.amazon.com/dp/B09T6V8YH2?tag=eloabder-20&linkCode=osi&th=1&psc=1"><img src="https://m.media-amazon.com/images/I/21knizL1Y1L._SL500_.jpg" alt="Product Image"></a><p>Nursing Pillow and Positioner with Cover for Breastfeeding and Bottle Feeding, Propping Baby, Tummy Time, Baby Sitting Support, Awake-Time Support (Pillow Only, 22" x 17.7" x 5.9")</p><p> -32% 0FF </p><p>$20.49</p><a href="https://www.amazon.com/dp/B09T6V8YH2?tag=eloabder-20&linkCode=osi&th=1&psc=1">View Product</a></div>
<div class="product"><a href="https://www.amazon.com/dp/B00B7TCX0I?tag=eloabder-20&linkCode=osi&th=1&psc=1"><img src="https://m.media-amazon.com/images/I/51n0rXJe9iL._SL500_.jpg" alt="Product Image"></a><p>Leading Lady Women's Nursing Tank Stylish Cami with Inner Shelf Bra, Black Stripe, Large</p><p> -59% 0FF </p><p>$13.98</p><a href="https://www.amazon.com/dp/B00B7TCX0I?tag=eloabder-20&linkCode=osi&th=1&psc=1">View Product</a></div><div class="product"><a href="https://www.amazon.com/dp/B07K72T7Q3?tag=eloabder-20&linkCode=osi&th=1&psc=1"><img src="https://m.media-amazon.com/images/I/31J5oWrxf6L._SL500_.jpg" alt="Product Image"></a><p>Lansinoh Reusable Nursing Pads, Nursing Essentials for Breastfeeding Mothers, 4 Absorbent Nursing Pads With Mesh Wash Bag, White Pads</p><p> -25% 0FF </p><p>$11.99</p><a href="https://www.amazon.com/dp/B07K72T7Q3?tag=eloabder-20&linkCode=osi&th=1&psc=1">View Product</a></div>

<div class="product"><a href="https://www.amazon.com/dp/B086134T3T?tag=eloabder-20&linkCode=osi&th=1&psc=1"><img src="https://m.media-amazon.com/images/I/41KhXKDGe-L._SL500_.jpg" alt="Product Image"></a><p>4our Kiddies Baby-Proof Outlet Covers (60 Pack) - Child Safety Electric Plug Protectors to Prevent Power Shock</p><p> -23% 0FF </p><p>$9.99</p><a href="https://www.amazon.com/dp/B086134T3T?tag=eloabder-20&linkCode=osi&th=1&psc=1">View Product</a></div><div class="product"><a href="https://www.amazon.com/dp/B08FBNKDKB?tag=eloabder-20&linkCode=osi&th=1&psc=1"><img src="https://m.media-amazon.com/images/I/318PTNFomwL._SL500_.jpg" alt="Product Image"></a><p>Outlet Cover Box for Child Safety (2 Pack) Duplex & Decorator Electrical Outlet Plates, Concealed Access Buttons, and Spacious Compartment - Jool Baby</p><p> -35% 0FF </p><p>$14.99</p><a href="https://www.amazon.com/dp/B08FBNKDKB?tag=eloabder-20&linkCode=osi&th=1&psc=1">View Product</a></div>
<div class="product"><a href="https://www.amazon.com/dp/B07TDN9MKC?tag=eloabder-20&linkCode=osi&th=1&psc=1"><img src="https://m.media-amazon.com/images/I/41K55mCBTsL._SL500_.jpg" alt="Product Image"></a><p>Philips Avent Soothie Orthodontic Baby Pacifiers, 100% Silicone Pacifiers, One Piece, BPA-Free, for Babies 0-3 Months, Green, 4 Pack, Model SCF190/41</p><p> -25% 0FF </p><p>$8.94</p><a href="https://www.amazon.com/dp/B07TDN9MKC?tag=eloabder-20&linkCode=osi&th=1&psc=1">View Product</a></div><div class="product"><a href="https://www.amazon.com/dp/B08177ZPKM?tag=eloabder-20&linkCode=osi&th=1&psc=1"><img src="https://m.media-amazon.com/images/I/41+0ETqpizL._SL500_.jpg" alt="Product Image"></a><p>Tommee Tippee Ultra-Light Silicone Pacifier, 0-6 Months, Symmetrical One-Piece Design, BPA-Free Silicone Binkies, Clear/Blue/Green, Pack of 4</p><p> -38% 0FF </p><p>$10.39</p><a href="https://www.amazon.com/dp/B08177ZPKM?tag=eloabder-20&linkCode=osi&th=1&psc=1">View Product</a></div><div class="product"><a href="https://www.amazon.com/dp/B09XJJB478?tag=eloabder-20&linkCode=osi&th=1&psc=1"><img src="https://m.media-amazon.com/images/I/31vbtPyMOGL._SL500_.jpg" alt="Product Image"></a><p>Dr. Brown's HappyPaci 100% Silicone Baby Pacifier, Contoured One-Piece Design, White, Blue, Light Blue, 0-6m, BPA-Free, 3 Pack</p><p> -17% 0FF </p><p>$4.97</p><a href="https://www.amazon.com/dp/B09XJJB478?tag=eloabder-20&linkCode=osi&th=1&psc=1">View Product</a></div><div class="product"><a href="https://www.amazon.com/dp/B09F6YC4MS?tag=eloabder-20&linkCode=osi&th=1&psc=1"><img src="https://m.media-amazon.com/images/I/31j7FmFh-9L._SL500_.jpg" alt="Product Image"></a><p>Itzy Ritzy Natural Rubber Pacifiers, Set of 2 – Natural Rubber Newborn Pacifiers with Cherry-Shaped Nipple & Large Air Holes for Added Safety; Set of 2 in Coconut & Toast, Ages 0 – 6 Months</p><p> -10% 0FF </p><p>$8.97</p><a href="https://www.amazon.com/dp/B09F6YC4MS?tag=eloabder-20&linkCode=osi&th=1&psc=1">View Product</a></div><div class="product"><a href="https://www.amazon.com/dp/B0835TX9TH?tag=eloabder-20&linkCode=osi&th=1&psc=1"><img src="https://m.media-amazon.com/images/I/413oViQleDL._SL500_.jpg" alt="Product Image"></a><p>NUK Orthodontic Pacifier Value Pack</p><p> -48% 0FF </p><p>$6.29</p><a href="https://www.amazon.com/dp/B0835TX9TH?tag=eloabder-20&linkCode=osi&th=1&psc=1">View Product</a></div><div class="product"><a href="https://www.amazon.com/dp/B0BJ4Q64L9?tag=eloabder-20&linkCode=osi&th=1&psc=1"><img src="https://m.media-amazon.com/images/I/31T4DaO7KeL._SL500_.jpg" alt="Product Image"></a><p>Tommee Tippee Ultra-light Silicone Pacifier, Symmetrical One-Piece Design, BPA-Free Silicone Binkies, 6-18 months, Pack of 4 Pacifiers</p><p> -32% 0FF </p><p>$11.51</p><a href="https://www.amazon.com/dp/B0BJ4Q64L9?tag=eloabder-20&linkCode=osi&th=1&psc=1">View Product</a></div><div class="product"><a href="https://www.amazon.com/dp/B0C5B1SLFL?tag=eloabder-20&linkCode=osi&th=1&psc=1"><img src="https://m.media-amazon.com/images/I/41XLQFTsedL._SL500_.jpg" alt="Product Image"></a><p>Philips Avent Ultra Soft Pacifier - 4 x Soft and Flexible Baby Pacifiers for Babies Aged 0-6 Months, BPA Free with Sterilizer Carry Case, SCF091/23</p><p> -7% 0FF </p><p>$12.94</p><a href="https://www.amazon.com/dp/B0C5B1SLFL?tag=eloabder-20&linkCode=osi&th=1&psc=1">View Product</a></div><div class="product"><a href="https://www.amazon.com/dp/B09H7LR2K2?tag=eloabder-20&linkCode=osi&th=1&psc=1"><img src="https://m.media-amazon.com/images/I/31J6KoAN3IL._SL500_.jpg" alt="Product Image"></a><p>MAM Original Start Matte Newborn Baby Pacifier, Best Pacifier for Breastfed Babies, Sterilizer Case, Girl, 0-3 Months (Pack of 2)</p><p> -38% 0FF </p><p>$4.99</p><a href="https://www.amazon.com/dp/B09H7LR2K2?tag=eloabder-20&linkCode=osi&th=1&psc=1">View Product</a></div>
<div class="product"><a href="https://www.amazon.com/dp/B0C98MM24R?tag=eloabder-20&linkCode=osi&th=1&psc=1"><img src="https://m.media-amazon.com/images/I/411zeOj8dIL._SL500_.jpg" alt="Product Image"></a><p>Silicone Pacifier Clip, Seposeve Pack of 3 Baby Pacifier Teether Clip with 4 Texture, Soft Flexible Silicone Pacifier Leashes & Cases for Boy and Girl, Keeps Pacifier Clean, Purple Pink White</p><p> -29% 0FF </p><p>$4.99</p><a href="https://www.amazon.com/dp/B0C98MM24R?tag=eloabder-20&linkCode=osi&th=1&psc=1">View Product</a></div><div class="product"><a href="https://www.amazon.com/dp/B0828BFK15?tag=eloabder-20&linkCode=osi&th=1&psc=1"><img src="https://m.media-amazon.com/images/I/41OXr2mKwYL._SL500_.jpg" alt="Product Image"></a><p>PandaEar Baby Pacifier Clips Solid Color, 4 Pack Universal Holder Leash for Boys and Girls, Teething Toys Teethers (Neutral)</p><p> -17% 0FF </p><p>$4.98</p><a href="https://www.amazon.com/dp/B0828BFK15?tag=eloabder-20&linkCode=osi&th=1&psc=1">View Product</a></div>
<div class="product"><a href="https://www.amazon.com/dp/B09JCJKMF2?tag=eloabder-20&linkCode=osi&th=1&psc=1"><img src="https://m.media-amazon.com/images/I/21hMAxonL8L._SL500_.jpg" alt="Product Image"></a><p>Ubbi On-The-Go Dual Pacifier Holder, Keep's Baby's Binkies Clean and Accessible, Portable for Travel, Diaper Bag Accessory Must Have for Newborns, Sage Green</p><p> -17% 0FF </p><p>$4.99</p><a href="https://www.amazon.com/dp/B09JCJKMF2?tag=eloabder-20&linkCode=osi&th=1&psc=1">View Product</a></div><div class="product"><a href="https://www.amazon.com/dp/B0BG8J1JJR?tag=eloabder-20&linkCode=osi&th=1&psc=1"><img src="https://m.media-amazon.com/images/I/31fDalcDyyL._SL500_.jpg" alt="Product Image"></a><p>PandaEar Pacifier Nipple Holder Case Container Boxes (4 Pack)| Universal Accessories Holders| Travel Cases| BPA Free</p><p> -17% 0FF </p><p>$4.95</p><a href="https://www.amazon.com/dp/B0BG8J1JJR?tag=eloabder-20&linkCode=osi&th=1&psc=1">View Product</a></div>
<div class="product"><a href="https://www.amazon.com/dp/B08625PRQL?tag=eloabder-20&linkCode=osi&th=1&psc=1"><img src="https://m.media-amazon.com/images/I/31PUIalU9CL._SL500_.jpg" alt="Product Image"></a><p>GROWNSY Pacifier Sanitizer Portable, UV Light Sanitizer on The Go, USB Charging Sanitizer Case, Mini Pacifier Sanitizer 99.99% Cleaned in 59 Seconds (White)</p><p> -10% 0FF </p><p>$26.95</p><a href="https://www.amazon.com/dp/B08625PRQL?tag=eloabder-20&linkCode=osi&th=1&psc=1">View Product</a></div><div class="product"><a href="https://www.amazon.com/dp/B0035LQNNE?tag=eloabder-20&linkCode=osi&th=1&psc=1"><img src="https://m.media-amazon.com/images/I/41DJ3x+h47L._SL500_.jpg" alt="Product Image"></a><p>Dr. Brown's Microwave Steam Sterilizer Bags for Baby Bottles, Pacifiers, Pump Parts and Accessories, Travel Baby Bottle Sterilizer, 30 Uses per Bag, 5 Count (Pack of 1)</p><p> -40% 0FF </p><p>$5.99</p><a href="https://www.amazon.com/dp/B0035LQNNE?tag=eloabder-20&linkCode=osi&th=1&psc=1">View Product</a></div>
<div class="product"><a href="https://www.amazon.com/dp/B0CRF9L25B?tag=eloabder-20&linkCode=osi&th=1&psc=1"><img src="https://m.media-amazon.com/images/I/41WW0AQ61YL._SL500_.jpg" alt="Product Image"></a><p>Comfy Cubs Baby Play Gym Set, Wooden Baby Playgym, Interactive Activity Center Hanging Bar with Gym Toys, Foldable for Infants, Newborn Gift for Baby Girl and Boy</p><p> -33% 0FF </p><p>$39.99</p><a href="https://www.amazon.com/dp/B0CRF9L25B?tag=eloabder-20&linkCode=osi&th=1&psc=1">View Product</a></div>
<div class="product"><a href="https://www.amazon.com/dp/B0BCVRHFX8?tag=eloabder-20&linkCode=osi&th=1&psc=1"><img src="https://m.media-amazon.com/images/I/41EoxD6Jb4L._SL500_.jpg" alt="Product Image"></a><p>Baby Playpen,Playpen, Playpen for Babies and Toddlers, Play Pen for Kids, Play Pens for Babies and Toddlers for Apartment (47 * 47 inch Grey with mat)</p><p> -23% 0FF </p><p>$46.21</p><a href="https://www.amazon.com/dp/B0BCVRHFX8?tag=eloabder-20&linkCode=osi&th=1&psc=1">View Product</a></div><div class="product"><a href="https://www.amazon.com/dp/B0BR7NFYTV?tag=eloabder-20&linkCode=osi&th=1&psc=1"><img src="https://m.media-amazon.com/images/I/41fdC8D+84L._SL500_.jpg" alt="Product Image"></a><p>COMOMY Playpens for Babies and Toddlers, Small Baby Play Pens, Activity Center for Baby Safe and Non-Slip Baby Fence, Full Mesh Design, Indoor & Outdoor Kids Activity Center (Dark Grey, 36"x36")</p><p> -20% 0FF </p><p>$39.99</p><a href="https://www.amazon.com/dp/B0BR7NFYTV?tag=eloabder-20&linkCode=osi&th=1&psc=1">View Product</a></div><div class="product"><a href="https://www.amazon.com/dp/B09ZDQ3C2Y?tag=eloabder-20&linkCode=osi&th=1&psc=1"><img src="https://m.media-amazon.com/images/I/41cGSa5tbrL._SL500_.jpg" alt="Product Image"></a><p>Pamo Babe Portable Crib Baby Playpen with Mattress and Carry Bag (Grey)</p><p> -29% 0FF </p><p>$48.99</p><a href="https://www.amazon.com/dp/B09ZDQ3C2Y?tag=eloabder-20&linkCode=osi&th=1&psc=1">View Product</a></div><div class="product"><a href="https://www.amazon.com/dp/B08BT16TH5?tag=eloabder-20&linkCode=osi&th=1&psc=1"><img src="https://m.media-amazon.com/images/I/41T3gWQReTL._SL500_.jpg" alt="Product Image"></a><p>Dream On Me Nest Portable Playard in Black with Carrybag an Shoulder Strap, Lightweight, Packable and Easy Setup Baby Playard, Breathable Mesh Sides and Soft Fabric - Comes with a Removable Padded Mat</p><p> -29% 0FF </p><p>$49.99</p><a href="https://www.amazon.com/dp/B08BT16TH5?tag=eloabder-20&linkCode=osi&th=1&psc=1">View Product</a></div>
<div class="product"><a href="https://www.amazon.com/dp/B07964SFW4?tag=eloabder-20&linkCode=osi&th=1&psc=1"><img src="https://m.media-amazon.com/images/I/415S7evTplL._SL500_.jpg" alt="Product Image"></a><p>Baby Trend Lil' Snooze Deluxe II Nursery Center, Twinkle Twinkle Little Moon</p><p> -10% 0FF </p><p>$89.99</p><a href="https://www.amazon.com/dp/B07964SFW4?tag=eloabder-20&linkCode=osi&th=1&psc=1">View Product</a></div><div class="product"><a href="https://www.amazon.com/dp/B0BMFQFZSH?tag=eloabder-20&linkCode=osi&th=1&psc=1"><img src="https://m.media-amazon.com/images/I/41tYFE0RalL._SL500_.jpg" alt="Product Image"></a><p>Pamo Babe Deluxe Nursery Center, Foldable Playard for Baby & Toddler, Bassinet, Mattress, Changing Table for Newborn(Black)</p><p> -22% 0FF </p><p>$155.99</p><a href="https://www.amazon.com/dp/B0BMFQFZSH?tag=eloabder-20&linkCode=osi&th=1&psc=1">View Product</a></div><div class="product"><a href="https://www.amazon.com/dp/B07HYV86RH?tag=eloabder-20&linkCode=osi&th=1&psc=1"><img src="https://m.media-amazon.com/images/I/41GWwVT9TQL._SL500_.jpg" alt="Product Image"></a><p>Baby Trend Trend-E Nursery Center® Playard, April</p><p> -20% 0FF </p><p>$79.99</p><a href="https://www.amazon.com/dp/B07HYV86RH?tag=eloabder-20&linkCode=osi&th=1&psc=1">View Product</a></div>
<div class="product"><a href="https://www.amazon.com/dp/B0BZQGQVD1?tag=eloabder-20&linkCode=osi&th=1&psc=1"><img src="https://m.media-amazon.com/images/I/41DuYrM0FML._SL500_.jpg" alt="Product Image"></a><p>Kopi Baby Portable Diaper Changing Pad - Baby Changing Pad & Diaper Changer Travel Bag, Smart Design Baby Changing Mat, Portable Changing Pad for Baby - Baby Changing Station, Infant Gift - Grey</p><p> -31% 0FF </p><p>$26.99</p><a href="https://www.amazon.com/dp/B0BZQGQVD1?tag=eloabder-20&linkCode=osi&th=1&psc=1">View Product</a></div><div class="product"><a href="https://www.amazon.com/dp/B085PXT49C?tag=eloabder-20&linkCode=osi&th=1&psc=1"><img src="https://m.media-amazon.com/images/I/51vXCxx-lHL._SL500_.jpg" alt="Product Image"></a><p>Portable Changing Pad for Baby|Travel Baby Changing Pads for Moms, Dads|Waterproof Portable Changing Mat with Built-in Pillow|Excellent Baby Shower/Registry Gifts</p><p> -19% 0FF </p><p>$12.99</p><a href="https://www.amazon.com/dp/B085PXT49C?tag=eloabder-20&linkCode=osi&th=1&psc=1">View Product</a></div><div class="product"><a href="https://www.amazon.com/dp/B082FZ4232?tag=eloabder-20&linkCode=osi&th=1&psc=1"><img src="https://m.media-amazon.com/images/I/51beBs2MbBL._SL500_.jpg" alt="Product Image"></a><p>First Landings Portable Diaper Changing Pad - Convenient Travel Changing Pad and Wipe Holder - Portable Changing Pad - Navy</p><p> -58% 0FF </p><p>$9.99</p><a href="https://www.amazon.com/dp/B082FZ4232?tag=eloabder-20&linkCode=osi&th=1&psc=1">View Product</a></div><div class="product"><a href="https://www.amazon.com/dp/B08N4W4CFC?tag=eloabder-20&linkCode=osi&th=1&psc=1"><img src="https://m.media-amazon.com/images/I/51vHXXugc9L._SL500_.jpg" alt="Product Image"></a><p>Portable Diaper Changing Pad for Baby, Detachable Travel Changing Pad with Baby Wipes Pocket, Gifts for Baby Shower, Newborn Girls and Boys (Grey)</p><p> -29% 0FF </p><p>$19.79</p><a href="https://www.amazon.com/dp/B08N4W4CFC?tag=eloabder-20&linkCode=osi&th=1&psc=1">View Product</a></div><div class="product"><a href="https://www.amazon.com/dp/B0CM9ZDFT7?tag=eloabder-20&linkCode=osi&th=1&psc=1"><img src="https://m.media-amazon.com/images/I/511OkyACRAL._SL500_.jpg" alt="Product Image"></a><p>Portable Changing Pad for Baby, Travel Diaper Changing Pad for Newborn, Large Waterproof Baby Changing Mat, Foldable & Detachable Diaper Changing Station with Baby Wipes Pockets, Baby Stuff by Pillani</p><p> -37% 0FF </p><p>$18.99</p><a href="https://www.amazon.com/dp/B0CM9ZDFT7?tag=eloabder-20&linkCode=osi&th=1&psc=1">View Product</a></div>
<div class="product"><a href="https://www.amazon.com/dp/B00AKKDSNG?tag=eloabder-20&linkCode=osi&th=1&psc=1"><img src="https://m.media-amazon.com/images/I/51nqUmC7OaL._SL500_.jpg" alt="Product Image"></a><p>Guava Lotus Travel Crib with Lightweight Backpack Design | Certified Baby Safe Portable Crib | Folding Play Yard with Comfy Mattress for Babies & Toddlers | Compact Baby Travel Bed</p><p> -18% 0FF </p><p>$229.95</p><a href="https://www.amazon.com/dp/B00AKKDSNG?tag=eloabder-20&linkCode=osi&th=1&psc=1">View Product</a></div><div class="product"><a href="https://www.amazon.com/dp/B07RZQC1T1?tag=eloabder-20&linkCode=osi&th=1&psc=1"><img src="https://m.media-amazon.com/images/I/41EMWNVnnYL._SL500_.jpg" alt="Product Image"></a><p>Pamo Babe Portable Crib for Baby, Portable Baby Playpen with Bassinet and Changing Table</p><p> -15% 0FF </p><p>$109.99</p><a href="https://www.amazon.com/dp/B07RZQC1T1?tag=eloabder-20&linkCode=osi&th=1&psc=1">View Product</a></div><div class="product"><a href="https://www.amazon.com/dp/B01F9FLEL4?tag=eloabder-20&linkCode=osi&th=1&psc=1"><img src="https://m.media-amazon.com/images/I/51HNrjQ09pL._SL500_.jpg" alt="Product Image"></a><p>Baby Trend Nursery Center® Playard, Tanzania</p><p> -20% 0FF </p><p>$79.99</p><a href="https://www.amazon.com/dp/B01F9FLEL4?tag=eloabder-20&linkCode=osi&th=1&psc=1">View Product</a></div>
<div class="product"><a href="https://www.amazon.com/dp/B0CXY9DDW9?tag=eloabder-20&linkCode=osi&th=1&psc=1"><img src="https://m.media-amazon.com/images/I/31MFNOwDz8L._SL500_.jpg" alt="Product Image"></a><p>Bluey Playtime Floor Potty Trainer w/Sound</p><p> -20% 0FF </p><p>$31.99</p><a href="https://www.amazon.com/dp/B0CXY9DDW9?tag=eloabder-20&linkCode=osi&th=1&psc=1">View Product</a></div>


<div class="product"><a href="https://www.amazon.com/dp/B0825YNHG9?tag=eloabder-20&linkCode=osi&th=1&psc=1"><img src="https://m.media-amazon.com/images/I/515zQEdiriL._SL500_.jpg" alt="Product Image"></a><p>wegreeco Cloth Diapers 6 Pack with 6 Inserts & 1 Wet Bag, Washable Cloth Diapers for Babies, One Size Adjustable Reusable Diapers Baby (Flower)</p><p> -17% 0FF </p><p>$31.85</p><a href="https://www.amazon.com/dp/B0825YNHG9?tag=eloabder-20&linkCode=osi&th=1&psc=1">View Product</a></div><div class="product"><a href="https://www.amazon.com/dp/B0D5HMWY6V?tag=eloabder-20&linkCode=osi&th=1&psc=1"><img src="https://m.media-amazon.com/images/I/41U1XPfqxlL._SL500_.jpg" alt="Product Image"></a><p>Smarbore Baby Cloth Diapers Set-4 Pack Diapers with 4 Inserts & 1 Wet Dry Separation Bag, Reusable Infant Toddler Nappy, Adjustable Pocket Diapers for Baby Boys and Girls(6-33 pounds,0-3 Years)</p><p> -7% 0FF </p><p>$25.99 ($2.89 / Count)</p><a href="https://www.amazon.com/dp/B0D5HMWY6V?tag=eloabder-20&linkCode=osi&th=1&psc=1">View Product</a></div>
<div class="product"><a href="https://www.amazon.com/dp/B0CG1T96CP?tag=eloabder-20&linkCode=osi&th=1&psc=1"><img src="https://m.media-amazon.com/images/I/41Zc2WoVYUL._SL500_.jpg" alt="Product Image"></a><p>Yaheetech Upholstered Rocking Chair, Boucle Glider Chair Nursery Chair with High Back and Side Pocket, Rocking Accent Armchair with Rubber Wood Legs for Living Room/Bedroom/Nursery, Ivory</p><p> -41% 0FF </p><p>$99.99</p><a href="https://www.amazon.com/dp/B0CG1T96CP?tag=eloabder-20&linkCode=osi&th=1&psc=1">View Product</a></div><div class="product"><a href="https://www.amazon.com/dp/B0815ZR4LN?tag=eloabder-20&linkCode=osi&th=1&psc=1"><img src="https://m.media-amazon.com/images/I/31z4fzPBkHL._SL500_.jpg" alt="Product Image"></a><p>Evolur Raleigh Upholstered Nursery Glider, Swivel, Rock, Recliner, Tool Free Assembly, Greenguard Gold Certified Misty Grey</p><p> -43% 0FF </p><p>$199.99</p><a href="https://www.amazon.com/dp/B0815ZR4LN?tag=eloabder-20&linkCode=osi&th=1&psc=1">View Product</a></div><div class="product"><a href="https://www.amazon.com/dp/B01N4KL7QS?tag=eloabder-20&linkCode=osi&th=1&psc=1"><img src="https://m.media-amazon.com/images/I/51EIu4gTPDL._SL500_.jpg" alt="Product Image"></a><p>Angel Line Windsor Glider and Ottoman, Natural and Gray</p><p> -21% 0FF </p><p>$139.00</p><a href="https://www.amazon.com/dp/B01N4KL7QS?tag=eloabder-20&linkCode=osi&th=1&psc=1">View Product</a></div><div class="product"><a href="https://www.amazon.com/dp/B0DF2PJ5KH?tag=eloabder-20&linkCode=osi&th=1&psc=1"><img src="https://m.media-amazon.com/images/I/51wf3SLefBL._SL500_.jpg" alt="Product Image"></a><p>VECELO High Back Nursery Rocking Chair with Foot Rest, Teddy Upholstered Reclining Glider Rocker, Comfy Armchair Padded Seat Removable Side Pockets for Living Room, Bedroom, Balcony, White</p><p> -7% 0FF </p><p>$129.99</p><a href="https://www.amazon.com/dp/B0DF2PJ5KH?tag=eloabder-20&linkCode=osi&th=1&psc=1">View Product</a></div>
<div class="product"><a href="https://www.amazon.com/dp/B0D4YY8V2Z?tag=eloabder-20&linkCode=osi&th=1&psc=1"><img src="https://m.media-amazon.com/images/I/41ckUZsbOhL._SL500_.jpg" alt="Product Image"></a><p>JXM Safety Harness for Active Childs with Quick Grab Handle, Teens Youth Secure Walking Harness with Autism Awareness and Pouch, Adjustable Tether Leash for Autism ADHD Special Needs Child Kids</p><p> -11% 0FF </p><p>$24.99</p><a href="https://www.amazon.com/dp/B0D4YY8V2Z?tag=eloabder-20&linkCode=osi&th=1&psc=1">View Product</a></div><div class="product"><a href="https://www.amazon.com/dp/B0CMTXJ956?tag=eloabder-20&linkCode=osi&th=1&psc=1"><img src="https://m.media-amazon.com/images/I/41isiqOFw+L._SL500_.jpg" alt="Product Image"></a><p>Kanayu 2 Pcs Walking Harness for Older Children with Handle and Pouch Safety Harness for Autism ADHD Special Needs Child Kids(8-12 Years)</p><p> -12% 0FF </p><p>$22.99</p><a href="https://www.amazon.com/dp/B0CMTXJ956?tag=eloabder-20&linkCode=osi&th=1&psc=1">View Product</a></div><div class="product"><a href="https://www.amazon.com/dp/B0CFY3B37N?tag=eloabder-20&linkCode=osi&th=1&psc=1"><img src="https://m.media-amazon.com/images/I/41i7J-tFLEL._SL500_.jpg" alt="Product Image"></a><p>ROSROSE Child Airplane Safety Travel Harness, Airplane Travel Accessories for Kid Toddler, Child Aviation Flight Seat Device/Seat Belt, Safety Restraint System Helps Keep Your Child Safe</p><p> -10% 0FF </p><p>$22.55</p><a href="https://www.amazon.com/dp/B0CFY3B37N?tag=eloabder-20&linkCode=osi&th=1&psc=1">View Product</a></div>
<div class="product"><a href="https://www.amazon.com/dp/B08WDLZ9YF?tag=eloabder-20&linkCode=osi&th=1&psc=1"><img src="https://m.media-amazon.com/images/I/41yh9vV9UTL._SL500_.jpg" alt="Product Image"></a><p>Safety 1st Healthcare On-The-go Kit, Pyramids Aqua</p><p> -27% 0FF </p><p>$9.53</p><a href="https://www.amazon.com/dp/B08WDLZ9YF?tag=eloabder-20&linkCode=osi&th=1&psc=1">View Product</a></div>
<div class="product"><a href="https://www.amazon.com/dp/B0009EXOIM?tag=eloabder-20&linkCode=osi&th=1&psc=1"><img src="https://m.media-amazon.com/images/I/41tq74vnvfL._SL500_.jpg" alt="Product Image"></a><p>Safety 1st 12 Pack Ultra Clear Outlet Plugs</p><p> -55% 0FF </p><p>$2.99</p><a href="https://www.amazon.com/dp/B0009EXOIM?tag=eloabder-20&linkCode=osi&th=1&psc=1">View Product</a></div>
<div class="product"><a href="https://www.amazon.com/dp/B0CNVZN4JY?tag=eloabder-20&linkCode=osi&th=1&psc=1"><img src="https://m.media-amazon.com/images/I/41w4Hn9rrKL._SL500_.jpg" alt="Product Image"></a><p>UBBCARE Bed Rail for Toddlers, 32 Inch Bed Guard Rail, Extra Tall Child Safety Side Crib Rail for Baby, Kids, Fit for Twin, Full, Queen, King Size Beds</p><p> -19% 0FF </p><p>$25.99</p><a href="https://www.amazon.com/dp/B0CNVZN4JY?tag=eloabder-20&linkCode=osi&th=1&psc=1">View Product</a></div><div class="product"><a href="https://www.amazon.com/dp/B0D63187J9?tag=eloabder-20&linkCode=osi&th=1&psc=1"><img src="https://m.media-amazon.com/images/I/41Y5kEXGVpL._SL500_.jpg" alt="Product Image"></a><p>Bed Guard Rail for Toddlers - 32inch Folding up & Adjustable Heights Baby Bed Safety Rails - Portable Toddler Bed Barrier Railing Guard for Kids Twin, Bunk, Queen, Full Size Bed</p><p> -13% 0FF </p><p>$34.99</p><a href="https://www.amazon.com/dp/B0D63187J9?tag=eloabder-20&linkCode=osi&th=1&psc=1">View Product</a></div>

<div class="product"><a href="https://www.amazon.com/dp/B07JDHX9X8?tag=eloabder-20&linkCode=osi&th=1&psc=1"><img src="https://m.media-amazon.com/images/I/41xMC6SqvHL._SL500_.jpg" alt="Product Image"></a><p>Anti-Lost Wrist Link, Blue Reflective Anti-Lost Wrist Chain with Child Lock 6.56 feet.</p><p> -23% 0FF </p><p>$9.99</p><a href="https://www.amazon.com/dp/B07JDHX9X8?tag=eloabder-20&linkCode=osi&th=1&psc=1">View Product</a></div>
<div class="product"><a href="https://www.amazon.com/dp/B005P4J5I4?tag=eloabder-20&linkCode=osi&th=1&psc=1"><img src="https://m.media-amazon.com/images/I/519l0MNHqKL._SL500_.jpg" alt="Product Image"></a><p>Little Remedies Saline Spray and Drops, Safe for Newborns, 0.5 fl oz</p><p> -53% 0FF </p><p>$3.27 ($6.54 / Fl Oz)</p><a href="https://www.amazon.com/dp/B005P4J5I4?tag=eloabder-20&linkCode=osi&th=1&psc=1">View Product</a></div><div class="product"><a href="https://www.amazon.com/dp/B0856MGQVH?tag=eloabder-20&linkCode=osi&th=1&psc=1"><img src="https://m.media-amazon.com/images/I/51A47IQJC0L._SL500_.jpg" alt="Product Image"></a><p>Little Remedies Stromach Gas and Nose Relief Pack (1-0.5 oz Saline Spray and Drops, 1-1 oz Gas Relief Berry Flavor Drops)</p><p> -29% 0FF </p><p>$10.93</p><a href="https://www.amazon.com/dp/B0856MGQVH?tag=eloabder-20&linkCode=osi&th=1&psc=1">View Product</a></div><div class="product"><a href="https://www.amazon.com/dp/B011EVPAHG?tag=eloabder-20&linkCode=osi&th=1&psc=1"><img src="https://m.media-amazon.com/images/I/41wkX5DsVDL._SL500_.jpg" alt="Product Image"></a><p>MYLICON Infants Gas Relief Drops for Infants and Babies, Dye Free Formula, 1 Fluid Ounce</p><p> -18% 0FF </p><p>$9.86</p><a href="https://www.amazon.com/dp/B011EVPAHG?tag=eloabder-20&linkCode=osi&th=1&psc=1">View Product</a></div><div class="product"><a href="https://www.amazon.com/dp/B0971Y375Y?tag=eloabder-20&linkCode=osi&th=1&psc=1"><img src="https://m.media-amazon.com/images/I/41Bj3TE3RaL._SL500_.jpg" alt="Product Image"></a><p>Mommy's Bliss Newborn Essentials Gift Set, Includes Gripe Water, Baby Vitamin D / Gas Drops and Gentle Saline Drops/Spray</p><p> -20% 0FF </p><p>$19.98 ($5.00 / Count)</p><a href="https://www.amazon.com/dp/B0971Y375Y?tag=eloabder-20&linkCode=osi&th=1&psc=1">View Product</a></div>


<div class="product"><a href="https://www.amazon.com/dp/B0CD42KQ3K?tag=eloabder-20&linkCode=osi&th=1&psc=1"><img src="https://m.media-amazon.com/images/I/41c9zvmFrLL._SL500_.jpg" alt="Product Image"></a><p>TOHIBEE Baby Montessori Sensory Toys for 0-6 6-12 Months, Food Grade Teething Toys for Babies 0 3 6 9 12 18 Months, Newborn Infant Learning Developmental Toys Gifts for 1 2 Year Old Boys Girls</p><p> -50% 0FF </p><p>$9.99</p><a href="https://www.amazon.com/dp/B0CD42KQ3K?tag=eloabder-20&linkCode=osi&th=1&psc=1">View Product</a></div><div class="product"><a href="https://www.amazon.com/dp/B0CNNZKL6Z?tag=eloabder-20&linkCode=osi&th=1&psc=1"><img src="https://m.media-amazon.com/images/I/419qSwSFEIL._SL500_.jpg" alt="Product Image"></a><p>MIUXUESO 3 Pcs Baby Flower Headbands Baby Girls Nylon Headbands Soft Hairbands Hair Accessories for Newborn Infant Toddler Kids (Beige Pink Khaki)</p><p> -11% 0FF </p><p>$8.89 ($2.96 / Count)</p><a href="https://www.amazon.com/dp/B0CNNZKL6Z?tag=eloabder-20&linkCode=osi&th=1&psc=1">View Product</a></div><div class="product"><a href="https://www.amazon.com/dp/B0CRLDXBYN?tag=eloabder-20&linkCode=osi&th=1&psc=1"><img src="https://m.media-amazon.com/images/I/51U5mzLT4CL._SL500_.jpg" alt="Product Image"></a><p>Cute Castle Baby Sleep Sack 0-6 Months - Lightweight 100% Cotton 2-Way Zipper TOG 0.5 Infant Wearable Blanket, Newborn Essentials Toddler Sleep Clothes (3 Pack Green)</p><p> -41% 0FF </p><p>$26.98</p><a href="https://www.amazon.com/dp/B0CRLDXBYN?tag=eloabder-20&linkCode=osi&th=1&psc=1">View Product</a></div><div class="product"><a href="https://www.amazon.com/dp/B0CNSPHBBG?tag=eloabder-20&linkCode=osi&th=1&psc=1"><img src="https://m.media-amazon.com/images/I/41KtLZ6dp3L._SL500_.jpg" alt="Product Image"></a><p>Arnzion Baby Hooded Towels for Babies and Toddlers, Muslin Baby Bath Towel Soft and Absorbent for Boys and Girls (Dark Grey 1 Pack)</p><p> -10% 0FF </p><p>$8.99</p><a href="https://www.amazon.com/dp/B0CNSPHBBG?tag=eloabder-20&linkCode=osi&th=1&psc=1">View Product</a></div><div class="product"><a href="https://www.amazon.com/dp/B0C6Y89H47?tag=eloabder-20&linkCode=osi&th=1&psc=1"><img src="https://m.media-amazon.com/images/I/41SIANIdhkL._SL500_.jpg" alt="Product Image"></a><p>HelloBaby Upgrade 5’’ Baby Monitor with 26-Hour Battery, 2 Cameras Pan-Tilt-Zoom, 1000ft Range Video Audio Baby Monitor No WiFi, VOX, Night Vision, 2-Way Talk, 8 Lullabies and Temperature</p><p> -22% 0FF </p><p>$139.99</p><a href="https://www.amazon.com/dp/B0C6Y89H47?tag=eloabder-20&linkCode=osi&th=1&psc=1">View Product</a></div><div class="product"><a href="https://www.amazon.com/dp/B0CLGCN5ZS?tag=eloabder-20&linkCode=osi&th=1&psc=1"><img src="https://m.media-amazon.com/images/I/41PuaWmW8rL._SL500_.jpg" alt="Product Image"></a><p>Momcozy Baby Carrier Newborn to Toddler - Ergonomic, Cozy and Lightweight Infant Carrier for 7-44lbs, Effortless to Put On, Ideal for Hands-Free Parenting, Enhanced Lumbar Support, Khaki</p><p> -7% 0FF </p><p>$64.99</p><a href="https://www.amazon.com/dp/B0CLGCN5ZS?tag=eloabder-20&linkCode=osi&th=1&psc=1">View Product</a></div>
<div class="product"><a href="https://www.amazon.com/dp/B09B94C44F?tag=eloabder-20&linkCode=osi&th=1&psc=1"><img src="https://m.media-amazon.com/images/I/41mrmM0elVL._SL500_.jpg" alt="Product Image"></a><p>Fisher-Price Baby to Toddler Learning Toy 2-in-1 Like a Boss Activity Center and Play Table with Lights Music and Sounds</p><p> -33% 0FF </p><p>$73.99</p><a href="https://www.amazon.com/dp/B09B94C44F?tag=eloabder-20&linkCode=osi&th=1&psc=1">View Product</a></div><div class="product"><a href="https://www.amazon.com/dp/B08D8RSLXW?tag=eloabder-20&linkCode=osi&th=1&psc=1"><img src="https://m.media-amazon.com/images/I/41CTM7vmqIL._SL500_.jpg" alt="Product Image"></a><p>Smart Steps® Bounce N’ Play 3-in-1 Activity Center, Woodland Walk</p><p> -14% 0FF </p><p>$59.99</p><a href="https://www.amazon.com/dp/B08D8RSLXW?tag=eloabder-20&linkCode=osi&th=1&psc=1">View Product</a></div><div class="product"><a href="https://www.amazon.com/dp/B08WQB3JQW?tag=eloabder-20&linkCode=osi&th=1&psc=1"><img src="https://m.media-amazon.com/images/I/413UkTCXRJL._SL500_.jpg" alt="Product Image"></a><p>Smart Steps® 3-in-1 Bounce N' Play Activity Center Plus with STEM Learning Toys, Tike Hike</p><p> -33% 0FF </p><p>$59.99</p><a href="https://www.amazon.com/dp/B08WQB3JQW?tag=eloabder-20&linkCode=osi&th=1&psc=1">View Product</a></div><div class="product"><a href="https://www.amazon.com/dp/B0B5JJGGTC?tag=eloabder-20&linkCode=osi&th=1&psc=1"><img src="https://m.media-amazon.com/images/I/41hewN3eW6L._SL500_.jpg" alt="Product Image"></a><p>Fisher-Price Baby to Toddler Toy 3-in-1 SnugaPuppy Activity Center and Play Table with Lights Sounds and Developmental Activities</p><p> -23% 0FF </p><p>$99.99</p><a href="https://www.amazon.com/dp/B0B5JJGGTC?tag=eloabder-20&linkCode=osi&th=1&psc=1">View Product</a></div><div class="product"><a href="https://www.amazon.com/dp/B07BF1V8K8?tag=eloabder-20&linkCode=osi&th=1&psc=1"><img src="https://m.media-amazon.com/images/I/51kWbX5t3FL._SL500_.jpg" alt="Product Image"></a><p>Battat - Activity Cube With Farm Theme - Educational Wooden Toys For Toddlers And Kids - 1 Year +</p><p> -42% 0FF </p><p>$59.95</p><a href="https://www.amazon.com/dp/B07BF1V8K8?tag=eloabder-20&linkCode=osi&th=1&psc=1">View Product</a></div>
<div class="product"><a href="https://www.amazon.com/dp/B07MPCCDM7?tag=eloabder-20&linkCode=osi&th=1&psc=1"><img src="https://m.media-amazon.com/images/I/414WzjZL6XL._SL500_.jpg" alt="Product Image"></a><p>Baby Einstein 4-in-1 Kickin' Tunes Music and Language Play Gym and Piano Tummy Time Activity Mat</p><p> -20% 0FF </p><p>$39.98</p><a href="https://www.amazon.com/dp/B07MPCCDM7?tag=eloabder-20&linkCode=osi&th=1&psc=1">View Product</a></div><div class="product"><a href="https://www.amazon.com/dp/B0793D9WBY?tag=eloabder-20&linkCode=osi&th=1&psc=1"><img src="https://m.media-amazon.com/images/I/51SJobuKTzL._SL500_.jpg" alt="Product Image"></a><p>Fisher-Price Baby Playmat Deluxe Kick & Play Piano Gym, Green Musical Learning Toy with 2 Rattle Maracas for Developmental Play Newborns 0+ Months</p><p> -18% 0FF </p><p>$49.49</p><a href="https://www.amazon.com/dp/B0793D9WBY?tag=eloabder-20&linkCode=osi&th=1&psc=1">View Product</a></div><div class="product"><a href="https://www.amazon.com/dp/B0B5JXBMZJ?tag=eloabder-20&linkCode=osi&th=1&psc=1"><img src="https://m.media-amazon.com/images/I/51zfjAIFbcL._SL500_.jpg" alt="Product Image"></a><p>Fisher-Price Baby Playmat Kick & Play Piano Gym with Musical and Sensory Toys for Newborn to Toddler, Navy Fawn</p><p> -27% 0FF </p><p>$39.88</p><a href="https://www.amazon.com/dp/B0B5JXBMZJ?tag=eloabder-20&linkCode=osi&th=1&psc=1">View Product</a></div><div class="product"><a href="https://www.amazon.com/dp/B0036RKGHQ?tag=eloabder-20&linkCode=osi&th=1&psc=1"><img src="https://m.media-amazon.com/images/I/51ciJPgVi-L._SL500_.jpg" alt="Product Image"></a><p>Bright Starts Disney Baby Finding Nemo Mr. Ray Ocean Lights & Music Gym, Ages Newborn +</p><p> -18% 0FF </p><p>$69.98</p><a href="https://www.amazon.com/dp/B0036RKGHQ?tag=eloabder-20&linkCode=osi&th=1&psc=1">View Product</a></div>
<div class="product"><a href="https://www.amazon.com/dp/B0C8HGTL8Y?tag=eloabder-20&linkCode=osi&th=1&psc=1"><img src="https://m.media-amazon.com/images/I/41JRClg8WzL._SL500_.jpg" alt="Product Image"></a><p>Baby Trend Everlast 7-in-1 High Chair, Charcoal Stone</p><p> -50% 0FF </p><p>$49.99</p><a href="https://www.amazon.com/dp/B0C8HGTL8Y?tag=eloabder-20&linkCode=osi&th=1&psc=1">View Product</a></div><div class="product"><a href="https://www.amazon.com/dp/B08DY55SQZ?tag=eloabder-20&linkCode=osi&th=1&psc=1"><img src="https://m.media-amazon.com/images/I/31Gi5M2n0TL._SL500_.jpg" alt="Product Image"></a><p>Evenflo 4-in-1 Eat & Grow Convertible High Chair,Polyester</p><p> -9% 0FF </p><p>$62.99</p><a href="https://www.amazon.com/dp/B08DY55SQZ?tag=eloabder-20&linkCode=osi&th=1&psc=1">View Product</a></div><div class="product"><a href="https://www.amazon.com/dp/B0BDSWVGJN?tag=eloabder-20&linkCode=osi&th=1&psc=1"><img src="https://m.media-amazon.com/images/I/31RKzujFVpL._SL500_.jpg" alt="Product Image"></a><p>Graco EveryStep 6 in 1 High Chair, Babies and Toddlers Portable Slim High Chair with 6 Growing Stages from Infant to Toddler Seating, Convenient for Dining Time, Featured Design in Misty</p><p> -12% 0FF </p><p>$176.99</p><a href="https://www.amazon.com/dp/B0BDSWVGJN?tag=eloabder-20&linkCode=osi&th=1&psc=1">View Product</a></div><div class="product"><a href="https://www.amazon.com/dp/B0DFGSY7D2?tag=eloabder-20&linkCode=osi&th=1&psc=1"><img src="https://m.media-amazon.com/images/I/41LuMCYsLxL._SL500_.jpg" alt="Product Image"></a><p>High Chair,IJHIJH Baby High Chair,Foldable High Chair,High Chair for Babies and Toddlers,Double-Layer Large Tray,Backrest and Height Adjustable,5-Point Safety Belt,Non-Slip Mat,Space Saving</p><p> -23% 0FF </p><p>$99.99</p><a href="https://www.amazon.com/dp/B0DFGSY7D2?tag=eloabder-20&linkCode=osi&th=1&psc=1">View Product</a></div><div class="product"><a href="https://www.amazon.com/dp/B01MRVWGJH?tag=eloabder-20&linkCode=osi&th=1&psc=1"><img src="https://m.media-amazon.com/images/I/41HxUVOWn-L._SL500_.jpg" alt="Product Image"></a><p>Cosco Simple Fold Full Size High Chair With Adjustable Tray, 28.5x23.5x38.7 Inch (Pack of 1)</p><p> -23% 0FF </p><p>$49.99</p><a href="https://www.amazon.com/dp/B01MRVWGJH?tag=eloabder-20&linkCode=osi&th=1&psc=1">View Product</a></div><div class="product"><a href="https://www.amazon.com/dp/B0B1QRSXW9?tag=eloabder-20&linkCode=osi&th=1&psc=1"><img src="https://m.media-amazon.com/images/I/41k+dOKhnqL._SL500_.jpg" alt="Product Image"></a><p>Baby Trend Sit Right 2.0 3-in-1 High Chair - Cozy Grey</p><p> -25% 0FF </p><p>$59.99</p><a href="https://www.amazon.com/dp/B0B1QRSXW9?tag=eloabder-20&linkCode=osi&th=1&psc=1">View Product</a></div><div class="product"><a href="https://www.amazon.com/dp/B08HKPPJPV?tag=eloabder-20&linkCode=osi&th=1&psc=1"><img src="https://m.media-amazon.com/images/I/31cMtIzV9lL._SL500_.jpg" alt="Product Image"></a><p>Graco® Table2Table LX 6-in-1 Highchair, Arrows with Infant Head Support & One-Hand Removable Tray</p><p> -16% 0FF </p><p>$100.99</p><a href="https://www.amazon.com/dp/B08HKPPJPV?tag=eloabder-20&linkCode=osi&th=1&psc=1">View Product</a></div><div class="product"><a href="https://www.amazon.com/dp/B07Y5RY7QT?tag=eloabder-20&linkCode=osi&th=1&psc=1"><img src="https://m.media-amazon.com/images/I/31IiUCIU1JL._SL500_.jpg" alt="Product Image"></a><p>Graco DuoDiner DLX 6-in-1 Highchair, Mathis</p><p> -7% 0FF </p><p>$139.99</p><a href="https://www.amazon.com/dp/B07Y5RY7QT?tag=eloabder-20&linkCode=osi&th=1&psc=1">View Product</a></div><div class="product"><a href="https://www.amazon.com/dp/B091M5MT2L?tag=eloabder-20&linkCode=osi&th=1&psc=1"><img src="https://m.media-amazon.com/images/I/31ukjyiALGL._SL500_.jpg" alt="Product Image"></a><p>Century Dine On 4-in-1 High Chair, Grows with Child with 4 Modes, Metro</p><p> -11% 0FF </p><p>$79.99</p><a href="https://www.amazon.com/dp/B091M5MT2L?tag=eloabder-20&linkCode=osi&th=1&psc=1">View Product</a></div>
<div class="product"><a href="https://www.amazon.com/dp/B000MR4IX6?tag=eloabder-20&linkCode=osi&th=1&psc=1"><img src="https://m.media-amazon.com/images/I/31QxBnnFyKL._SL500_.jpg" alt="Product Image"></a><p>Crane Adorables Ultrasonic Humidifiers for Bedroom and Baby Nursery, 1 Gallon Cool Mist Air Humidifier for Large Room or Kid's Room, Humidifier Filters Optional, Hello Kitty</p><p> -10% 0FF </p><p>$53.99</p><a href="https://www.amazon.com/dp/B000MR4IX6?tag=eloabder-20&linkCode=osi&th=1&psc=1">View Product</a></div><div class="product"><a href="https://www.amazon.com/dp/B001ADL1SG?tag=eloabder-20&linkCode=osi&th=1&psc=1"><img src="https://m.media-amazon.com/images/I/31jxnLUt3iL._SL500_.jpg" alt="Product Image"></a><p>Crane Ultrasonic Cool Mist Humidifier for Bedroom, Baby Nursery, Kids Room, Plants, or Office, Large 1 Gallon Tank, Filter Optional, Blue and White</p><p> -25% 0FF </p><p>$44.99</p><a href="https://www.amazon.com/dp/B001ADL1SG?tag=eloabder-20&linkCode=osi&th=1&psc=1">View Product</a></div><div class="product"><a href="https://www.amazon.com/dp/B089QWNQXC?tag=eloabder-20&linkCode=osi&th=1&psc=1"><img src="https://m.media-amazon.com/images/I/31SHRor76xL._SL500_.jpg" alt="Product Image"></a><p>Dr. Brown's All-in-One Sterilizer and Dryer for Baby Bottles, Parts & Other Newborn Essentials</p><p> -28% 0FF </p><p>$57.99</p><a href="https://www.amazon.com/dp/B089QWNQXC?tag=eloabder-20&linkCode=osi&th=1&psc=1">View Product</a></div><div class="product"><a href="https://www.amazon.com/dp/B008KJEYLO?tag=eloabder-20&linkCode=osi&th=1&psc=1"><img src="https://m.media-amazon.com/images/I/516vqHBFtxL._SL500_.jpg" alt="Product Image"></a><p>WaterWipes Plastic-Free Original Baby Wipes, 99.9% Water Based Wipes, Unscented & Hypoallergenic for Sensitive Skin, 60 Count (Pack of 12), Packaging May Vary</p><p> -13% 0FF </p><p>$39.97 ($5.55 / 100 Count)</p><a href="https://www.amazon.com/dp/B008KJEYLO?tag=eloabder-20&linkCode=osi&th=1&psc=1">View Product</a></div><div class="product"><a href="https://www.amazon.com/dp/B094YK9MB1?tag=eloabder-20&linkCode=osi&th=1&psc=1"><img src="https://m.media-amazon.com/images/I/31h+m99qpwL._SL500_.jpg" alt="Product Image"></a><p>Westinghouse 28-inch Cool Mist Ultrasonic Tower Humidifier, 6L Top Fill Air Humidifier with Essential Oil Diffuser, Adjustable Mist Volume for Large Bedrooms</p><p> -50% 0FF </p><p>$59.99</p><a href="https://www.amazon.com/dp/B094YK9MB1?tag=eloabder-20&linkCode=osi&th=1&psc=1">View Product</a></div>
<div class="product"><a href="https://www.amazon.com/dp/B0961KZ9X2?tag=eloabder-20&linkCode=osi&th=1&psc=1"><img src="https://m.media-amazon.com/images/I/41AUjJ8u93S._SL500_.jpg" alt="Product Image"></a><p>Philips Avent Anti-Colic Baby Bottle with AirFree Vent, 9oz, 4pk, Clear, SCY703/04</p><p> -20% 0FF </p><p>$23.99</p><a href="https://www.amazon.com/dp/B0961KZ9X2?tag=eloabder-20&linkCode=osi&th=1&psc=1">View Product</a></div><div class="product"><a href="https://www.amazon.com/dp/B00K5KVC52?tag=eloabder-20&linkCode=osi&th=1&psc=1"><img src="https://m.media-amazon.com/images/I/411dDDTfnQL._SL500_.jpg" alt="Product Image"></a><p>Tommee Tippee Natural Start Anti-Colic BPA Free Baby Bottles, 9oz, Slow-Flow Breast-Like Nipple for a Natural Latch, Designed for Seamless Transitions Between Bottle and Breast, Fiesta, Pack of 6</p><p> -44% 0FF </p><p>$23.97</p><a href="https://www.amazon.com/dp/B00K5KVC52?tag=eloabder-20&linkCode=osi&th=1&psc=1">View Product</a></div><div class="product"><a href="https://www.amazon.com/dp/B00H0DH2NS?tag=eloabder-20&linkCode=osi&th=1&psc=1"><img src="https://m.media-amazon.com/images/I/41-a1Bfp4SL._SL500_.jpg" alt="Product Image"></a><p>Lansinoh Anti-Colic Baby Bottles for Breastfeeding Babies, 5 Ounces, 3 Count, Includes 3 Slow Flow Nipples, Size S</p><p> -25% 0FF </p><p>$14.99</p><a href="https://www.amazon.com/dp/B00H0DH2NS?tag=eloabder-20&linkCode=osi&th=1&psc=1">View Product</a></div><div class="product"><a href="https://www.amazon.com/dp/B07M6QQP9Z?tag=eloabder-20&linkCode=osi&th=1&psc=1"><img src="https://m.media-amazon.com/images/I/41DGyuAuyJL._SL500_.jpg" alt="Product Image"></a><p>Dr. Brown's Natural Flow Anti-Colic Options+ Wide-Neck Glass Baby Bottles 5 oz/150 mL, with Level 1 Slow Flow Nipple, 3 Pack, 0m+</p><p> -17% 0FF </p><p>$23.99</p><a href="https://www.amazon.com/dp/B07M6QQP9Z?tag=eloabder-20&linkCode=osi&th=1&psc=1">View Product</a></div>
<div class="product"><a href="https://www.amazon.com/dp/B00MN6IGPK?tag=eloabder-20&linkCode=osi&th=1&psc=1"><img src="https://m.media-amazon.com/images/I/41QKUlWUujL._SL500_.jpg" alt="Product Image"></a><p>Pioneer Photo Albums DA-200COLB/B 200-Pocket Embossed Baby Leatherette Frame Cover Album for 4 by 6-Inch Prints, Blue</p><p> -20% 0FF </p><p>$13.58</p><a href="https://www.amazon.com/dp/B00MN6IGPK?tag=eloabder-20&linkCode=osi&th=1&psc=1">View Product</a></div><div class="product"><a href="https://www.amazon.com/dp/B09G9LD7MR?tag=eloabder-20&linkCode=osi&th=1&psc=1"><img src="https://m.media-amazon.com/images/I/41G9dvP0dRL._SL500_.jpg" alt="Product Image"></a><p>Holoary Baby Photo Album 4” x 6” 160 Photos, Newborn Baby Keepsake Gifts for Baby Boy/Girl and New Parents, Woodland Animals Design</p><p> -15% 0FF </p><p>$16.99</p><a href="https://www.amazon.com/dp/B09G9LD7MR?tag=eloabder-20&linkCode=osi&th=1&psc=1">View Product</a></div>
<div class="product"><a href="https://www.amazon.com/dp/B099FM4W4H?tag=eloabder-20&linkCode=osi&th=1&psc=1"><img src="https://m.media-amazon.com/images/I/41oW5RAdkOL._SL500_.jpg" alt="Product Image"></a><p>Frida Baby 4-in-1 Grow-with-Me Baby Bathtub, Baby Tub for Newborns to Toddler with Removable Bath Seat & Backrest for Bath Support in Tub</p><p> -9% 0FF </p><p>$49.97</p><a href="https://www.amazon.com/dp/B099FM4W4H?tag=eloabder-20&linkCode=osi&th=1&psc=1">View Product</a></div><div class="product"><a href="https://www.amazon.com/dp/B008VWVS14?tag=eloabder-20&linkCode=osi&th=1&psc=1"><img src="https://m.media-amazon.com/images/I/41SmMRWIinL._SL500_.jpg" alt="Product Image"></a><p>Angelcare Baby Bath Support (Aqua) | Ideal for Babies Less than 6 Months Old</p><p> -33% 0FF </p><p>$19.99</p><a href="https://www.amazon.com/dp/B008VWVS14?tag=eloabder-20&linkCode=osi&th=1&psc=1">View Product</a></div><div class="product"><a href="https://www.amazon.com/dp/B0856SSQ1X?tag=eloabder-20&linkCode=osi&th=1&psc=1"><img src="https://m.media-amazon.com/images/I/31uBL4LsJbL._SL500_.jpg" alt="Product Image"></a><p>Fisher-Price Baby to Toddler Bath 4-in-1 Sling ‘n Seat Tub with Removable Infant Support and 2 Toys, Pacific Pebble</p><p> -11% 0FF </p><p>$39.99</p><a href="https://www.amazon.com/dp/B0856SSQ1X?tag=eloabder-20&linkCode=osi&th=1&psc=1">View Product</a></div><div class="product"><a href="https://www.amazon.com/dp/B0BFVBMM2Y?tag=eloabder-20&linkCode=osi&th=1&psc=1"><img src="https://m.media-amazon.com/images/I/31HpHQ7IjxL._SL500_.jpg" alt="Product Image"></a><p>The First Years Renewed Baby Bath Tub - Newborn to Toddler 3-in-1 Baby Tub with Removable Sling - Made with 50% Recycled Material - 0 to 25 LBs</p><p> -10% 0FF </p><p>$26.99</p><a href="https://www.amazon.com/dp/B0BFVBMM2Y?tag=eloabder-20&linkCode=osi&th=1&psc=1">View Product</a></div><div class="product"><a href="https://www.amazon.com/dp/B08XYFMK8K?tag=eloabder-20&linkCode=osi&th=1&psc=1"><img src="https://m.media-amazon.com/images/I/41pzMRjTbyS._SL500_.jpg" alt="Product Image"></a><p>The First Years Rain Shower Baby Bathtub — Baby Spa for Newborn to Toddler — includes Convertible Bathtub and Sling with Soothing Spray — Baby Bath Essentials</p><p> -20% 0FF </p><p>$69.99</p><a href="https://www.amazon.com/dp/B08XYFMK8K?tag=eloabder-20&linkCode=osi&th=1&psc=1">View Product</a></div>
<div class="product"><a href="https://www.amazon.com/dp/B08GFCX964?tag=eloabder-20&linkCode=osi&th=1&psc=1"><img src="https://m.media-amazon.com/images/I/41WRO-OeUjL._SL500_.jpg" alt="Product Image"></a><p>PandaEar Set of 3 Silicone Baby Bibs Waterproof, Soft, Unisex, 10-72 Months (Brown/Blue/Green)</p><p> -27% 0FF </p><p>$8.45</p><a href="https://www.amazon.com/dp/B08GFCX964?tag=eloabder-20&linkCode=osi&th=1&psc=1">View Product</a></div><div class="product"><a href="https://www.amazon.com/dp/B0B152XRC4?tag=eloabder-20&linkCode=osi&th=1&psc=1"><img src="https://m.media-amazon.com/images/I/51OYlHgekxL._SL500_.jpg" alt="Product Image"></a><p>8-Pack Organic Baby Bibs for Boys, Girls - Soft Cotton Drooling and Teething Baby Bibs, Baby Girl Bibs, Baby Boy Bibs, Baby Drool Bibs for Baby Girl, Boy, Newborn Infant Bibs (Sweet Charm)</p><p> -39% 0FF </p><p>$16.96</p><a href="https://www.amazon.com/dp/B0B152XRC4?tag=eloabder-20&linkCode=osi&th=1&psc=1">View Product</a></div>
<div class="product"><a href="https://www.amazon.com/dp/B01CJABFKM?tag=eloabder-20&linkCode=osi&th=1&psc=1"><img src="https://m.media-amazon.com/images/I/41Cy6DIfuuL._SL500_.jpg" alt="Product Image"></a><p>Custom Catch Personalized Baby Blanket for Boys - Blue</p><p> -27% 0FF </p><p>$21.94</p><a href="https://www.amazon.com/dp/B01CJABFKM?tag=eloabder-20&linkCode=osi&th=1&psc=1">View Product</a></div><div class="product"><a href="https://www.amazon.com/dp/B098NY9KW8?tag=eloabder-20&linkCode=osi&th=1&psc=1"><img src="https://m.media-amazon.com/images/I/41k5gWkxQgL._SL500_.jpg" alt="Product Image"></a><p>Momcozy Muslin Swaddle Blankets, Swaddle Blanket for Baby Boys and Girls, 4-Pack Breathable and Skin-Friendly Baby Receiving Blankets Swaddle Wrap, Baby Essentials, Registry & Gift, 47 x 47 inches</p><p> -40% 0FF </p><p>$29.99</p><a href="https://www.amazon.com/dp/B098NY9KW8?tag=eloabder-20&linkCode=osi&th=1&psc=1">View Product</a></div><div class="product"><a href="https://www.amazon.com/dp/B0CNPDMD1R?tag=eloabder-20&linkCode=osi&th=1&psc=1"><img src="https://m.media-amazon.com/images/I/41P19H8j35L._SL500_.jpg" alt="Product Image"></a><p>Yurhap Fleece Baby Blanket Heart Checkered Blanket, Ultra Soft Cozy Baby Blankets for Girls Boys, Fluffy Infant Toddler Newborn Receiving Blankets for Crib Stroller 30”×40” (Light Pink)</p><p> -33% 0FF </p><p>$9.99</p><a href="https://www.amazon.com/dp/B0CNPDMD1R?tag=eloabder-20&linkCode=osi&th=1&psc=1">View Product</a></div><div class="product"><a href="https://www.amazon.com/dp/B0B3J7RYTF?tag=eloabder-20&linkCode=osi&th=1&psc=1"><img src="https://m.media-amazon.com/images/I/41xEsOQY4yL._SL500_.jpg" alt="Product Image"></a><p>Konssy Waffle Baby Blankets, Nursery Blankets for Boys Girls, Swaddle Blankets Neutral Soft Lightweight Toddler and Kids Throw Blankets(Oat)</p><p> -23% 0FF </p><p>$22.99</p><a href="https://www.amazon.com/dp/B0B3J7RYTF?tag=eloabder-20&linkCode=osi&th=1&psc=1">View Product</a></div><div class="product"><a href="https://www.amazon.com/dp/B0BD6TPYXR?tag=eloabder-20&linkCode=osi&th=1&psc=1"><img src="https://m.media-amazon.com/images/I/51SPJrzTpKL._SL500_.jpg" alt="Product Image"></a><p>Konssy Baby Blankets for Unisex Boys Girls, Super Soft Nursery Minky Blankets with Muslin Cotton Front and Dotted Fleece Backing, Printed Bed Throws Newborn</p><p> -10% 0FF </p><p>$18.99</p><a href="https://www.amazon.com/dp/B0BD6TPYXR?tag=eloabder-20&linkCode=osi&th=1&psc=1">View Product</a></div>
<div class="product"><a href="https://www.amazon.com/dp/B081FTXL88?tag=eloabder-20&linkCode=osi&th=1&psc=1"><img src="https://m.media-amazon.com/images/I/31S6fvevhIL._SL500_.jpg" alt="Product Image"></a><p>Munchkin® Bristle™ Bottle Brush, Grey</p><p> -23% 0FF </p><p>$4.47</p><a href="https://www.amazon.com/dp/B081FTXL88?tag=eloabder-20&linkCode=osi&th=1&psc=1">View Product</a></div><div class="product"><a href="https://www.amazon.com/dp/B082PZ44M9?tag=eloabder-20&linkCode=osi&th=1&psc=1"><img src="https://m.media-amazon.com/images/I/21NI5khXnaL._SL500_.jpg" alt="Product Image"></a><p>Boon Cacti Bottle Cleaning Brush Set - Includes Bottle Brush, Nipple Brush, Detail Brush, and Straw Brush - Baby Bottle Brush Set for Bottle Drying Rack - Baby Essentials - 4 Count</p><p> -12% 0FF </p><p>$13.49</p><a href="https://www.amazon.com/dp/B082PZ44M9?tag=eloabder-20&linkCode=osi&th=1&psc=1">View Product</a></div><div class="product"><a href="https://www.amazon.com/dp/B0CQKF5CWS?tag=eloabder-20&linkCode=osi&th=1&psc=1"><img src="https://m.media-amazon.com/images/I/31RoBDDbg3L._SL500_.jpg" alt="Product Image"></a><p>Munchkin® Bristle™ Bottle Brush, Modern Design, Grey</p><p> -23% 0FF </p><p>$4.47</p><a href="https://www.amazon.com/dp/B0CQKF5CWS?tag=eloabder-20&linkCode=osi&th=1&psc=1">View Product</a></div><div class="product"><a href="https://www.amazon.com/dp/B01968GERY?tag=eloabder-20&linkCode=osi&th=1&psc=1"><img src="https://m.media-amazon.com/images/I/21rubIV8FNL._SL500_.jpg" alt="Product Image"></a><p>NUK Triple Action Baby Bottle & Nipple Brush, 3 Powerful Cleaning Materials - Bristles, Sponge, & Scruber, Non-Slip Handle, Odor Resistant, Top Rack Dishwasher Safe</p><p> -54% 0FF </p><p>$4.49</p><a href="https://www.amazon.com/dp/B01968GERY?tag=eloabder-20&linkCode=osi&th=1&psc=1">View Product</a></div>
<div class="product"><a href="https://www.amazon.com/dp/B09CGTPJSL?tag=eloabder-20&linkCode=osi&th=1&psc=1"><img src="https://m.media-amazon.com/images/I/31O1L+MYMxL._SL500_.jpg" alt="Product Image"></a><p>Baby Bottle Sterilizer | Esterilizador de Biberones, 6-in-1 HAUTURE Bottle Sterilizer and Dryer, Electric Steam Bottle Sanitizer for Baby Stuffs, Baby Bottles & Breast Pump Accessories</p><p> -10% 0FF </p><p>$69.98</p><a href="https://www.amazon.com/dp/B09CGTPJSL?tag=eloabder-20&linkCode=osi&th=1&psc=1">View Product</a></div><div class="product"><a href="https://www.amazon.com/dp/B007VBXKG2?tag=eloabder-20&linkCode=osi&th=1&psc=1"><img src="https://m.media-amazon.com/images/I/315F64OEQHL._SL500_.jpg" alt="Product Image"></a><p>Philips AVENT Microwave Steam Sterilizer for Baby Bottles, Pacifiers, Cups and More, SCF281/05</p><p> -29% 0FF </p><p>$22.79</p><a href="https://www.amazon.com/dp/B007VBXKG2?tag=eloabder-20&linkCode=osi&th=1&psc=1">View Product</a></div><div class="product"><a href="https://www.amazon.com/dp/B09HJDX5S6?tag=eloabder-20&linkCode=osi&th=1&psc=1"><img src="https://m.media-amazon.com/images/I/41rjM6KCAmL._SL500_.jpg" alt="Product Image"></a><p>Baby Brezza Bottle Sterilizer and Dryer Advanced – Electric Steam Sterilization Machine Universal Sterilizing for All Bottles: Plastic + Glass Pacifiers Breast Pump Parts - HEPA Filtration</p><p> -15% 0FF </p><p>$118.99</p><a href="https://www.amazon.com/dp/B09HJDX5S6?tag=eloabder-20&linkCode=osi&th=1&psc=1">View Product</a></div><div class="product"><a href="https://www.amazon.com/dp/B0D474DSB6?tag=eloabder-20&linkCode=osi&th=1&psc=1"><img src="https://m.media-amazon.com/images/I/41p78Of58KL._SL500_.jpg" alt="Product Image"></a><p>Bottle Sterilizer and Dryer, HIYAKOI Electric Steam Baby Bottle Sterilizer and Dryer, All-in-One Sterilizer 2 Layers Large for Baby Bottles, Parts & Other Newborn Essentials - HEPA Filtration</p><p> -38% 0FF </p><p>$49.99</p><a href="https://www.amazon.com/dp/B0D474DSB6?tag=eloabder-20&linkCode=osi&th=1&psc=1">View Product</a></div><div class="product"><a href="https://www.amazon.com/dp/B0CQQFFQKJ?tag=eloabder-20&linkCode=osi&th=1&psc=1"><img src="https://m.media-amazon.com/images/I/41tQNekOelL._SL500_.jpg" alt="Product Image"></a><p>Momcozy Bottle Sterilizer and Dryer, 8-in-1 Electric Steam Baby Bottle Sterilizer for Baby Bottles, Baby stuffs & Breast Pump Accessories</p><p> -36% 0FF </p><p>$63.99</p><a href="https://www.amazon.com/dp/B0CQQFFQKJ?tag=eloabder-20&linkCode=osi&th=1&psc=1">View Product</a></div><div class="product"><a href="https://www.amazon.com/dp/B09HH7HSGV?tag=eloabder-20&linkCode=osi&th=1&psc=1"><img src="https://m.media-amazon.com/images/I/31tOSRxwFYL._SL500_.jpg" alt="Product Image"></a><p>GROWNSY Bottle Sterilizer and Dryer, 2024 Compact Electric Steam Baby Bottle Sterilizer (Esterilizador de Biberones), Bottle Sanitizer for Baby Bottles, Pacifiers, Pump Parts</p><p> -33% 0FF </p><p>$59.99</p><a href="https://www.amazon.com/dp/B09HH7HSGV?tag=eloabder-20&linkCode=osi&th=1&psc=1">View Product</a></div>
<div class="product"><a href="https://www.amazon.com/dp/B07G4KBQJ7?tag=eloabder-20&linkCode=osi&th=1&psc=1"><img src="https://m.media-amazon.com/images/I/41WM4mOjQiL._SL500_.jpg" alt="Product Image"></a><p>Evenflo Feeding Classic Tinted Plastic Standard Neck Bottles for Baby, Infant and Newborn, Pink/Lavender/Teal, 8 Ounce (Pack of 12)</p><p> -27% 0FF </p><p>$10.19</p><a href="https://www.amazon.com/dp/B07G4KBQJ7?tag=eloabder-20&linkCode=osi&th=1&psc=1">View Product</a></div><div class="product"><a href="https://www.amazon.com/dp/B00N9X4YZW?tag=eloabder-20&linkCode=osi&th=1&psc=1"><img src="https://m.media-amazon.com/images/I/51kDCJ8oQmL._SL500_.jpg" alt="Product Image"></a><p>Evenflo Feeding Classic Tinted Plastic Standard Neck Bottles for Baby, Infant and Newborn - Teal/Green/Blue, 8 Ounce (Pack of 12)</p><p> -31% 0FF </p><p>$9.68</p><a href="https://www.amazon.com/dp/B00N9X4YZW?tag=eloabder-20&linkCode=osi&th=1&psc=1">View Product</a></div><div class="product"><a href="https://www.amazon.com/dp/B07DCQKC33?tag=eloabder-20&linkCode=osi&th=1&psc=1"><img src="https://m.media-amazon.com/images/I/41jfe6zVMgL._SL500_.jpg" alt="Product Image"></a><p>Dr. Brown's Anti-Colic Baby Feeding Set with Slow Flow Nipples, Travel Caps, Silicone Pacifier - Pink</p><p> -20% 0FF </p><p>$18.41</p><a href="https://www.amazon.com/dp/B07DCQKC33?tag=eloabder-20&linkCode=osi&th=1&psc=1">View Product</a></div>
<div class="product"><a href="https://www.amazon.com/dp/B095F28Q6J?tag=eloabder-20&linkCode=osi&th=1&psc=1"><img src="https://m.media-amazon.com/images/I/311FVQReZOL._SL500_.jpg" alt="Product Image"></a><p>Baby Delight Alpine Deluxe Portable Bouncer, Infant, 0-6 Months, 100% GOTS Certified Cotton Fabrics, Organic Oat</p><p> -22% 0FF </p><p>$69.99</p><a href="https://www.amazon.com/dp/B095F28Q6J?tag=eloabder-20&linkCode=osi&th=1&psc=1">View Product</a></div><div class="product"><a href="https://www.amazon.com/dp/B0BLP5G5FJ?tag=eloabder-20&linkCode=osi&th=1&psc=1"><img src="https://m.media-amazon.com/images/I/41F7YHDOEGL._SL500_.jpg" alt="Product Image"></a><p>Bright Starts Playful Paradise Comfy Baby Bouncer Seat with Soothing Vibration and Toys, Unisex, 0-6 Months</p><p> -26% 0FF </p><p>$22.11</p><a href="https://www.amazon.com/dp/B0BLP5G5FJ?tag=eloabder-20&linkCode=osi&th=1&psc=1">View Product</a></div><div class="product"><a href="https://www.amazon.com/dp/B016DAWD3W?tag=eloabder-20&linkCode=osi&th=1&psc=1"><img src="https://m.media-amazon.com/images/I/31SssXA+BHL._SL500_.jpg" alt="Product Image"></a><p>BabyBjörn Bouncer Balance Soft, Cotton/Jersey, Dark Gray/Gray (005084US)</p><p> -14% 0FF </p><p>$179.99</p><a href="https://www.amazon.com/dp/B016DAWD3W?tag=eloabder-20&linkCode=osi&th=1&psc=1">View Product</a></div><div class="product"><a href="https://www.amazon.com/dp/B07C9ZR2VC?tag=eloabder-20&linkCode=osi&th=1&psc=1"><img src="https://m.media-amazon.com/images/I/41wSBC1+j4L._SL500_.jpg" alt="Product Image"></a><p>Smart Steps Trend EZ Bouncer, Bluebell</p><p> -45% 0FF </p><p>$29.99</p><a href="https://www.amazon.com/dp/B07C9ZR2VC?tag=eloabder-20&linkCode=osi&th=1&psc=1">View Product</a></div>
<div class="product"><a href="https://www.amazon.com/dp/B07XMN3SK6?tag=eloabder-20&linkCode=osi&th=1&psc=1"><img src="https://m.media-amazon.com/images/I/41bHS4nTJ2L._SL500_.jpg" alt="Product Image"></a><p>Infantino Flip 4-in-1 Carrier - Ergonomic for Newborns and Older Babies 8-32 lbs</p><p> -21% 0FF </p><p>$29.99</p><a href="https://www.amazon.com/dp/B07XMN3SK6?tag=eloabder-20&linkCode=osi&th=1&psc=1">View Product</a></div><div class="product"><a href="https://www.amazon.com/dp/B0743L6R1T?tag=eloabder-20&linkCode=osi&th=1&psc=1"><img src="https://m.media-amazon.com/images/I/31ZGsR+w+1L._SL500_.jpg" alt="Product Image"></a><p>Ergobaby Omni 360 All-Position Baby Carrier for Newborn to Toddler with Lumbar Support (7-45 Pounds), Pearl Grey, One Size (Pack of 1)</p><p> -39% 0FF </p><p>$110.00</p><a href="https://www.amazon.com/dp/B0743L6R1T?tag=eloabder-20&linkCode=osi&th=1&psc=1">View Product</a></div><div class="product"><a href="https://www.amazon.com/dp/B0CDQ1XH6W?tag=eloabder-20&linkCode=osi&th=1&psc=1"><img src="https://m.media-amazon.com/images/I/41kAV5NXZBL._SL500_.jpg" alt="Product Image"></a><p>Momcozy Baby Carrier Newborn to Toddler - Ergonomic, Cozy and Lightweight Infant Carrier for 7-44lbs, Effortless to Put On, Ideal for Hands-Free Parenting, Enhanced Lumbar Support, Leopard</p><p> -8% 0FF </p><p>$59.99</p><a href="https://www.amazon.com/dp/B0CDQ1XH6W?tag=eloabder-20&linkCode=osi&th=1&psc=1">View Product</a></div><div class="product"><a href="https://www.amazon.com/dp/B005SP2LWW?tag=eloabder-20&linkCode=osi&th=1&psc=1"><img src="https://m.media-amazon.com/images/I/31fYPOjdFrL._SL500_.jpg" alt="Product Image"></a><p>Boba Baby Wrap Carrier - Original Baby Carrier Wrap Sling for Newborns - Baby Wearing Essentials - Newborn Wrap Swaddle Holder, Newborn to Toddler Infant Sling (Grey)</p><p> -19% 0FF </p><p>$32.49</p><a href="https://www.amazon.com/dp/B005SP2LWW?tag=eloabder-20&linkCode=osi&th=1&psc=1">View Product</a></div><div class="product"><a href="https://www.amazon.com/dp/B098X8WS7Y?tag=eloabder-20&linkCode=osi&th=1&psc=1"><img src="https://m.media-amazon.com/images/I/41az3xS82UL._SL500_.jpg" alt="Product Image"></a><p>Momcozy Baby Wrap Carrier, Easy to Wear Infant Carrier Slings, Lightweight Hands Free Baby Sling, Adjustable Baby Carriers for Newborn to Toddler 8-35 lbs, Black</p><p> -28% 0FF </p><p>$32.99</p><a href="https://www.amazon.com/dp/B098X8WS7Y?tag=eloabder-20&linkCode=osi&th=1&psc=1">View Product</a></div>
<div class="product"><a href="https://www.amazon.com/dp/B01N3MYVZM?tag=eloabder-20&linkCode=osi&th=1&psc=1"><img src="https://m.media-amazon.com/images/I/41CLrlYJDnL._SL500_.jpg" alt="Product Image"></a><p>Graco SlimFit 3-in-1 Convertible Car Seat, Ultra-Space-Saving Design, Darcie, Suitable for Rear and Forward-Facing, Highback Booster Seat with 10-Position Headrest</p><p> -21% 0FF </p><p>$157.99</p><a href="https://www.amazon.com/dp/B01N3MYVZM?tag=eloabder-20&linkCode=osi&th=1&psc=1">View Product</a></div><div class="product"><a href="https://www.amazon.com/dp/B07J37RTPG?tag=eloabder-20&linkCode=osi&th=1&psc=1"><img src="https://m.media-amazon.com/images/I/41fGAx7LcGL._SL500_.jpg" alt="Product Image"></a><p>Graco 4Ever DLX 4-in-1 Car Seat, Grey, Infant to Toddler Car Seat, with 10 Years of Use, Rear-facing, Forward-facing and Booster Modes, Safe, Comfortable and Convenient</p><p> -7% 0FF </p><p>$279.00</p><a href="https://www.amazon.com/dp/B07J37RTPG?tag=eloabder-20&linkCode=osi&th=1&psc=1">View Product</a></div><div class="product"><a href="https://www.amazon.com/dp/B07R9H1JC9?tag=eloabder-20&linkCode=osi&th=1&psc=1"><img src="https://m.media-amazon.com/images/I/41NwO9xrBGL._SL500_.jpg" alt="Product Image"></a><p>Graco Grows4Me 4-in-1 Car Seat, Convertible Infant to Toddler Car Seat and Booster, West Point Design, for 10 Years of Safe, Comfortable Journeys</p><p> -29% 0FF </p><p>$199.99</p><a href="https://www.amazon.com/dp/B07R9H1JC9?tag=eloabder-20&linkCode=osi&th=1&psc=1">View Product</a></div>
<div class="product"><a href="https://www.amazon.com/dp/B08RN8G58P?tag=eloabder-20&linkCode=osi&th=1&psc=1"><img src="https://m.media-amazon.com/images/I/41Qid-FWhYL._SL500_.jpg" alt="Product Image"></a><p>Baby Portable Changing Pad Travel - Waterproof Compact Diaper Changing Mat with Built-in Pillow - Lightweight & Foldable Changing Station, Newborn Shower Gifts</p><p> -29% 0FF </p><p>$9.99</p><a href="https://www.amazon.com/dp/B08RN8G58P?tag=eloabder-20&linkCode=osi&th=1&psc=1">View Product</a></div><div class="product"><a href="https://www.amazon.com/dp/B089XVKJSL?tag=eloabder-20&linkCode=osi&th=1&psc=1"><img src="https://m.media-amazon.com/images/I/51qlzLJHUWL._SL500_.jpg" alt="Product Image"></a><p>Portable Diaper Changing Pad - Waterproof Foldable Baby Changing Mat - Travel Diaper Change Mat - Lightweight Changing Pads for Baby - Baby Changer - Machine Washable (Black Geo)</p><p> -7% 0FF </p><p>$12.96</p><a href="https://www.amazon.com/dp/B089XVKJSL?tag=eloabder-20&linkCode=osi&th=1&psc=1">View Product</a></div><div class="product"><a href="https://www.amazon.com/dp/B08PH9Y6QS?tag=eloabder-20&linkCode=osi&th=1&psc=1"><img src="https://m.media-amazon.com/images/I/21cBsus1AHL._SL500_.jpg" alt="Product Image"></a><p>Regalo Baby Basics Infant Changing Pad, White , 31x16x4 Inch (Pack of 1)</p><p> -33% 0FF </p><p>$19.99</p><a href="https://www.amazon.com/dp/B08PH9Y6QS?tag=eloabder-20&linkCode=osi&th=1&psc=1">View Product</a></div>
<div class="product"><a href="https://www.amazon.com/dp/B07GFNVLS2?tag=eloabder-20&linkCode=osi&th=1&psc=1"><img src="https://m.media-amazon.com/images/I/31T-p4V5gsL._SL500_.jpg" alt="Product Image"></a><p>Gerber Unisex Baby Multi-Pack Long-Sleeve Onesies Bodysuit Mitten Cuff Sizes 6-Pack Mitten Cuff 0-3 Months</p><p> -12% 0FF </p><p>$15.81</p><a href="https://www.amazon.com/dp/B07GFNVLS2?tag=eloabder-20&linkCode=osi&th=1&psc=1">View Product</a></div><div class="product"><a href="https://www.amazon.com/dp/B0CP3NQCN3?tag=eloabder-20&linkCode=osi&th=1&psc=1"><img src="https://m.media-amazon.com/images/I/41MpsB3rYcL._SL500_.jpg" alt="Product Image"></a><p>Kaipiclos Newborn Infant Girl Clothes Rib Knit Romper Daisy Print Pants Headband Baby Clothes for Girls 0 3 6 12 18 24 Months</p><p> -10% 0FF </p><p>$14.99</p><a href="https://www.amazon.com/dp/B0CP3NQCN3?tag=eloabder-20&linkCode=osi&th=1&psc=1">View Product</a></div><div class="product"><a href="https://www.amazon.com/dp/B0D88Z7VLZ?tag=eloabder-20&linkCode=osi&th=1&psc=1"><img src="https://m.media-amazon.com/images/I/41Au0yzblbL._SL500_.jpg" alt="Product Image"></a><p>Burt's Bees Baby Baby Boys Pajamas, Sleep and Play Loose Fit, 100% Organic Cotton, Soft One-piece PJs, Diagonal Zip Up Jumpsuit Newborn Essentials with Interior Zipper Guard in sizes NB to 6-9 Months</p><p> -49% 0FF </p><p>$7.60</p><a href="https://www.amazon.com/dp/B0D88Z7VLZ?tag=eloabder-20&linkCode=osi&th=1&psc=1">View Product</a></div>
<div class="product"><a href="https://www.amazon.com/dp/B002FQK8IQ?tag=eloabder-20&linkCode=osi&th=1&psc=1"><img src="https://m.media-amazon.com/images/I/41WTSrhkJ4L._SL500_.jpg" alt="Product Image"></a><p>Safety 1st Easy Grip Brush and Comb, Colors May Vary</p><p> -23% 0FF </p><p>$4.59</p><a href="https://www.amazon.com/dp/B002FQK8IQ?tag=eloabder-20&linkCode=osi&th=1&psc=1">View Product</a></div><div class="product"><a href="https://www.amazon.com/dp/B07T16DQ31?tag=eloabder-20&linkCode=osi&th=1&psc=1"><img src="https://m.media-amazon.com/images/I/41Grt+V3Q7L._SL500_.jpg" alt="Product Image"></a><p>Frida Baby The 3-Step Cradle Cap System, DermaFrida The FlakeFixer, Sponge, Brush, Comb and Storage Stand for Babies with Cradle Cap, White-Blue</p><p> -15% 0FF </p><p>$14.44</p><a href="https://www.amazon.com/dp/B07T16DQ31?tag=eloabder-20&linkCode=osi&th=1&psc=1">View Product</a></div>
<div class="product"><a href="https://www.amazon.com/dp/B071K5T5Q2?tag=eloabder-20&linkCode=osi&th=1&psc=1"><img src="https://m.media-amazon.com/images/I/21rvQFmQBLL._SL500_.jpg" alt="Product Image"></a><p>The Honest Company Silicone-Free Conditioner | Gentle for Baby | Naturally Derived, Tear-free, Hypoallergenic | Fragrance Free Sensitive, 10 fl oz</p><p> -16% 0FF </p><p>$10.10 ($1.01 / Fl Oz)</p><a href="https://www.amazon.com/dp/B071K5T5Q2?tag=eloabder-20&linkCode=osi&th=1&psc=1">View Product</a></div><div class="product"><a href="https://www.amazon.com/dp/B07DGJ57P7?tag=eloabder-20&linkCode=osi&th=1&psc=1"><img src="https://m.media-amazon.com/images/I/31AEfjD6FyL._SL500_.jpg" alt="Product Image"></a><p>Johnson's Baby No More Tangles 2-in-1 Detangling Hair Shampoo & Conditioner for Kids & Toddlers, Gentle & Tear-Free, Hypoallergenic & Free of Parabens, Phthalates, Sulfates & Dyes, 20.3 fl. oz</p><p> -7% 0FF </p><p>$6.29 ($0.31 / Fl Oz)</p><a href="https://www.amazon.com/dp/B07DGJ57P7?tag=eloabder-20&linkCode=osi&th=1&psc=1">View Product</a></div><div class="product"><a href="https://www.amazon.com/dp/B07S89SL7D?tag=eloabder-20&linkCode=osi&th=1&psc=1"><img src="https://m.media-amazon.com/images/I/313C69-mF6L._SL500_.jpg" alt="Product Image"></a><p>Johnson's Baby Curl Defining Tear-Free Kids' Leave-in Conditioner with Shea Butter, Paraben-, Sulfate- & Dye-Free Formula, Hypoallergenic & Gentle for Toddlers' Hair, 6.8 fl. Oz</p><p> -28% 0FF </p><p>$6.11 ($0.90 / Fl Oz)</p><a href="https://www.amazon.com/dp/B07S89SL7D?tag=eloabder-20&linkCode=osi&th=1&psc=1">View Product</a></div><div class="product"><a href="https://www.amazon.com/dp/B07S7BPB2Q?tag=eloabder-20&linkCode=osi&th=1&psc=1"><img src="https://m.media-amazon.com/images/I/31DemfdZoNL._SL500_.jpg" alt="Product Image"></a><p>Johnson's Baby Shiny & Soft Tear-Free Kids' Hair Conditioning Spray with Argan Oil & Silk Proteins, Paraben, Sulfate & Dye-Free Formula, Hypoallergenic & Gentle for Toddlers, 10 Fl Oz</p><p> -33% 0FF </p><p>$5.66 ($0.57 / Fl Oz)</p><a href="https://www.amazon.com/dp/B07S7BPB2Q?tag=eloabder-20&linkCode=osi&th=1&psc=1">View Product</a></div><div class="product"><a href="https://www.amazon.com/dp/B0CJP91HN7?tag=eloabder-20&linkCode=osi&th=1&psc=1"><img src="https://m.media-amazon.com/images/I/41Z4G7wsFWL._SL500_.jpg" alt="Product Image"></a><p>ECOLATIÈR Kids Hair Balm Easy Detangling 3+ - Toddler Hair Conditioner, Tear-Free, 96.8% Natural, Vegan, Strengthens & Softens Kids' Hair, No Irritation - 8.5 Fl Oz</p><p> -14% 0FF </p><p>$9.49 ($1.12 / Ounce)</p><a href="https://www.amazon.com/dp/B0CJP91HN7?tag=eloabder-20&linkCode=osi&th=1&psc=1">View Product</a></div>
<div class="product"><a href="https://www.amazon.com/dp/B07Y3WQHZ6?tag=eloabder-20&linkCode=osi&th=1&psc=1"><img src="https://m.media-amazon.com/images/I/41Ai-kbx6LL._SL500_.jpg" alt="Product Image"></a><p>Delta Children Essex 4-in-1 Convertible Baby Crib, Bianca White with Natural Legs</p><p> -34% 0FF </p><p>$145.96</p><a href="https://www.amazon.com/dp/B07Y3WQHZ6?tag=eloabder-20&linkCode=osi&th=1&psc=1">View Product</a></div><div class="product"><a href="https://www.amazon.com/dp/B00LFP61PW?tag=eloabder-20&linkCode=osi&th=1&psc=1"><img src="https://m.media-amazon.com/images/I/41jj-ehw-vL._SL500_.jpg" alt="Product Image"></a><p>Graco Benton 5-in-1 Convertible Crib (White) – GREENGUARD Gold Certified, Converts from Baby Crib to Toddler Bed, Daybed and Full-Size Bed, Fits Standard Full-Size Crib Mattress</p><p> -20% 0FF </p><p>$159.99</p><a href="https://www.amazon.com/dp/B00LFP61PW?tag=eloabder-20&linkCode=osi&th=1&psc=1">View Product</a></div><div class="product"><a href="https://www.amazon.com/dp/B00EANJX5Q?tag=eloabder-20&linkCode=osi&th=1&psc=1"><img src="https://m.media-amazon.com/images/I/41+kxqP4icL._SL500_.jpg" alt="Product Image"></a><p>Dream On Me Synergy 5-In-1 Convertible Crib In White, Greenguard Gold Certified</p><p> -31% 0FF </p><p>$137.20</p><a href="https://www.amazon.com/dp/B00EANJX5Q?tag=eloabder-20&linkCode=osi&th=1&psc=1">View Product</a></div><div class="product"><a href="https://www.amazon.com/dp/B08D4N5RKW?tag=eloabder-20&linkCode=osi&th=1&psc=1"><img src="https://m.media-amazon.com/images/I/41sUNWg3sBL._SL500_.jpg" alt="Product Image"></a><p>Graco Hadley 5-in-1 Convertible Crib and Changer with Drawer (White) – GREENGUARD Gold Certified, Crib and Changing -Table Combo with Drawer, Includes Baby Changing Pad, Converts to Full-Size Bed</p><p> -18% 0FF </p><p>$359.99</p><a href="https://www.amazon.com/dp/B08D4N5RKW?tag=eloabder-20&linkCode=osi&th=1&psc=1">View Product</a></div><div class="product"><a href="https://www.amazon.com/dp/B08PMJBN33?tag=eloabder-20&linkCode=osi&th=1&psc=1"><img src="https://m.media-amazon.com/images/I/416ZYsREZOL._SL500_.jpg" alt="Product Image"></a><p>Oxford Baby North Bay 4-in-1 Convertible Baby Crib, Dove Gray, GreenGuard Gold Certified</p><p> -18% 0FF </p><p>$188.09</p><a href="https://www.amazon.com/dp/B08PMJBN33?tag=eloabder-20&linkCode=osi&th=1&psc=1">View Product</a></div><div class="product"><a href="https://www.amazon.com/dp/B078WTVBVW?tag=eloabder-20&linkCode=osi&th=1&psc=1"><img src="https://m.media-amazon.com/images/I/41NpHX4YnfL._SL500_.jpg" alt="Product Image"></a><p>Dream On Me Jayden 4-in-1 Mini Convertible Crib And Changer in Storm Grey, Greenguard Gold Certified, Non-Toxic Finish, New Zealand Pinewood, 1" Mattress Pad</p><p> -35% 0FF </p><p>$259.99</p><a href="https://www.amazon.com/dp/B078WTVBVW?tag=eloabder-20&linkCode=osi&th=1&psc=1">View Product</a></div>
<div class="product"><a href="https://www.amazon.com/dp/B01M4QMQ4B?tag=eloabder-20&linkCode=osi&th=1&psc=1"><img src="https://m.media-amazon.com/images/I/317ardc5Y-L._SL500_.jpg" alt="Product Image"></a><p>The Honest Company 2-in-1 Cleansing Shampoo + Body Wash | Gentle for Baby | Naturally Derived, Tear-free, Hypoallergenic | Lavender Calm, 10 fl oz</p><p> -8% 0FF </p><p>$10.99 ($1.10 / Fl Oz)</p><a href="https://www.amazon.com/dp/B01M4QMQ4B?tag=eloabder-20&linkCode=osi&th=1&psc=1">View Product</a></div><div class="product"><a href="https://www.amazon.com/dp/B09MVMNW5M?tag=eloabder-20&linkCode=osi&th=1&psc=1"><img src="https://m.media-amazon.com/images/I/41GDxpQsmOL._SL500_.jpg" alt="Product Image"></a><p>Cetaphil Baby Wash & Shampoo, 13.5oz Pack of 2, Hypoallergenic, Gentle Enough for Everyday Use, Soap Free</p><p> -10% 0FF </p><p>$16.99</p><a href="https://www.amazon.com/dp/B09MVMNW5M?tag=eloabder-20&linkCode=osi&th=1&psc=1">View Product</a></div><div class="product"><a href="https://www.amazon.com/dp/B0CZY44GD2?tag=eloabder-20&linkCode=osi&th=1&psc=1"><img src="https://m.media-amazon.com/images/I/31Gh3bZjFXL._SL500_.jpg" alt="Product Image"></a><p>Aveeno Baby Healthy Start Nourishing Newborn Wash, Hypoallergenic Baby Body Wash with Prebiotic Oat Gently Cleanses Delicate Newborn Skin, Fragrance-Free, Tear-Free, Paraben-Free, 8 fl. oz</p><p> -21% 0FF </p><p>$7.01 ($0.88 / Fl Oz)</p><a href="https://www.amazon.com/dp/B0CZY44GD2?tag=eloabder-20&linkCode=osi&th=1&psc=1">View Product</a></div>
<div class="product"><a href="https://www.amazon.com/dp/B07M6FL57T?tag=eloabder-20&linkCode=osi&th=1&psc=1"><img src="https://m.media-amazon.com/images/I/51iE4BjVpYL._SL500_.jpg" alt="Product Image"></a><p>Huggies Newborn Diapers, Little Snugglers Baby Diapers, Size Newborn (up to 10 lbs), 31 Count</p><p> -19% 0FF </p><p>$9.94 ($0.32 / Count)</p><a href="https://www.amazon.com/dp/B07M6FL57T?tag=eloabder-20&linkCode=osi&th=1&psc=1">View Product</a></div><div class="product"><a href="https://www.amazon.com/dp/B0CHGCDYJJ?tag=eloabder-20&linkCode=osi&th=1&psc=1"><img src="https://m.media-amazon.com/images/I/41csgXalIEL._SL500_.jpg" alt="Product Image"></a><p>Huggies Size Newborn Diapers, Skin Essentials Baby Diapers, Size Newborn (6-9 lbs), 31 Count</p><p> -19% 0FF </p><p>$9.94 ($0.32 / Count)</p><a href="https://www.amazon.com/dp/B0CHGCDYJJ?tag=eloabder-20&linkCode=osi&th=1&psc=1">View Product</a></div><div class="product"><a href="https://www.amazon.com/dp/B082QBHW74?tag=eloabder-20&linkCode=osi&th=1&psc=1"><img src="https://m.media-amazon.com/images/I/41z+Jw1td2L._SL500_.jpg" alt="Product Image"></a><p>Pampers Pure Protection Diapers Newborn - Size 0, 76 Count, Hypoallergenic Premium Disposable Baby Diapers</p><p> -19% 0FF </p><p>$22.79 ($0.30 / Count)</p><a href="https://www.amazon.com/dp/B082QBHW74?tag=eloabder-20&linkCode=osi&th=1&psc=1">View Product</a></div><div class="product"><a href="https://www.amazon.com/dp/B07M6FL9V2?tag=eloabder-20&linkCode=osi&th=1&psc=1"><img src="https://m.media-amazon.com/images/I/51JPrk+N-RL._SL500_.jpg" alt="Product Image"></a><p>Huggies Size 4 Diapers, Little Movers Baby Diapers, Size 4 (22-37 lbs), 22 Count (Packaging May Vary)</p><p> -19% 0FF </p><p>$9.94 ($0.45 / Count)</p><a href="https://www.amazon.com/dp/B07M6FL9V2?tag=eloabder-20&linkCode=osi&th=1&psc=1">View Product</a></div><div class="product"><a href="https://www.amazon.com/dp/B07T2QM32L?tag=eloabder-20&linkCode=osi&th=1&psc=1"><img src="https://m.media-amazon.com/images/I/41w5IxTMsnL._SL500_.jpg" alt="Product Image"></a><p>Amazon Brand - Mama Bear Gentle Touch Diapers, Hypoallergenic, Size 6, 27 Count, White</p><p> -10% 0FF </p><p>$11.32</p><a href="https://www.amazon.com/dp/B07T2QM32L?tag=eloabder-20&linkCode=osi&th=1&psc=1">View Product</a></div>
<div class="product"><a href="https://www.amazon.com/dp/B001OC5UMQ?tag=eloabder-20&linkCode=osi&th=1&psc=1"><img src="https://m.media-amazon.com/images/I/413nT5TZ9sL._SL500_.jpg" alt="Product Image"></a><p>Regalo Easy Step 38.5-Inch Wide Walk Thru Baby Gate, Includes 6-Inch Extension Kit, Pressure Mount Kit, Wall Cups</p><p> -22% 0FF </p><p>$34.99</p><a href="https://www.amazon.com/dp/B001OC5UMQ?tag=eloabder-20&linkCode=osi&th=1&psc=1">View Product</a></div><div class="product"><a href="https://www.amazon.com/dp/B075XQ2XYV?tag=eloabder-20&linkCode=osi&th=1&psc=1"><img src="https://m.media-amazon.com/images/I/51+9Fa+FH3L._SL500_.jpg" alt="Product Image"></a><p>Evenflo Position & Lock Baby Gate, Pressure-Mounted, Farmhouse Collection</p><p> -9% 0FF </p><p>$19.98</p><a href="https://www.amazon.com/dp/B075XQ2XYV?tag=eloabder-20&linkCode=osi&th=1&psc=1">View Product</a></div><div class="product"><a href="https://www.amazon.com/dp/B01BTUNHSQ?tag=eloabder-20&linkCode=osi&th=1&psc=1"><img src="https://m.media-amazon.com/images/I/31nuC-O3n9L._SL500_.jpg" alt="Product Image"></a><p>Safety 1st Easy Install 28" High Walk Thru Gate, Fits Between 29" and 38"</p><p> -10% 0FF </p><p>$44.99</p><a href="https://www.amazon.com/dp/B01BTUNHSQ?tag=eloabder-20&linkCode=osi&th=1&psc=1">View Product</a></div><div class="product"><a href="https://www.amazon.com/dp/B07WFZSW72?tag=eloabder-20&linkCode=osi&th=1&psc=1"><img src="https://m.media-amazon.com/images/I/41nc627IqxL._SL500_.jpg" alt="Product Image"></a><p>Cumbor 29.7-46" Baby Gate for Stairs, Mom's Choice Awards Winner-Auto Close Dog Gate for the House, Easy Install Pressure Mounted Pet Gates for Doorways, Easy Walk Thru Wide Safety Gate for Dog, Black</p><p> -10% 0FF </p><p>$89.99</p><a href="https://www.amazon.com/dp/B07WFZSW72?tag=eloabder-20&linkCode=osi&th=1&psc=1">View Product</a></div><div class="product"><a href="https://www.amazon.com/dp/B09F36M2T5?tag=eloabder-20&linkCode=osi&th=1&psc=1"><img src="https://m.media-amazon.com/images/I/416tulkEC2L._SL500_.jpg" alt="Product Image"></a><p>COMOMY 36" Extra Tall Baby Gate for Stairs Doorways, Fits Openings 29.5" to 48.8" Wide, Auto Close Extra Wide Dog Gate for House, Pressure Mounted Easy Walk Through Pet Gate with Door, Black</p><p> -13% 0FF </p><p>$69.99</p><a href="https://www.amazon.com/dp/B09F36M2T5?tag=eloabder-20&linkCode=osi&th=1&psc=1">View Product</a></div><div class="product"><a href="https://www.amazon.com/dp/B01EMK5JQI?tag=eloabder-20&linkCode=osi&th=1&psc=1"><img src="https://m.media-amazon.com/images/I/417uxACGTTL._SL500_.jpg" alt="Product Image"></a><p>Regalo Easy Step 49-Inch Extra Wide Baby Gate, Includes 4-Inch and 12-Inch Extension Kit, 4 Pack of Pressure Mount Kit and 4 Pack of Wall Mount Kit, Black</p><p> -20% 0FF </p><p>$39.99</p><a href="https://www.amazon.com/dp/B01EMK5JQI?tag=eloabder-20&linkCode=osi&th=1&psc=1">View Product</a></div><div class="product"><a href="https://www.amazon.com/dp/B07JGDGG23?tag=eloabder-20&linkCode=osi&th=1&psc=1"><img src="https://m.media-amazon.com/images/I/51eFFFBIYUL._SL500_.jpg" alt="Product Image"></a><p>Toddleroo by North States Superyard 6 Panel Baby Play Yard. Playpen or Extra Wide Baby Gate, Wall Mount Kit Included. Made in USA. 38.5" - 201" wide, 5.5 ft corner to corner play yard (26" tall, Gray)</p><p> -29% 0FF </p><p>$61.46</p><a href="https://www.amazon.com/dp/B07JGDGG23?tag=eloabder-20&linkCode=osi&th=1&psc=1">View Product</a></div>
<div class="product"><a href="https://www.amazon.com/dp/B0D8J8RGMN?tag=eloabder-20&linkCode=osi&th=1&psc=1"><img src="https://m.media-amazon.com/images/I/51IQYrOgXVL._SL500_.jpg" alt="Product Image"></a><p>3 Pack Baby Beanie Hats with Earflaps, 2 Size Baby Winter Hat for Newborn Infant Toddler Kids Children with Cute Smiley Face, Soft Warm Fleece Lined Knit Hat for Girls Boys-01</p><p> -47% 0FF </p><p>$15.99</p><a href="https://www.amazon.com/dp/B0D8J8RGMN?tag=eloabder-20&linkCode=osi&th=1&psc=1">View Product</a></div><div class="product"><a href="https://www.amazon.com/dp/B08V4HJF5T?tag=eloabder-20&linkCode=osi&th=1&psc=1"><img src="https://m.media-amazon.com/images/I/41JnGlILpnL._SL500_.jpg" alt="Product Image"></a><p>6 Pieces Newborn Baby Hat Bear Ears Infant Caps Baby Boy Girl Toddler Hats Infant Beanie Caps for 0-3 Months (Black White, Black, Navy Blue, Black Gray, Gray, White,Classic)</p><p> -8% 0FF </p><p>$11.99</p><a href="https://www.amazon.com/dp/B08V4HJF5T?tag=eloabder-20&linkCode=osi&th=1&psc=1">View Product</a></div><div class="product"><a href="https://www.amazon.com/dp/B091D4KRJS?tag=eloabder-20&linkCode=osi&th=1&psc=1"><img src="https://m.media-amazon.com/images/I/41IspZQwuhL._SL500_.jpg" alt="Product Image"></a><p>Baby Boy Sun Hat Bucket Hats for Toddler 6-12,12-24 months</p><p> -20% 0FF </p><p>$14.39</p><a href="https://www.amazon.com/dp/B091D4KRJS?tag=eloabder-20&linkCode=osi&th=1&psc=1">View Product</a></div>
<div class="product"><a href="https://www.amazon.com/dp/B07BVN1YMN?tag=eloabder-20&linkCode=osi&th=1&psc=1"><img src="https://m.media-amazon.com/images/I/41+i0x5p4TL._SL500_.jpg" alt="Product Image"></a><p>Baby Trend Tot Spot 3-in-1 High Chair, Bluebell</p><p> -40% 0FF </p><p>$59.99</p><a href="https://www.amazon.com/dp/B07BVN1YMN?tag=eloabder-20&linkCode=osi&th=1&psc=1">View Product</a></div><div class="product"><a href="https://www.amazon.com/dp/B01JRY07BQ?tag=eloabder-20&linkCode=osi&th=1&psc=1"><img src="https://m.media-amazon.com/images/I/41zyGMxJY0L._SL500_.jpg" alt="Product Image"></a><p>Cosco Simple Fold High Chair, Comet</p><p> -23% 0FF </p><p>$49.99</p><a href="https://www.amazon.com/dp/B01JRY07BQ?tag=eloabder-20&linkCode=osi&th=1&psc=1">View Product</a></div><div class="product"><a href="https://www.amazon.com/dp/B017VNNWXA?tag=eloabder-20&linkCode=osi&th=1&psc=1"><img src="https://m.media-amazon.com/images/I/41VGIO1sPhL._SL500_.jpg" alt="Product Image"></a><p>Cosco Simple Fold Deluxe High Chair with 3-Position Tray, Monster Syd</p><p> -17% 0FF </p><p>$49.99</p><a href="https://www.amazon.com/dp/B017VNNWXA?tag=eloabder-20&linkCode=osi&th=1&psc=1">View Product</a></div><div class="product"><a href="https://www.amazon.com/dp/B089PKYWJ8?tag=eloabder-20&linkCode=osi&th=1&psc=1"><img src="https://m.media-amazon.com/images/I/31MgSLR6W8L._SL500_.jpg" alt="Product Image"></a><p>Dream On Me Portable 2-in-1 Tabletalk High Chair, Convertible Compact High Chair, Light Weight Portable Highchair, Aqua</p><p> -45% 0FF </p><p>$55.13</p><a href="https://www.amazon.com/dp/B089PKYWJ8?tag=eloabder-20&linkCode=osi&th=1&psc=1">View Product</a></div><div class="product"><a href="https://www.amazon.com/dp/B0CPXDDPDY?tag=eloabder-20&linkCode=osi&th=1&psc=1"><img src="https://m.media-amazon.com/images/I/41qNrW3wklL._SL500_.jpg" alt="Product Image"></a><p>Fodoss 3-in-1 Wooden High Chair for Babies and Toddlers,Convertible Easy Clean Infant Highchair,Silla Modern Design para Comer De Bebe</p><p> -10% 0FF </p><p>$80.98</p><a href="https://www.amazon.com/dp/B0CPXDDPDY?tag=eloabder-20&linkCode=osi&th=1&psc=1">View Product</a></div>
<div class="product"><a href="https://www.amazon.com/dp/B0BG7B1GHP?tag=eloabder-20&linkCode=osi&th=1&psc=1"><img src="https://m.media-amazon.com/images/I/51MRfMlZsSL._SL500_.jpg" alt="Product Image"></a><p>Yoofoss Hooded Baby Towels for Newborn 2 Pack 100% Muslin Cotton Baby Bath Towel with Hood for Babies, Infant, Toddler and Kids, Large 32x32Inch, Soft and Absorbent Newborn Essential</p><p> -20% 0FF </p><p>$15.99</p><a href="https://www.amazon.com/dp/B0BG7B1GHP?tag=eloabder-20&linkCode=osi&th=1&psc=1">View Product</a></div><div class="product"><a href="https://www.amazon.com/dp/B0C6RKZLXW?tag=eloabder-20&linkCode=osi&th=1&psc=1"><img src="https://m.media-amazon.com/images/I/51HX88nmMOL._SL500_.jpg" alt="Product Image"></a><p>Gerber Baby 4 Piece Animal Character Hooded Towel and Washcloth Set, Brown Lion, One Size</p><p> -49% 0FF </p><p>$9.24</p><a href="https://www.amazon.com/dp/B0C6RKZLXW?tag=eloabder-20&linkCode=osi&th=1&psc=1">View Product</a></div><div class="product"><a href="https://www.amazon.com/dp/B0CKXKR1RV?tag=eloabder-20&linkCode=osi&th=1&psc=1"><img src="https://m.media-amazon.com/images/I/41PjOK7YCBL._SL500_.jpg" alt="Product Image"></a><p>Momcozy Baby Hooded Towel, 2 Pack Baby Towel Set, Super Soft Bath Towel with Original Design, Shower Gifts for Infant, Toddler (28 X 28 Inch, Lemon Leaves)</p><p> -19% 0FF </p><p>$21.99</p><a href="https://www.amazon.com/dp/B0CKXKR1RV?tag=eloabder-20&linkCode=osi&th=1&psc=1">View Product</a></div><div class="product"><a href="https://www.amazon.com/dp/B00X21O4L0?tag=eloabder-20&linkCode=osi&th=1&psc=1"><img src="https://m.media-amazon.com/images/I/51fEvVAVyfL._SL500_.jpg" alt="Product Image"></a><p>Luvable Friends Unisex Baby Hooded Towel with Five Washcloths, Boy Fox, One Size</p><p> -17% 0FF </p><p>$9.99</p><a href="https://www.amazon.com/dp/B00X21O4L0?tag=eloabder-20&linkCode=osi&th=1&psc=1">View Product</a></div>
<div class="product"><a href="https://www.amazon.com/dp/B07DGKXBD7?tag=eloabder-20&linkCode=osi&th=1&psc=1"><img src="https://m.media-amazon.com/images/I/31FyDL3570L._SL500_.jpg" alt="Product Image"></a><p>Johnson's Moisturizing Mild Pink Baby Lotion with Coconut Oil for Delicate Baby Skin, Paraben-, Phthalate- & Dye-Free, Hypoallergenic & Dermatologist-Tested, Baby Skin Care, 27.1 Fl. Oz</p><p> -33% 0FF </p><p>$7.19 ($0.27 / Fl Oz)</p><a href="https://www.amazon.com/dp/B07DGKXBD7?tag=eloabder-20&linkCode=osi&th=1&psc=1">View Product</a></div><div class="product"><a href="https://www.amazon.com/dp/B00JF3RYPM?tag=eloabder-20&linkCode=osi&th=1&psc=1"><img src="https://m.media-amazon.com/images/I/31n9VJQSijL._SL500_.jpg" alt="Product Image"></a><p>CeraVe Baby Lotion | Gentle Baby Skin Care with Ceramides, Niacinamide & Vitamin E | Fragrance, Paraben, Dye & Phthalates Free | Lightweight Baby Moisturizer | 8 Ounce | Packaging May Vary</p><p> -10% 0FF </p><p>$8.97 ($1.12 / Fl Oz)</p><a href="https://www.amazon.com/dp/B00JF3RYPM?tag=eloabder-20&linkCode=osi&th=1&psc=1">View Product</a></div><div class="product"><a href="https://www.amazon.com/dp/B094RH4GHC?tag=eloabder-20&linkCode=osi&th=1&psc=1"><img src="https://m.media-amazon.com/images/I/31xi7tuBJAL._SL500_.jpg" alt="Product Image"></a><p>Johnson's Baby Moisturizing Mild Pink Baby Lotion with Coconut Oil for Delicate Baby Skin, Paraben-, Phthalate- & Dye-Free, Hypoallergenic & Dermatologist-Tested, Baby Skin Care, 13.6 Fl. Oz</p><p> -34% 0FF </p><p>$4.49 ($0.33 / Fl Oz)</p><a href="https://www.amazon.com/dp/B094RH4GHC?tag=eloabder-20&linkCode=osi&th=1&psc=1">View Product</a></div><div class="product"><a href="https://www.amazon.com/dp/B0030UF6EW?tag=eloabder-20&linkCode=osi&th=1&psc=1"><img src="https://m.media-amazon.com/images/I/31RKFp5lxLL._SL500_.jpg" alt="Product Image"></a><p>Aveeno Baby Daily Moisture Body Lotion for Sensitive Skin, Hypoallergenic Moisturizing Baby Lotion with Nourishing Oatmeal to Deeply Moisturize Baby's Skin, Fragrance-Free, 18 fl. oz</p><p> -32% 0FF </p><p>$11.06</p><a href="https://www.amazon.com/dp/B0030UF6EW?tag=eloabder-20&linkCode=osi&th=1&psc=1">View Product</a></div><div class="product"><a href="https://www.amazon.com/dp/B00U2VQW72?tag=eloabder-20&linkCode=osi&th=1&psc=1"><img src="https://m.media-amazon.com/images/I/31nMuDcXtPL._SL500_.jpg" alt="Product Image"></a><p>Aveeno Baby Calming Comfort Moisturizing Body Lotion with Relaxing Lavender & Vanilla Scents, Non-Greasy Baby Lotion, Nourishing Prebiotic Oatmeal, Paraben- & Phthalate-Free, 18 fl. oz</p><p> -29% 0FF </p><p>$11.69 ($0.65 / Fl Oz)</p><a href="https://www.amazon.com/dp/B00U2VQW72?tag=eloabder-20&linkCode=osi&th=1&psc=1">View Product</a></div><div class="product"><a href="https://www.amazon.com/dp/B07DGL23H4?tag=eloabder-20&linkCode=osi&th=1&psc=1"><img src="https://m.media-amazon.com/images/I/31YO49z1TsL._SL500_.jpg" alt="Product Image"></a><p>Johnson's Moisturizing Bedtime Baby Lotion with Coconut Oil & NaturalCalm Aromas to Help Relax Baby, Hypoallergenic & Free of Parabens, Phthalates & Dyes, Mild Baby Skin Care, 27.1 fl. oz</p><p> -36% 0FF </p><p>$9.50 ($0.35 / Fl Oz)</p><a href="https://www.amazon.com/dp/B07DGL23H4?tag=eloabder-20&linkCode=osi&th=1&psc=1">View Product</a></div><div class="product"><a href="https://www.amazon.com/dp/B01A59VMSO?tag=eloabder-20&linkCode=osi&th=1&psc=1"><img src="https://m.media-amazon.com/images/I/31P-2Bf0eYL._SL500_.jpg" alt="Product Image"></a><p>Eucerin Baby Body Lotion, Hypoallergenic and Fragrance Free Baby Lotion, Baby Moisturizer with Pro-Vitamin B5 and Shea Butter, 13.5 Fl Oz Bottle</p><p> -17% 0FF </p><p>$9.78 ($0.72 / Fl Oz)</p><a href="https://www.amazon.com/dp/B01A59VMSO?tag=eloabder-20&linkCode=osi&th=1&psc=1">View Product</a></div><div class="product"><a href="https://www.amazon.com/dp/B07DGKXBDD?tag=eloabder-20&linkCode=osi&th=1&psc=1"><img src="https://m.media-amazon.com/images/I/31IvagYz0ML._SL500_.jpg" alt="Product Image"></a><p>Johnson's Baby CottonTouch Newborn Baby Face and Body Lotion, Hypoallergenic and Paraben-Free Moisturization for Baby's Sensitive Skin, Made with Real Cotton, 27.1 fl. oz</p><p> -37% 0FF </p><p>$9.35 ($0.35 / Fl Oz)</p><a href="https://www.amazon.com/dp/B07DGKXBDD?tag=eloabder-20&linkCode=osi&th=1&psc=1">View Product</a></div>
<div class="product"><a href="https://www.amazon.com/dp/B08HSNXSM6?tag=eloabder-20&linkCode=osi&th=1&psc=1"><img src="https://m.media-amazon.com/images/I/4193Km1SQcL._SL500_.jpg" alt="Product Image"></a><p>The Peanutshell Crib Mobile for Boys or Girls - White Musical Baby Crib Mobile with 12 Lullabies, Jungle Animal, Baby Mobile Crib Safari Animals Nursery Decor</p><p> -11% 0FF </p><p>$39.99</p><a href="https://www.amazon.com/dp/B08HSNXSM6?tag=eloabder-20&linkCode=osi&th=1&psc=1">View Product</a></div><div class="product"><a href="https://www.amazon.com/dp/B088TCNZ52?tag=eloabder-20&linkCode=osi&th=1&psc=1"><img src="https://m.media-amazon.com/images/I/41Nuh1UJwkL._SL500_.jpg" alt="Product Image"></a><p>EVERLOVE Montessori Mobile Baby for Crib (TINITIGIES) - Black and White Mobile Give Visual Stimulation to Engage Your Newborn - Baby Crib Mobile for Boys & Girls - Baby Mobile for Crib</p><p> -12% 0FF </p><p>$37.99</p><a href="https://www.amazon.com/dp/B088TCNZ52?tag=eloabder-20&linkCode=osi&th=1&psc=1">View Product</a></div><div class="product"><a href="https://www.amazon.com/dp/B07DM86Z43?tag=eloabder-20&linkCode=osi&th=1&psc=1"><img src="https://m.media-amazon.com/images/I/41wBVQgCTUL._SL500_.jpg" alt="Product Image"></a><p>Baby Einstein Sea Dreams Soother Musical Crib Toy and Sound Machine, Newborn and up</p><p> -15% 0FF </p><p>$33.90</p><a href="https://www.amazon.com/dp/B07DM86Z43?tag=eloabder-20&linkCode=osi&th=1&psc=1">View Product</a></div><div class="product"><a href="https://www.amazon.com/dp/B0B38G1MBD?tag=eloabder-20&linkCode=osi&th=1&psc=1"><img src="https://m.media-amazon.com/images/I/51ES4bHBHqL._SL500_.jpg" alt="Product Image"></a><p>Eners Baby Crib Mobile with Music and Lights, Mobile for Crib with Remote Control, Rotation, Moon and Star Projection, Baby Crib Toys for Boys Girls (Blue)</p><p> -6% 0FF </p><p>$33.99</p><a href="https://www.amazon.com/dp/B0B38G1MBD?tag=eloabder-20&linkCode=osi&th=1&psc=1">View Product</a></div>
<div class="product"><a href="https://www.amazon.com/dp/B09GM8JZM9?tag=eloabder-20&linkCode=osi&th=1&psc=1"><img src="https://m.media-amazon.com/images/I/41XmH3g0-aL._SL500_.jpg" alt="Product Image"></a><p>HelloBaby Upgrade Baby Monitor, 5'' Screen with 30-Hour Battery, Pan-Tilt-Zoom Video Baby Monitor with Camera and Audio, Night Vision, VOX, 2-Way Talk, 8 Lullabies and 1000ft Range No WiFi</p><p> -20% 0FF </p><p>$79.99</p><a href="https://www.amazon.com/dp/B09GM8JZM9?tag=eloabder-20&linkCode=osi&th=1&psc=1">View Product</a></div><div class="product"><a href="https://www.amazon.com/dp/B00JEV5UI8?tag=eloabder-20&linkCode=osi&th=1&psc=1"><img src="https://m.media-amazon.com/images/I/41va56lWJ6L._SL500_.jpg" alt="Product Image"></a><p>VTech Upgraded Audio Baby Monitor with Rechargeable Battery, Long Range, and Crystal-Clear Sound</p><p> -9% 0FF </p><p>$19.99</p><a href="https://www.amazon.com/dp/B00JEV5UI8?tag=eloabder-20&linkCode=osi&th=1&psc=1">View Product</a></div><div class="product"><a href="https://www.amazon.com/dp/B0BZ8BN87L?tag=eloabder-20&linkCode=osi&th=1&psc=1"><img src="https://m.media-amazon.com/images/I/41Bi8mMjlBL._SL500_.jpg" alt="Product Image"></a><p>OKAIDI Video Baby Monitor with Camera and Audio, 5" Display Baby Monitor No WiFi, 30H Battery and 1000ft Range Baby Monitor, Remote Pan-Tilt-Zoom Baby Camera, Night Vision, 2-Way Talk, VOX,Temperature</p><p> -25% 0FF </p><p>$44.99</p><a href="https://www.amazon.com/dp/B0BZ8BN87L?tag=eloabder-20&linkCode=osi&th=1&psc=1">View Product</a></div><div class="product"><a href="https://www.amazon.com/dp/B0B316NPZ6?tag=eloabder-20&linkCode=osi&th=1&psc=1"><img src="https://m.media-amazon.com/images/I/41IWDeVuDfL._SL500_.jpg" alt="Product Image"></a><p>HelloBaby Monitor with Camera and Audio, 1000ft Long Range Video Baby Monitor-No WiFi, Night Vision, VOX Mode-Power Saving, 2.4'' Portable Travel Screen, Baby Safety Camera, for Baby/Pet, Plug & Play</p><p> -10% 0FF </p><p>$29.98</p><a href="https://www.amazon.com/dp/B0B316NPZ6?tag=eloabder-20&linkCode=osi&th=1&psc=1">View Product</a></div><div class="product"><a href="https://www.amazon.com/dp/B0CYCDTZ6G?tag=eloabder-20&linkCode=osi&th=1&psc=1"><img src="https://m.media-amazon.com/images/I/41PTcAHdqoL._SL500_.jpg" alt="Product Image"></a><p>HelloBaby Baby Monitor with Camera and Audio, 6'' World First IPS Screen Baby Camera Monitor No WiFi, 30-Hrs Battery, ECO, VOX, 2-Way Talk, Night Vision, 1000ft, Video Baby Monitor Portable</p><p> -25% 0FF </p><p>$89.99</p><a href="https://www.amazon.com/dp/B0CYCDTZ6G?tag=eloabder-20&linkCode=osi&th=1&psc=1">View Product</a></div><div class="product"><a href="https://www.amazon.com/dp/B007NG5UF4?tag=eloabder-20&linkCode=osi&th=1&psc=1"><img src="https://m.media-amazon.com/images/I/41SdqvzVNuL._SL500_.jpg" alt="Product Image"></a><p>VTech DM221 Audio Baby Monitor with up to 1,000 ft of Range, Vibrating Sound-Alert, Talk Back Intercom & Night Light Loop, White/Silver</p><p> -13% 0FF </p><p>$33.95</p><a href="https://www.amazon.com/dp/B007NG5UF4?tag=eloabder-20&linkCode=osi&th=1&psc=1">View Product</a></div><div class="product"><a href="https://www.amazon.com/dp/B0CZDYF95R?tag=eloabder-20&linkCode=osi&th=1&psc=1"><img src="https://m.media-amazon.com/images/I/41hYOyPQ9dL._SL500_.jpg" alt="Product Image"></a><p>VTimes Baby Monitor with Camera and Audio, Video Baby Monitor No WiFi Night Vision, 2.4" LCD Screen Portable Baby Camera VOX Mode Pan-Tilt-Zoom Alarm and 1000ft Range, Ideal for Baby/Elderly/Pet</p><p> -40% 0FF </p><p>$29.99</p><a href="https://www.amazon.com/dp/B0CZDYF95R?tag=eloabder-20&linkCode=osi&th=1&psc=1">View Product</a></div>
<div class="product"><a href="https://www.amazon.com/dp/B0119493OY?tag=eloabder-20&linkCode=osi&th=1&psc=1"><img src="https://m.media-amazon.com/images/I/31o0TllpwAL._SL500_.jpg" alt="Product Image"></a><p>Safety 1st Fold-Up Nail Clippers - 2pk</p><p> -25% 0FF </p><p>$2.99</p><a href="https://www.amazon.com/dp/B0119493OY?tag=eloabder-20&linkCode=osi&th=1&psc=1">View Product</a></div><div class="product"><a href="https://www.amazon.com/dp/B01644OCVS?tag=eloabder-20&linkCode=osi&th=1&psc=1"><img src="https://m.media-amazon.com/images/I/41oX5dLMB1L._SL500_.jpg" alt="Product Image"></a><p>Frida Baby NailFrida The SnipperClipper Set, Baby Nail Clippers & Nail Filer, Baby Essential Nail Kit for Newborns and Up</p><p> -36% 0FF </p><p>$8.31</p><a href="https://www.amazon.com/dp/B01644OCVS?tag=eloabder-20&linkCode=osi&th=1&psc=1">View Product</a></div><div class="product"><a href="https://www.amazon.com/dp/B084JZ27SM?tag=eloabder-20&linkCode=osi&th=1&psc=1"><img src="https://m.media-amazon.com/images/I/31JsNl8WpML._SL500_.jpg" alt="Product Image"></a><p>Safety 1st Light Zoom Nail Clippers, One Size</p><p> -27% 0FF </p><p>$7.29</p><a href="https://www.amazon.com/dp/B084JZ27SM?tag=eloabder-20&linkCode=osi&th=1&psc=1">View Product</a></div><div class="product"><a href="https://www.amazon.com/dp/B0D9BCJWC7?tag=eloabder-20&linkCode=osi&th=1&psc=1"><img src="https://m.media-amazon.com/images/I/41vknqnodfL._SL500_.jpg" alt="Product Image"></a><p>Yeeeasy Baby Nail Clippers Kit Baby Grooming Set with Nail Clippers, Scissors, Nail File & Tweezers Baby Care Kit Fingernail Cutter for Baby,Newborn,Infant,Toddler,Kid(Purple)</p><p> -55% 0FF </p><p>$4.49</p><a href="https://www.amazon.com/dp/B0D9BCJWC7?tag=eloabder-20&linkCode=osi&th=1&psc=1">View Product</a></div>
<div class="product"><a href="https://www.amazon.com/dp/B08CMWHD3B?tag=eloabder-20&linkCode=osi&th=1&psc=1"><img src="https://m.media-amazon.com/images/I/41+F2Dv0iiL._SL500_.jpg" alt="Product Image"></a><p>GROWNSY Nasal Aspirator for Baby, Baby Nose Sucker Pro with 3 Soft Silicone Tips, Adjustable Suction, Electric Nose Suction for Baby, Built-in Music & Light Soothing</p><p> -20% 0FF </p><p>$39.99 ($39.99 / Count)</p><a href="https://www.amazon.com/dp/B08CMWHD3B?tag=eloabder-20&linkCode=osi&th=1&psc=1">View Product</a></div><div class="product"><a href="https://www.amazon.com/dp/B00RP0GHBO?tag=eloabder-20&linkCode=osi&th=1&psc=1"><img src="https://m.media-amazon.com/images/I/41pIJoWu-UL._SL500_.jpg" alt="Product Image"></a><p>Frida Baby NoseFrida SnotSucker Nasal Aspirator for Baby, Baby Nose Sucker with 24 Extra Hygiene Filters, Baby Congestion Relief, FSA/HSA Eligible</p><p> -25% 0FF </p><p>$14.99</p><a href="https://www.amazon.com/dp/B00RP0GHBO?tag=eloabder-20&linkCode=osi&th=1&psc=1">View Product</a></div><div class="product"><a href="https://www.amazon.com/dp/B0C3CHQHJP?tag=eloabder-20&linkCode=osi&th=1&psc=1"><img src="https://m.media-amazon.com/images/I/51IO9JHchbL._SL500_.jpg" alt="Product Image"></a><p>X-Bosak Baby Nasal Aspirator, Electric Nose Sucker with 5 Levels Suction, Soothing Light & Nursery Rhymes</p><p> -18% 0FF </p><p>$30.99</p><a href="https://www.amazon.com/dp/B0C3CHQHJP?tag=eloabder-20&linkCode=osi&th=1&psc=1">View Product</a></div><div class="product"><a href="https://www.amazon.com/dp/B094Z43BQF?tag=eloabder-20&linkCode=osi&th=1&psc=1"><img src="https://m.media-amazon.com/images/I/41elOKysySL._SL500_.jpg" alt="Product Image"></a><p>Frida Baby Electric NoseFrida Nasal Aspirator for Baby, Nose Sucker for Baby & Toddler, Nasal Aspirator for Congestion Relief with 3 Suction Levels, 2 Silicone Tips, USB Rechargeable</p><p> -13% 0FF </p><p>$34.99</p><a href="https://www.amazon.com/dp/B094Z43BQF?tag=eloabder-20&linkCode=osi&th=1&psc=1">View Product</a></div><div class="product"><a href="https://www.amazon.com/dp/B01N093BYV?tag=eloabder-20&linkCode=osi&th=1&psc=1"><img src="https://m.media-amazon.com/images/I/316hpVBAmNL._SL500_.jpg" alt="Product Image"></a><p>Frida Baby Nasal Aspirator for Baby, NoseFrida Baby Nose Sucker with 10 Extra Filters + All-Natural Saline Nasal Spray for Babies, Nasal Spray Decongestant, 0.68 fl oz</p><p> -15% 0FF </p><p>$16.97</p><a href="https://www.amazon.com/dp/B01N093BYV?tag=eloabder-20&linkCode=osi&th=1&psc=1">View Product</a></div><div class="product"><a href="https://www.amazon.com/dp/B0BSVG8S59?tag=eloabder-20&linkCode=osi&th=1&psc=1"><img src="https://m.media-amazon.com/images/I/31Rju6jEphL._SL500_.jpg" alt="Product Image"></a><p>Dr. Talbot's Nasal Aspirator for Babies - Silicone - Includes Storage Case - Clear</p><p> -20% 0FF </p><p>$6.39</p><a href="https://www.amazon.com/dp/B0BSVG8S59?tag=eloabder-20&linkCode=osi&th=1&psc=1">View Product</a></div>
<div class="product"><a href="https://www.amazon.com/dp/B00WEBVM5U?tag=eloabder-20&linkCode=osi&th=1&psc=1"><img src="https://m.media-amazon.com/images/I/31oMSFi3dGL._SL500_.jpg" alt="Product Image"></a><p>Johnson's Baby Oil, Mineral Oil Enriched with Shea & Cocoa Butter to Prevent Moisture Loss, Hypoallergenic, 20 fl. oz</p><p> -35% 0FF </p><p>$5.90 ($0.30 / Fl Oz)</p><a href="https://www.amazon.com/dp/B00WEBVM5U?tag=eloabder-20&linkCode=osi&th=1&psc=1">View Product</a></div><div class="product"><a href="https://www.amazon.com/dp/B00J51Q1IA?tag=eloabder-20&linkCode=osi&th=1&psc=1"><img src="https://m.media-amazon.com/images/I/31WSLNGqaEL._SL500_.jpg" alt="Product Image"></a><p>Johnson & Johnson SLC (Cosmetics) Baby Oil, 20 Fl Oz</p><p> -33% 0FF </p><p>$6.02 ($0.30 / Fl Oz)</p><a href="https://www.amazon.com/dp/B00J51Q1IA?tag=eloabder-20&linkCode=osi&th=1&psc=1">View Product</a></div><div class="product"><a href="https://www.amazon.com/dp/B00LPC15FQ?tag=eloabder-20&linkCode=osi&th=1&psc=1"><img src="https://m.media-amazon.com/images/I/315PcqnZ4qL._SL500_.jpg" alt="Product Image"></a><p>Johnson's Baby Johnson & Johnson Baby Oil, Aloe Vera & Vitamin E, Multicolor, 14 Fl Oz</p><p> -23% 0FF </p><p>$5.49 ($0.39 / Fl Oz)</p><a href="https://www.amazon.com/dp/B00LPC15FQ?tag=eloabder-20&linkCode=osi&th=1&psc=1">View Product</a></div><div class="product"><a href="https://www.amazon.com/dp/B001UAA2UC?tag=eloabder-20&linkCode=osi&th=1&psc=1"><img src="https://m.media-amazon.com/images/I/31-74Q7XbxL._SL500_.jpg" alt="Product Image"></a><p>Johnson's Baby Oil Gel, Moisturizing Baby Massage Mineral Oil Enriched with Shea & Cocoa Butter, Dry Skin Relief for Babies, Kids & Adults, Nourishing & Gentle on Delicate Skin, 6.5 fl. oz</p><p> -16% 0FF </p><p>$5.98 ($0.92 / Fl Oz)</p><a href="https://www.amazon.com/dp/B001UAA2UC?tag=eloabder-20&linkCode=osi&th=1&psc=1">View Product</a></div>
<div class="product"><a href="https://www.amazon.com/dp/B0D88Y4955?tag=eloabder-20&linkCode=osi&th=1&psc=1"><img src="https://m.media-amazon.com/images/I/41Au0yzblbL._SL500_.jpg" alt="Product Image"></a><p>Burt's Bees Baby Baby Boys Pajamas, Sleep and Play Loose Fit, 100% Organic Cotton, Soft One-piece PJs, Diagonal Zip Up Jumpsuit Newborn Essentials with Interior Zipper Guard in sizes NB to 6-9 Months</p><p> -49% 0FF </p><p>$7.60</p><a href="https://www.amazon.com/dp/B0D88Y4955?tag=eloabder-20&linkCode=osi&th=1&psc=1">View Product</a></div><div class="product"><a href="https://www.amazon.com/dp/B08GHLBW8P?tag=eloabder-20&linkCode=osi&th=1&psc=1"><img src="https://m.media-amazon.com/images/I/512q+TZZ2UL._SL500_.jpg" alt="Product Image"></a><p>Gerber Baby Boys' 4-Pack Footed Pajamas, Dinosaurs Space Grey, 18 Months</p><p> -9% 0FF </p><p>$29.98</p><a href="https://www.amazon.com/dp/B08GHLBW8P?tag=eloabder-20&linkCode=osi&th=1&psc=1">View Product</a></div>
<div class="product"><a href="https://www.amazon.com/dp/B09XHGG4B8?tag=eloabder-20&linkCode=osi&th=1&psc=1"><img src="https://m.media-amazon.com/images/I/51drx-WonLL._SL500_.jpg" alt="Product Image"></a><p>Yeeeasy Tummy Time Water Mat丨Inflatable Tummy Time Water Play Mat for Babies, Infants and Toddlers 3 to 12 Months Promote Development Toys Baby Gifts</p><p> -33% 0FF </p><p>$9.99</p><a href="https://www.amazon.com/dp/B09XHGG4B8?tag=eloabder-20&linkCode=osi&th=1&psc=1">View Product</a></div>
<div class="product"><a href="https://www.amazon.com/dp/B0009STDJW?tag=eloabder-20&linkCode=osi&th=1&psc=1"><img src="https://m.media-amazon.com/images/I/31XlMHyMw4L._SL500_.jpg" alt="Product Image"></a><p>Johnson's Baby Powder, Naturally Derived Cornstarch with Aloe & Vitamin E for Delicate Skin, Hypoallergenic and Free of Parabens, Phthalates, and Dyes for Gentle Baby Skin Care, 15 oz</p><p> -31% 0FF </p><p>$4.98 ($0.33 / Ounce)</p><a href="https://www.amazon.com/dp/B0009STDJW?tag=eloabder-20&linkCode=osi&th=1&psc=1">View Product</a></div><div class="product"><a href="https://www.amazon.com/dp/B005IHT880?tag=eloabder-20&linkCode=osi&th=1&psc=1"><img src="https://m.media-amazon.com/images/I/31Yy8plMS3L._SL500_.jpg" alt="Product Image"></a><p>Johnson's Baby Naturally Derived Cornstarch Baby Powder with Aloe and Vitamin E for Delicate Skin, Hypoallergenic and Free of Parabens, Phthalates, and Dyes for Gentle Baby Skin Care, 1.5 oz</p><p> -31% 0FF </p><p>$1.97 ($1.31 / Ounce)</p><a href="https://www.amazon.com/dp/B005IHT880?tag=eloabder-20&linkCode=osi&th=1&psc=1">View Product</a></div><div class="product"><a href="https://www.amazon.com/dp/B00I5MVFB8?tag=eloabder-20&linkCode=osi&th=1&psc=1"><img src="https://m.media-amazon.com/images/I/41kU-erHU1L._SL500_.jpg" alt="Product Image"></a><p>Johnson's Baby Powder, Pure Cornstarch, Aloe & Vitamin E, 22 Ounce (Pack of 3) - Packaging May Vary</p><p> -31% 0FF </p><p>$18.87 ($0.29 / Ounce)</p><a href="https://www.amazon.com/dp/B00I5MVFB8?tag=eloabder-20&linkCode=osi&th=1&psc=1">View Product</a></div><div class="product"><a href="https://www.amazon.com/dp/B004Z4MNGQ?tag=eloabder-20&linkCode=osi&th=1&psc=1"><img src="https://m.media-amazon.com/images/I/31szXN97ucL._SL500_.jpg" alt="Product Image"></a><p>Johnson's Baby Powder with Naturally Derived Cornstarch Aloe & Vitamin E, Hypoallergenic, 9 oz</p><p> -26% 0FF </p><p>$3.95 ($0.44 / Ounce)</p><a href="https://www.amazon.com/dp/B004Z4MNGQ?tag=eloabder-20&linkCode=osi&th=1&psc=1">View Product</a></div><div class="product"><a href="https://www.amazon.com/dp/B0CCPK861Q?tag=eloabder-20&linkCode=osi&th=1&psc=1"><img src="https://m.media-amazon.com/images/I/51jIdMql0FL._SL500_.jpg" alt="Product Image"></a><p>Burt's Bees Christmas Gifts, Baby Dusting Powder, 100% Natural Origin, Talc-Free, Pediatrician Tested Stocking Stuffers, 7.5 Ounces, Pack of 3, Pack May Vary</p><p> -29% 0FF </p><p>$19.17 ($0.85 / Ounce)</p><a href="https://www.amazon.com/dp/B0CCPK861Q?tag=eloabder-20&linkCode=osi&th=1&psc=1">View Product</a></div><div class="product"><a href="https://www.amazon.com/dp/B012FUZ8NG?tag=eloabder-20&linkCode=osi&th=1&psc=1"><img src="https://m.media-amazon.com/images/I/41t4DM92+aL._SL500_.jpg" alt="Product Image"></a><p>Gold Bond Comfort Body Powder, 10 oz., Talc-Free, Fresh Clean Scent With Aloe & Chamomile</p><p> -7% 0FF </p><p>$6.79 ($0.68 / Ounce)</p><a href="https://www.amazon.com/dp/B012FUZ8NG?tag=eloabder-20&linkCode=osi&th=1&psc=1">View Product</a></div>
<div class="product"><a href="https://www.amazon.com/dp/B00JHKTDQG?tag=eloabder-20&linkCode=osi&th=1&psc=1"><img src="https://m.media-amazon.com/images/I/41u2OOs0uOL._SL500_.jpg" alt="Product Image"></a><p>Safety 1st Plug Protectors, 36 Count</p><p> -22% 0FF </p><p>$3.49</p><a href="https://www.amazon.com/dp/B00JHKTDQG?tag=eloabder-20&linkCode=osi&th=1&psc=1">View Product</a></div><div class="product"><a href="https://www.amazon.com/dp/B0CZRKFS5Z?tag=eloabder-20&linkCode=osi&th=1&psc=1"><img src="https://m.media-amazon.com/images/I/413bGIIY4WL._SL500_.jpg" alt="Product Image"></a><p>Baby Proofing Kit, Oven Door Lock Child proof Safety Product for Kitchen, Double Button, Heat-Resistant, Easy to Install (1 Pack,Grey)</p><p> -20% 0FF </p><p>$7.99</p><a href="https://www.amazon.com/dp/B0CZRKFS5Z?tag=eloabder-20&linkCode=osi&th=1&psc=1">View Product</a></div><div class="product"><a href="https://www.amazon.com/dp/B00YKG2YS6?tag=eloabder-20&linkCode=osi&th=1&psc=1"><img src="https://m.media-amazon.com/images/I/41+wB4D0smL._SL500_.jpg" alt="Product Image"></a><p>Safety 1st Safety Essentials Kit , White , 1 Count</p><p> -38% 0FF </p><p>$7.48</p><a href="https://www.amazon.com/dp/B00YKG2YS6?tag=eloabder-20&linkCode=osi&th=1&psc=1">View Product</a></div>
<div class="product"><a href="https://www.amazon.com/dp/B000BNCA4K?tag=eloabder-20&linkCode=osi&th=1&psc=1"><img src="https://m.media-amazon.com/images/I/51+hwco0h6L._SL500_.jpg" alt="Product Image"></a><p>Manhattan Toy Winkel Rattle & Sensory Teether Toy, Blue/Green/Orange, 5 Inch x 4 Inch x 3.5 Inch</p><p> -29% 0FF </p><p>$9.99</p><a href="https://www.amazon.com/dp/B000BNCA4K?tag=eloabder-20&linkCode=osi&th=1&psc=1">View Product</a></div><div class="product"><a href="https://www.amazon.com/dp/B000FMQWS2?tag=eloabder-20&linkCode=osi&th=1&psc=1"><img src="https://m.media-amazon.com/images/I/4108+CwoQfL._SL500_.jpg" alt="Product Image"></a><p>Bright Starts Grab & Spin Baby Rattle & BPA-Free Teether Toy, Ages 3 Months+</p><p> -15% 0FF </p><p>$2.97</p><a href="https://www.amazon.com/dp/B000FMQWS2?tag=eloabder-20&linkCode=osi&th=1&psc=1">View Product</a></div><div class="product"><a href="https://www.amazon.com/dp/B071YCHDX1?tag=eloabder-20&linkCode=osi&th=1&psc=1"><img src="https://m.media-amazon.com/images/I/512uBUjyccL._SL500_.jpg" alt="Product Image"></a><p>iPlay, iLearn 10pcs Baby Rattles Toys Set, Infant Grab Shake Rattle, Sensory Teether, Babies Development Learning Music Toy, Newborn First Christmas Gifts 0 1 2 3 4 5 6 7 8 9 10 12 Month Boy Girl</p><p> -15% 0FF </p><p>$22.99</p><a href="https://www.amazon.com/dp/B071YCHDX1?tag=eloabder-20&linkCode=osi&th=1&psc=1">View Product</a></div><div class="product"><a href="https://www.amazon.com/dp/B019ICFYNI?tag=eloabder-20&linkCode=osi&th=1&psc=1"><img src="https://m.media-amazon.com/images/I/51oYX33BlzL._SL500_.jpg" alt="Product Image"></a><p>VTech Baby Rattle and Sing Puppy</p><p> -18% 0FF </p><p>$8.99</p><a href="https://www.amazon.com/dp/B019ICFYNI?tag=eloabder-20&linkCode=osi&th=1&psc=1">View Product</a></div><div class="product"><a href="https://www.amazon.com/dp/B000V2Y5BW?tag=eloabder-20&linkCode=osi&th=1&psc=1"><img src="https://m.media-amazon.com/images/I/41Bz5Kz2OzL._SL500_.jpg" alt="Product Image"></a><p>The First Years First Keys Infant and Baby Toy</p><p> -67% 0FF </p><p>$2.44</p><a href="https://www.amazon.com/dp/B000V2Y5BW?tag=eloabder-20&linkCode=osi&th=1&psc=1">View Product</a></div>
<div class="product"><a href="https://www.amazon.com/dp/B005SPESKK?tag=eloabder-20&linkCode=osi&th=1&psc=1"><img src="https://m.media-amazon.com/images/I/410ZKnRS3aL._SL500_.jpg" alt="Product Image"></a><p>Aveeno Baby Bathtime Solutions Baby & Me Gift Set with Baby Wash & Shampoo, Calming Baby Bath, Baby Daily Moisturizing Lotion & Stress Relief Body Wash for Mom, Oatmeal, 4 Items</p><p> -35% 0FF </p><p>$20.69</p><a href="https://www.amazon.com/dp/B005SPESKK?tag=eloabder-20&linkCode=osi&th=1&psc=1">View Product</a></div><div class="product"><a href="https://www.amazon.com/dp/B005UEB96K?tag=eloabder-20&linkCode=osi&th=1&psc=1"><img src="https://m.media-amazon.com/images/I/41irWX472ZL._SL500_.jpg" alt="Product Image"></a><p>Aquaphor Baby Healing Ointment Advanced Therapy Skin Protectant, Dry Skin and Diaper Rash Ointment, 14 Oz Jar</p><p> -8% 0FF </p><p>$18.37</p><a href="https://www.amazon.com/dp/B005UEB96K?tag=eloabder-20&linkCode=osi&th=1&psc=1">View Product</a></div><div class="product"><a href="https://www.amazon.com/dp/B0CNXKT6S7?tag=eloabder-20&linkCode=osi&th=1&psc=1"><img src="https://m.media-amazon.com/images/I/41UPubKIJYL._SL500_.jpg" alt="Product Image"></a><p>Blissful Diary Baby Diaper Caddy Organizer, Stylish Nursery Storage Basket - Gift for Baby Shower, Baby Registry Must Have, Newborn Essentials - Baby Caddy Organizer for Diaper Station - Sage Green</p><p> -7% 0FF </p><p>$22.99</p><a href="https://www.amazon.com/dp/B0CNXKT6S7?tag=eloabder-20&linkCode=osi&th=1&psc=1">View Product</a></div><div class="product"><a href="https://www.amazon.com/dp/B07RX5BD32?tag=eloabder-20&linkCode=osi&th=1&psc=1"><img src="https://m.media-amazon.com/images/I/41p16YTuexL._SL500_.jpg" alt="Product Image"></a><p>Portable Diaper Changing Pad, Portable Changing pad for Newborn Girl & Boy - Baby Changing Pad with Smart Wipes Pocket – Waterproof Travel Changing Kit - Baby Gift by Kopi Baby</p><p> -42% 0FF </p><p>$21.89</p><a href="https://www.amazon.com/dp/B07RX5BD32?tag=eloabder-20&linkCode=osi&th=1&psc=1">View Product</a></div>
<div class="product"><a href="https://www.amazon.com/dp/B07DGKWFJM?tag=eloabder-20&linkCode=osi&th=1&psc=1"><img src="https://m.media-amazon.com/images/I/313M7YzzHPL._SL500_.jpg" alt="Product Image"></a><p>Johnson's Baby Shampoo with Tear-Free Formula, Shampoo for Baby's Delicate Scalp & Skin, Gently Washes Away Dirt & Germs, Paraben-, Phthalate-, Sulfate- & Dye-Free, 20.3 fl. oz</p><p> -35% 0FF </p><p>$5.90 ($0.29 / Fl Oz)</p><a href="https://www.amazon.com/dp/B07DGKWFJM?tag=eloabder-20&linkCode=osi&th=1&psc=1">View Product</a></div><div class="product"><a href="https://www.amazon.com/dp/B07DGK9FQG?tag=eloabder-20&linkCode=osi&th=1&psc=1"><img src="https://m.media-amazon.com/images/I/31ZmgkaoecL._SL500_.jpg" alt="Product Image"></a><p>Johnson's Baby Tear Free Shampoo, No Parabens/Phthalates/Sulfates/Dyes, Fresh, 13.6 Fl Oz</p><p> -30% 0FF </p><p>$4.78 ($0.35 / Fl Oz)</p><a href="https://www.amazon.com/dp/B07DGK9FQG?tag=eloabder-20&linkCode=osi&th=1&psc=1">View Product</a></div><div class="product"><a href="https://www.amazon.com/dp/B07D2JMJPS?tag=eloabder-20&linkCode=osi&th=1&psc=1"><img src="https://m.media-amazon.com/images/I/31GFcXvNoSL._SL500_.jpg" alt="Product Image"></a><p>Johnson's Head-to-Toe Gentle Tear-Free Baby & Newborn Wash & Shampoo, Sulfate-, Paraben- Phthalate- & Dye-Free, Hypoallergenic Wash for Sensitive Skin & Hair, 27.1 fl. Oz</p><p> -33% 0FF </p><p>$7.19 ($0.27 / Fl Oz)</p><a href="https://www.amazon.com/dp/B07D2JMJPS?tag=eloabder-20&linkCode=osi&th=1&psc=1">View Product</a></div><div class="product"><a href="https://www.amazon.com/dp/B07NSBTZ22?tag=eloabder-20&linkCode=osi&th=1&psc=1"><img src="https://m.media-amazon.com/images/I/316UK0+xv+L._SL500_.jpg" alt="Product Image"></a><p>Aveeno Baby Daily Moisture Gentle Bath Wash & Shampoo with Natural Oat Extract, Hypoallergenic, Tear-Free & Paraben-Free Formula For Sensitive Hair & Skin, Lightly Scented, 33 fl. oz</p><p> -43% 0FF </p><p>$13.98 ($0.42 / Fl Oz)</p><a href="https://www.amazon.com/dp/B07NSBTZ22?tag=eloabder-20&linkCode=osi&th=1&psc=1">View Product</a></div><div class="product"><a href="https://www.amazon.com/dp/B07DGPL4Y7?tag=eloabder-20&linkCode=osi&th=1&psc=1"><img src="https://m.media-amazon.com/images/I/310oJnMMURS._SL500_.jpg" alt="Product Image"></a><p>Johnson's Baby Calming Baby Shampoo with Soothing NaturalCalm Scent, Hypoallergenic & Tear-Free Baby Hair Shampoo, Free of Parabens, Phthalates, Sulfates & Dyes, 20.3 fl. oz</p><p> -9% 0FF </p><p>$5.39 ($0.27 / Fl Oz)</p><a href="https://www.amazon.com/dp/B07DGPL4Y7?tag=eloabder-20&linkCode=osi&th=1&psc=1">View Product</a></div><div class="product"><a href="https://www.amazon.com/dp/B072QXWXS6?tag=eloabder-20&linkCode=osi&th=1&psc=1"><img src="https://m.media-amazon.com/images/I/31nATTwRNrL._SL500_.jpg" alt="Product Image"></a><p>The Honest Company 2-in-1 Cleansing Shampoo + Body Wash | Gentle for Baby | Naturally Derived, Tear-free, Hypoallergenic | Fragrance Free Sensitive, 10 fl oz</p><p> -8% 0FF </p><p>$10.99 ($1.10 / Fl Oz)</p><a href="https://www.amazon.com/dp/B072QXWXS6?tag=eloabder-20&linkCode=osi&th=1&psc=1">View Product</a></div><div class="product"><a href="https://www.amazon.com/dp/B0BXB874ZB?tag=eloabder-20&linkCode=osi&th=1&psc=1"><img src="https://m.media-amazon.com/images/I/61I9qaFfznL._SL500_.jpg" alt="Product Image"></a><p>SheaMoisture Baby Shampoo & Bath Milk Manuka Honey & Lavender for Delicate Hair and Skin Nighttime Skin and Hair Care Regimen 13 oz</p><p> -10% 0FF </p><p>$8.97 ($0.69 / Fl Oz)</p><a href="https://www.amazon.com/dp/B0BXB874ZB?tag=eloabder-20&linkCode=osi&th=1&psc=1">View Product</a></div>
<div class="product"><a href="https://www.amazon.com/dp/B07JP112TD?tag=eloabder-20&linkCode=osi&th=1&psc=1"><img src="https://m.media-amazon.com/images/I/31-1TtUqz2L._SL500_.jpg" alt="Product Image"></a><p>Stride Rite Baby Girls Sr Taye 2.0 First Walker Shoe, Pink, 3 Infant US</p><p> -30% 0FF </p><p>$25.72</p><a href="https://www.amazon.com/dp/B07JP112TD?tag=eloabder-20&linkCode=osi&th=1&psc=1">View Product</a></div><div class="product"><a href="https://www.amazon.com/dp/B08M5M2ZNJ?tag=eloabder-20&linkCode=osi&th=1&psc=1"><img src="https://m.media-amazon.com/images/I/31qHgEG+WSL._SL500_.jpg" alt="Product Image"></a><p>Baby Booties 6-12 Months Unisex Cozy Fleece Newborn Booties Non-Slip Newborn First Walkers Shoes Toddler Slippers for Baby Boys & Baby Girls Gifts, Black</p><p> -33% 0FF </p><p>$9.99</p><a href="https://www.amazon.com/dp/B08M5M2ZNJ?tag=eloabder-20&linkCode=osi&th=1&psc=1">View Product</a></div><div class="product"><a href="https://www.amazon.com/dp/B0BV2J28DN?tag=eloabder-20&linkCode=osi&th=1&psc=1"><img src="https://m.media-amazon.com/images/I/41n15Z33RlL._SL500_.jpg" alt="Product Image"></a><p>Baby Walking Shoes First Boy Girl Walker Infant Sock Tennis Mesh Sneakers Breathable 6 9 12 18 24 Months Camel Size 6-12 Months Infant</p><p> -18% 0FF </p><p>$26.99</p><a href="https://www.amazon.com/dp/B0BV2J28DN?tag=eloabder-20&linkCode=osi&th=1&psc=1">View Product</a></div><div class="product"><a href="https://www.amazon.com/dp/B0C9ZTGHWF?tag=eloabder-20&linkCode=osi&th=1&psc=1"><img src="https://m.media-amazon.com/images/I/41jzu4SNmLL._SL500_.jpg" alt="Product Image"></a><p>BMCiTYBM Baby Boy Girl Shoes Infant First Walker Shoes Breathable Walking Shoes Lightweight Non-Slip Sneakers 6 9 12 18 24 Months Gray Size 12-18 Months Infant</p><p> -12% 0FF </p><p>$29.99</p><a href="https://www.amazon.com/dp/B0C9ZTGHWF?tag=eloabder-20&linkCode=osi&th=1&psc=1">View Product</a></div>
<div class="product"><a href="https://www.amazon.com/dp/B0B6Z9SVXG?tag=eloabder-20&linkCode=osi&th=1&psc=1"><img src="https://m.media-amazon.com/images/I/41yQhQfpuJL._SL500_.jpg" alt="Product Image"></a><p>Shiaon Baby Sling Carrier Newborn to Toddler, Lightweight Baby Carrier Sling, Baby Wrap Sling, Baby Hip Seat Carrier for Toddler Sling, Baby Holder Carrier, Nursing Sling, Carrying 7-45 lbs, Grey</p><p> -20% 0FF </p><p>$32.99</p><a href="https://www.amazon.com/dp/B0B6Z9SVXG?tag=eloabder-20&linkCode=osi&th=1&psc=1">View Product</a></div><div class="product"><a href="https://www.amazon.com/dp/B07SK6GVCJ?tag=eloabder-20&linkCode=osi&th=1&psc=1"><img src="https://m.media-amazon.com/images/I/41o7bWiYEUL._SL500_.jpg" alt="Product Image"></a><p>CUBY Water Baby Sling Carrier Breathable Mesh Baby Wraps Carrier Adjustable Ring Sling Baby Carrier Infant Carrier for Summer Swimming Pool Beach (Light Grey)</p><p> -27% 0FF </p><p>$18.99</p><a href="https://www.amazon.com/dp/B07SK6GVCJ?tag=eloabder-20&linkCode=osi&th=1&psc=1">View Product</a></div><div class="product"><a href="https://www.amazon.com/dp/B07YQYRVDX?tag=eloabder-20&linkCode=osi&th=1&psc=1"><img src="https://m.media-amazon.com/images/I/41nKHqgPniL._SL500_.jpg" alt="Product Image"></a><p>Baby Sling and Ring Sling 100% Cotton Muslin Infant Carrier, Front and Chest Newborn Carrier Wrap, Toddler Carrier – Grey</p><p> -31% 0FF </p><p>$44.95</p><a href="https://www.amazon.com/dp/B07YQYRVDX?tag=eloabder-20&linkCode=osi&th=1&psc=1">View Product</a></div>
<div class="product"><a href="https://www.amazon.com/dp/B07N13W76L?tag=eloabder-20&linkCode=osi&th=1&psc=1"><img src="https://m.media-amazon.com/images/I/41d8emuEA8L._SL500_.jpg" alt="Product Image"></a><p>Baby Dove Sensitive Skin Care Baby Wash Calming Moisture For a Calming Bath Wash Hypoallergenic and Tear-Free, Washes Away Bacteria 13 oz</p><p> -6% 0FF </p><p>$7.99 ($0.61 / Ounce)</p><a href="https://www.amazon.com/dp/B07N13W76L?tag=eloabder-20&linkCode=osi&th=1&psc=1">View Product</a></div><div class="product"><a href="https://www.amazon.com/dp/B097NRRRNT?tag=eloabder-20&linkCode=osi&th=1&psc=1"><img src="https://m.media-amazon.com/images/I/31qcQUGmwRS._SL500_.jpg" alt="Product Image"></a><p>Johnson's Skin Nourishing Moisture Baby Body Wash With Vanilla & Oat Scents, Hypoallergenic & Tear Free Baby Bath Wash, Paraben-, Dye-, Sulfate & Phthalate-Free, 20.3 fl. oz</p><p> -26% 0FF </p><p>$6.78 ($0.33 / Fl Oz)</p><a href="https://www.amazon.com/dp/B097NRRRNT?tag=eloabder-20&linkCode=osi&th=1&psc=1">View Product</a></div><div class="product"><a href="https://www.amazon.com/dp/B07D2G6CLG?tag=eloabder-20&linkCode=osi&th=1&psc=1"><img src="https://m.media-amazon.com/images/I/31EQ6Pb153L._SL500_.jpg" alt="Product Image"></a><p>Johnson's Bedtime Baby Bath with Soothing NaturalCalm Aromas, Hypoallergenic & Tear Free Formula, 27.1 fl. oz</p><p> -33% 0FF </p><p>$9.98 ($0.37 / Fl Oz)</p><a href="https://www.amazon.com/dp/B07D2G6CLG?tag=eloabder-20&linkCode=osi&th=1&psc=1">View Product</a></div>
<div class="product"><a href="https://www.amazon.com/dp/B006VB29D8?tag=eloabder-20&linkCode=osi&th=1&psc=1"><img src="https://m.media-amazon.com/images/I/41avOtC2ssL._SL500_.jpg" alt="Product Image"></a><p>Munchkin® Soft Tip™ Baby Spoons, BPA Free, 12 Pack</p><p> -17% 0FF </p><p>$6.98</p><a href="https://www.amazon.com/dp/B006VB29D8?tag=eloabder-20&linkCode=osi&th=1&psc=1">View Product</a></div><div class="product"><a href="https://www.amazon.com/dp/B0CKJXWM44?tag=eloabder-20&linkCode=osi&th=1&psc=1"><img src="https://m.media-amazon.com/images/I/41n4jr8b6VL._SL500_.jpg" alt="Product Image"></a><p>Nuby Baby's First Spoons Set - (3-Pack) Feeding Utensils for Babies - 6+ Months</p><p> -40% 0FF </p><p>$5.97</p><a href="https://www.amazon.com/dp/B0CKJXWM44?tag=eloabder-20&linkCode=osi&th=1&psc=1">View Product</a></div><div class="product"><a href="https://www.amazon.com/dp/B0CKWJNQP4?tag=eloabder-20&linkCode=osi&th=1&psc=1"><img src="https://m.media-amazon.com/images/I/413epEJW7PL._SL500_.jpg" alt="Product Image"></a><p>Munchkin® Gentle Dip™ Multistage First Spoon Set for Baby Led Weaning, Self Feeding, Solids & Purees, 3 Pack, Coral/Purple</p><p> -35% 0FF </p><p>$6.49</p><a href="https://www.amazon.com/dp/B0CKWJNQP4?tag=eloabder-20&linkCode=osi&th=1&psc=1">View Product</a></div><div class="product"><a href="https://www.amazon.com/dp/B08MVST7H1?tag=eloabder-20&linkCode=osi&th=1&psc=1"><img src="https://m.media-amazon.com/images/I/319zTmlUj8L._SL500_.jpg" alt="Product Image"></a><p>PrimaStella Silicone Chew Spoon Set for Babies and Toddlers | Safety Tested | BPA Free | Microwave, Dishwasher and Freezer Safe</p><p> -33% 0FF </p><p>$7.99</p><a href="https://www.amazon.com/dp/B08MVST7H1?tag=eloabder-20&linkCode=osi&th=1&psc=1">View Product</a></div>
<div class="product"><a href="https://www.amazon.com/dp/B0D5Q2GKMX?tag=eloabder-20&linkCode=osi&th=1&psc=1"><img src="https://m.media-amazon.com/images/I/51PSbL1vo1L._SL500_.jpg" alt="Product Image"></a><p>Accombe 2 in 1 Baby Stroller, Convertible Bassinet Pushchair for Infants and Newborns 0-36 Months</p><p> -23% 0FF </p><p>$154.99</p><a href="https://www.amazon.com/dp/B0D5Q2GKMX?tag=eloabder-20&linkCode=osi&th=1&psc=1">View Product</a></div><div class="product"><a href="https://www.amazon.com/dp/B01FCDWZFC?tag=eloabder-20&linkCode=osi&th=1&psc=1"><img src="https://m.media-amazon.com/images/I/41jrn+R3+0L._SL500_.jpg" alt="Product Image"></a><p>Baby Trend Range Jogger Stroller, Millennium</p><p> -36% 0FF </p><p>$90.08</p><a href="https://www.amazon.com/dp/B01FCDWZFC?tag=eloabder-20&linkCode=osi&th=1&psc=1">View Product</a></div><div class="product"><a href="https://www.amazon.com/dp/B0BSP4K34F?tag=eloabder-20&linkCode=osi&th=1&psc=1"><img src="https://m.media-amazon.com/images/I/41zs0EAVv0L._SL500_.jpg" alt="Product Image"></a><p>Summer by Ingenuity 3Dquickclose CS+ Compact Fold Stroller, Car-Seat Compatible, Lightweight Stroller with Oversized Canopy, Extra-Large Storage</p><p> -19% 0FF </p><p>$80.74</p><a href="https://www.amazon.com/dp/B0BSP4K34F?tag=eloabder-20&linkCode=osi&th=1&psc=1">View Product</a></div><div class="product"><a href="https://www.amazon.com/dp/B08K2YFNDW?tag=eloabder-20&linkCode=osi&th=1&psc=1"><img src="https://m.media-amazon.com/images/I/41USzhsByBL._SL500_.jpg" alt="Product Image"></a><p>Graco Ready2Grow LX 2.0 Double Stroller Features Bench Seat and Standing Platform Options, Clark</p><p> -20% 0FF </p><p>$215.99</p><a href="https://www.amazon.com/dp/B08K2YFNDW?tag=eloabder-20&linkCode=osi&th=1&psc=1">View Product</a></div><div class="product"><a href="https://www.amazon.com/dp/B09FL82SRC?tag=eloabder-20&linkCode=osi&th=1&psc=1"><img src="https://m.media-amazon.com/images/I/41oWEq1J+SL._SL500_.jpg" alt="Product Image"></a><p>Mompush Wiz 2-in-1 Convertible Baby Stroller with Bassinet Mode - Foldable Infant Stroller to Explore More as a Family - Toddler Stroller with Reversible Stroller Seat</p><p> -30% 0FF </p><p>$159.99</p><a href="https://www.amazon.com/dp/B09FL82SRC?tag=eloabder-20&linkCode=osi&th=1&psc=1">View Product</a></div><div class="product"><a href="https://www.amazon.com/dp/B01JRY00C2?tag=eloabder-20&linkCode=osi&th=1&psc=1"><img src="https://m.media-amazon.com/images/I/41oyBwt71IL._SL500_.jpg" alt="Product Image"></a><p>Safety 1st Smooth Ride Travel System Stroller and Car Seat OnBoard™ FLX - Efficient Infant Car Seat Stroller and Infant Car Seat and Stroller Combo, Monument</p><p> -9% 0FF </p><p>$199.99</p><a href="https://www.amazon.com/dp/B01JRY00C2?tag=eloabder-20&linkCode=osi&th=1&psc=1">View Product</a></div>
<div class="product"><a href="https://www.amazon.com/dp/B08K2CN246?tag=eloabder-20&linkCode=osi&th=1&psc=1"><img src="https://m.media-amazon.com/images/I/41kw6Z5JVpL._SL500_.jpg" alt="Product Image"></a><p>Graco Soothe My Way with Removable Rocker, Madden - Versatile Baby Swing & Portable Rocker</p><p> -5% 0FF </p><p>$199.99</p><a href="https://www.amazon.com/dp/B08K2CN246?tag=eloabder-20&linkCode=osi&th=1&psc=1">View Product</a></div><div class="product"><a href="https://www.amazon.com/dp/B0CPTD1PS8?tag=eloabder-20&linkCode=osi&th=1&psc=1"><img src="https://m.media-amazon.com/images/I/31mjNCs4A0L._SL500_.jpg" alt="Product Image"></a><p>Maxi-Cosi Cassia Baby Swings for Infants: Smart Portable Baby Swing with Music, Lightweight & Foldable Baby Swing, 360 Rotation Infant Swing, Classic Oat</p><p> -14% 0FF </p><p>$172.65</p><a href="https://www.amazon.com/dp/B0CPTD1PS8?tag=eloabder-20&linkCode=osi&th=1&psc=1">View Product</a></div>
<div class="product"><a href="https://www.amazon.com/dp/B0795ZW85G?tag=eloabder-20&linkCode=osi&th=1&psc=1"><img src="https://m.media-amazon.com/images/I/41MJ3gfs90L._SL500_.jpg" alt="Product Image"></a><p>Kinsa Smart,Fever, Digital Medical Baby, Kid and Adult Termometro - Accurate, Fast, FDA Cleared Thermometer for Oral, Armpit or Rectal Temperature Reading - QuickCare</p><p> -27% 0FF </p><p>$21.97</p><a href="https://www.amazon.com/dp/B0795ZW85G?tag=eloabder-20&linkCode=osi&th=1&psc=1">View Product</a></div>
<div class="product"><a href="https://www.amazon.com/dp/B0866RV9SM?tag=eloabder-20&linkCode=osi&th=1&psc=1"><img src="https://m.media-amazon.com/images/I/41n5jaf1l8L._SL500_.jpg" alt="Product Image"></a><p>Dr. Brown's Infant-to-Toddler Training Toothbrush Set with Fluoride-Free Baby Toothpaste, Strawberry - Giraffe - 1.4oz - 0-3 years</p><p> -9% 0FF </p><p>$8.19</p><a href="https://www.amazon.com/dp/B0866RV9SM?tag=eloabder-20&linkCode=osi&th=1&psc=1">View Product</a></div>
<div class="product"><a href="https://www.amazon.com/dp/B079KV58DJ?tag=eloabder-20&linkCode=osi&th=1&psc=1"><img src="https://m.media-amazon.com/images/I/31a0bFQr94L._SL500_.jpg" alt="Product Image"></a><p>Dr. Talbot's Baby Toothpaste Naturally Inspired with Citroganix and Silicone Finger Gum Massager, Vanilla Milk Flavor</p><p> -35% 0FF </p><p>$3.87</p><a href="https://www.amazon.com/dp/B079KV58DJ?tag=eloabder-20&linkCode=osi&th=1&psc=1">View Product</a></div><div class="product"><a href="https://www.amazon.com/dp/B07GT9YRXD?tag=eloabder-20&linkCode=osi&th=1&psc=1"><img src="https://m.media-amazon.com/images/I/416EJX6PtPL._SL500_.jpg" alt="Product Image"></a><p>Baby Toothpaste 6 to 12 Months - Rain Fluoride Free Tooth Paste Gel for Infant Toddler Kids 0-6 Years and Up, Safe to Swallow, 2.8 Oz, Babies Training, Xylitol, Vitamin C, Vegan, SLS Free, Gluten Free</p><p> -25% 0FF </p><p>$13.94</p><a href="https://www.amazon.com/dp/B07GT9YRXD?tag=eloabder-20&linkCode=osi&th=1&psc=1">View Product</a></div>
<div class="product"><a href="https://www.amazon.com/dp/B0B9BMFS4X?tag=eloabder-20&linkCode=osi&th=1&psc=1"><img src="https://m.media-amazon.com/images/I/51QOy--SVyL._SL500_.jpg" alt="Product Image"></a><p>HOMEXCEL Baby Washcloths 24 Pack-Microfiber Coral Fleece Baby Bath Face Towel 7 x 9 Inch Extra Absorbent and Soft Burp Cloth and Wash Cloths for Newborn-Infants and Toddlers-Gentle On Sensitive Skin</p><p> -10% 0FF </p><p>$8.99</p><a href="https://www.amazon.com/dp/B0B9BMFS4X?tag=eloabder-20&linkCode=osi&th=1&psc=1">View Product</a></div>
<div class="product"><a href="https://www.amazon.com/dp/B00M2AAYG6?tag=eloabder-20&linkCode=osi&th=1&psc=1"><img src="https://m.media-amazon.com/images/I/41fixA-oZyL._SL500_.jpg" alt="Product Image"></a><p>Smart Steps 3.0 Activity Walker, Emily</p><p> -20% 0FF </p><p>$39.98</p><a href="https://www.amazon.com/dp/B00M2AAYG6?tag=eloabder-20&linkCode=osi&th=1&psc=1">View Product</a></div><div class="product"><a href="https://www.amazon.com/dp/B0C4PB4QN3?tag=eloabder-20&linkCode=osi&th=1&psc=1"><img src="https://m.media-amazon.com/images/I/41a0CSHVcBL._SL500_.jpg" alt="Product Image"></a><p>Wismind Baby Walker Foldable with 9 Adjustable Heights, Baby Walkers and Activity Center for Boys Girls Babies 7-18 Months, Baby Walker with Wheels Portable</p><p> -30% 0FF </p><p>$69.99</p><a href="https://www.amazon.com/dp/B0C4PB4QN3?tag=eloabder-20&linkCode=osi&th=1&psc=1">View Product</a></div><div class="product"><a href="https://www.amazon.com/dp/B074ZDNJBD?tag=eloabder-20&linkCode=osi&th=1&psc=1"><img src="https://m.media-amazon.com/images/I/41WJhym-67L._SL500_.jpg" alt="Product Image"></a><p>Fisher-Price Baby Toy Laugh & Learn Smart Stages Learn with Puppy Walker with Music Lights & Activities for Infants Ages 6+ Months</p><p> -20% 0FF </p><p>$19.97</p><a href="https://www.amazon.com/dp/B074ZDNJBD?tag=eloabder-20&linkCode=osi&th=1&psc=1">View Product</a></div><div class="product"><a href="https://www.amazon.com/dp/B0CPP7HFVY?tag=eloabder-20&linkCode=osi&th=1&psc=1"><img src="https://m.media-amazon.com/images/I/51L9TuZYYDL._SL500_.jpg" alt="Product Image"></a><p>Tiny Land Wooden Baby Walker, Baby Push Walker, Montessori Walker Toy, Adjustable Speed Baby Walker for Boys and Girls, Baby Activity Center, Push Toys for Kids Development</p><p> -6% 0FF </p><p>$79.99</p><a href="https://www.amazon.com/dp/B0CPP7HFVY?tag=eloabder-20&linkCode=osi&th=1&psc=1">View Product</a></div><div class="product"><a href="https://www.amazon.com/dp/B09QNK7BD9?tag=eloabder-20&linkCode=osi&th=1&psc=1"><img src="https://m.media-amazon.com/images/I/417kGxszQCL._SL500_.jpg" alt="Product Image"></a><p>Bright Starts Disney Baby Minnie Mouse Forever Besties 2-in-1 Baby Activity Walker - Easy Fold Frame and Removable -Toy Station, 6 Months and up</p><p> -17% 0FF </p><p>$49.98</p><a href="https://www.amazon.com/dp/B09QNK7BD9?tag=eloabder-20&linkCode=osi&th=1&psc=1">View Product</a></div>
<div class="product"><a href="https://www.amazon.com/dp/B078XYF78X?tag=eloabder-20&linkCode=osi&th=1&psc=1"><img src="https://m.media-amazon.com/images/I/41cDmYF13wL._SL500_.jpg" alt="Product Image"></a><p>Huggies Simply Clean Fragrance-Free Baby Wipes, Unscented Diaper Wipes, 1 Flip-Top Pack (64 Wipes Total)</p><p> -21% 0FF </p><p>$2.17 ($3.39 / 100 Count)</p><a href="https://www.amazon.com/dp/B078XYF78X?tag=eloabder-20&linkCode=osi&th=1&psc=1">View Product</a></div><div class="product"><a href="https://www.amazon.com/dp/B08QRT84WJ?tag=eloabder-20&linkCode=osi&th=1&psc=1"><img src="https://m.media-amazon.com/images/I/51vfRHDV3QL._SL500_.jpg" alt="Product Image"></a><p>Huggies Natural Care Sensitive Baby Wipes, Unscented, Hypoallergenic, 6 Flip-Top Packs (288 Wipes Total)</p><p> -15% 0FF </p><p>$11.33 ($3.93 / 100 Count)</p><a href="https://www.amazon.com/dp/B08QRT84WJ?tag=eloabder-20&linkCode=osi&th=1&psc=1">View Product</a></div><div class="product"><a href="https://www.amazon.com/dp/B0CNSCVGPH?tag=eloabder-20&linkCode=osi&th=1&psc=1"><img src="https://m.media-amazon.com/images/I/51oFmARUYLL._SL500_.jpg" alt="Product Image"></a><p>Huggies Simply Clean Fresh Scent Baby Wipes, 3 Flip-Top Packs of 64 (192 Wipes Total)</p><p> -13% 0FF </p><p>$6.77 ($3.53 / 100 Count)</p><a href="https://www.amazon.com/dp/B0CNSCVGPH?tag=eloabder-20&linkCode=osi&th=1&psc=1">View Product</a></div><div class="product"><a href="https://www.amazon.com/dp/B07KGL6L56?tag=eloabder-20&linkCode=osi&th=1&psc=1"><img src="https://m.media-amazon.com/images/I/41mNPe9fqbL._SL500_.jpg" alt="Product Image"></a><p>Pampers Baby Clean Wipes, Baby Fresh Scented Baby Wipes, 72 Baby Wipes Total (1 Flip-Top Pack)</p><p> -27% 0FF </p><p>$2.49 ($3.46 / 100 Count)</p><a href="https://www.amazon.com/dp/B07KGL6L56?tag=eloabder-20&linkCode=osi&th=1&psc=1">View Product</a></div><div class="product"><a href="https://www.amazon.com/dp/B07XMFVN95?tag=eloabder-20&linkCode=osi&th=1&psc=1"><img src="https://m.media-amazon.com/images/I/51-VIf1JGuL._SL500_.jpg" alt="Product Image"></a><p>Amazon Brand - Mama Bear Gentle Fragrance Free Baby Wipes, Hypoallergenic, Sensitive Skin, Unscented, 800 Count (8 Packs of 100)</p><p> -11% 0FF </p><p>$20.59</p><a href="https://www.amazon.com/dp/B07XMFVN95?tag=eloabder-20&linkCode=osi&th=1&psc=1">View Product</a></div>
<div class="product"><a href="https://www.amazon.com/dp/B082PSKBXV?tag=eloabder-20&linkCode=osi&th=1&psc=1"><img src="https://m.media-amazon.com/images/I/41e-U+REwlL._SL500_.jpg" alt="Product Image"></a><p>Baby Wrap Carrier Jeroray Hands Free Infant Carrier,Lightweight,Breathable,Softness,Heather Grey</p><p> -11% 0FF </p><p>$19.59</p><a href="https://www.amazon.com/dp/B082PSKBXV?tag=eloabder-20&linkCode=osi&th=1&psc=1">View Product</a></div>
<div class="product"><a href="https://www.amazon.com/dp/B0771L5HN5?tag=eloabder-20&linkCode=osi&th=1&psc=1"><img src="https://m.media-amazon.com/images/I/51pAl1My4tL._SL500_.jpg" alt="Product Image"></a><p>Corner Protector for Baby, Protectors Guards, Furniture Corner Guard & Edge Safety Bumpers - Baby Proof Bumper Cushion - Clear & Transparent (12 Pack)</p><p> -11% 0FF </p><p>$7.98 ($0.66 / Count)</p><a href="https://www.amazon.com/dp/B0771L5HN5?tag=eloabder-20&linkCode=osi&th=1&psc=1">View Product</a></div><div class="product"><a href="https://www.amazon.com/dp/B07CNS8W5Y?tag=eloabder-20&linkCode=osi&th=1&psc=1"><img src="https://m.media-amazon.com/images/I/41Hxr+wFkkL._SL500_.jpg" alt="Product Image"></a><p>12 Pack Corner Guards Corner Protectors Baby Proof Furniture Corner & Edge Safety Bumpers, Table Corner Protector for Furniture Corner Covers Baby Safety</p><p> -17% 0FF </p><p>$4.99</p><a href="https://www.amazon.com/dp/B07CNS8W5Y?tag=eloabder-20&linkCode=osi&th=1&psc=1">View Product</a></div>
<div class="product"><a href="https://www.amazon.com/dp/B0BDFB3LW6?tag=eloabder-20&linkCode=osi&th=1&psc=1"><img src="https://m.media-amazon.com/images/I/31HyDb7637L._SL500_.jpg" alt="Product Image"></a><p>Baby Proofing Cabinets,Cabinet Locks for Babies,U-Shaped Child Locks for Cabinets, Child Proof Cabinet Latches,Child Safety Cabinet Locks with Adjustable by SPISPI (Pack of 2)</p><p> -30% 0FF </p><p>$6.99</p><a href="https://www.amazon.com/dp/B0BDFB3LW6?tag=eloabder-20&linkCode=osi&th=1&psc=1">View Product</a></div><div class="product"><a href="https://www.amazon.com/dp/B07GRNTXJZ?tag=eloabder-20&linkCode=osi&th=1&psc=1"><img src="https://m.media-amazon.com/images/I/41WR7vsRvML._SL500_.jpg" alt="Product Image"></a><p>Upgraded Invisible Baby Proofing Cabinet Latch Locks (10 Pack) - No Drilling or Tools Required for Installation, Works with Most Cabinets and Drawers, Works with Countertop Overhangs, Highly Secure</p><p> -33% 0FF </p><p>$19.99</p><a href="https://www.amazon.com/dp/B07GRNTXJZ?tag=eloabder-20&linkCode=osi&th=1&psc=1">View Product</a></div><div class="product"><a href="https://www.amazon.com/dp/B07TV9QY16?tag=eloabder-20&linkCode=osi&th=1&psc=1"><img src="https://m.media-amazon.com/images/I/31CzUhfEf9S._SL500_.jpg" alt="Product Image"></a><p>Child Safety Cabinet Locks - (10 Pack) Baby Proofing Latches to Drawer Door Fridge Oven Toilet Seat Kitchen Cupboard Appliance Trash Can with 3M Adhesive - Adjustable Strap No Drill No Tool</p><p> -25% 0FF </p><p>$14.99</p><a href="https://www.amazon.com/dp/B07TV9QY16?tag=eloabder-20&linkCode=osi&th=1&psc=1">View Product</a></div><div class="product"><a href="https://www.amazon.com/dp/B0D7W79D9T?tag=eloabder-20&linkCode=osi&th=1&psc=1"><img src="https://m.media-amazon.com/images/I/31awaiU9CVL._SL500_.jpg" alt="Product Image"></a><p>Baby Proofing Cabinets, Sliding Cabinet Locks for Babies, Adjustable U Shaped Baby Safety Locks, Childproof Cabinet Latch for Kitchen, Bathroom, Drawer, Cupboard Doors Knobs & Handles (2Pack White)</p><p> -25% 0FF </p><p>$2.99</p><a href="https://www.amazon.com/dp/B0D7W79D9T?tag=eloabder-20&linkCode=osi&th=1&psc=1">View Product</a></div><div class="product"><a href="https://www.amazon.com/dp/B07K2PWN19?tag=eloabder-20&linkCode=osi&th=1&psc=1"><img src="https://m.media-amazon.com/images/I/41UlC3lEJaS._SL500_.jpg" alt="Product Image"></a><p>Cabinet Locks - Adoric Life Child Safety Locks 4 Pack - Baby Safety Cabinet Locks - Baby Proofing Cabinet Kitchen System with Strong Adhesive Tape</p><p> -46% 0FF </p><p>$6.99</p><a href="https://www.amazon.com/dp/B07K2PWN19?tag=eloabder-20&linkCode=osi&th=1&psc=1">View Product</a></div>
<div class="product"><a href="https://www.amazon.com/dp/B007IUOG5A?tag=eloabder-20&linkCode=osi&th=1&psc=1"><img src="https://m.media-amazon.com/images/I/31+8zGGzplL._SL500_.jpg" alt="Product Image"></a><p>Safety Innovations Twin Door Baby Safety Outlet Cover Box for Babyproofing Outlets - More Interior Space for Extra Large Electrical Plugs and Adapters - Easy to Install - Easy to Use, (1-Pack)</p><p> -33% 0FF </p><p>$9.95</p><a href="https://www.amazon.com/dp/B007IUOG5A?tag=eloabder-20&linkCode=osi&th=1&psc=1">View Product</a></div><div class="product"><a href="https://www.amazon.com/dp/B000HKVG9C?tag=eloabder-20&linkCode=osi&th=1&psc=1"><img src="https://m.media-amazon.com/images/I/41RdFKMVyCL._SL500_.jpg" alt="Product Image"></a><p>Safety 1st Outlet Cover with Cord Shortener for Baby Proofing</p><p> -9% 0FF </p><p>$4.98</p><a href="https://www.amazon.com/dp/B000HKVG9C?tag=eloabder-20&linkCode=osi&th=1&psc=1">View Product</a></div><div class="product"><a href="https://www.amazon.com/dp/B01N7H7J47?tag=eloabder-20&linkCode=osi&th=1&psc=1"><img src="https://m.media-amazon.com/images/I/414dT3xocLL._SL500_.jpg" alt="Product Image"></a><p>Outlet Covers Baby Proofing (50 Pack) Safe & Secure Electric Plug Protectors | Sturdy Childproof Socket Covers for Home & Office | Easy Installation | Protect Toddlers & Babies | White</p><p> -31% 0FF </p><p>$8.99</p><a href="https://www.amazon.com/dp/B01N7H7J47?tag=eloabder-20&linkCode=osi&th=1&psc=1">View Product</a></div>
<div class="product"><a href="https://www.amazon.com/dp/B08SQYKXCH?tag=eloabder-20&linkCode=osi&th=1&psc=1"><img src="https://m.media-amazon.com/images/I/51NMUNJ6CmL._SL500_.jpg" alt="Product Image"></a><p>Baby Proofing Edge Corner Protector, Table Bumper Guard, Soft Rubber Foam Guard, 3M Pre-Taped Corners, 20.5 ft (18.1ft Edge + 8 Corners) Baby Proof Corner Guard Heavy-Duty (18.1ft, Cream White)</p><p> -5% 0FF </p><p>$15.75</p><a href="https://www.amazon.com/dp/B08SQYKXCH?tag=eloabder-20&linkCode=osi&th=1&psc=1">View Product</a></div>
<div class="product"><a href="https://www.amazon.com/dp/B082LN53Y4?tag=eloabder-20&linkCode=osi&th=1&psc=1"><img src="https://m.media-amazon.com/images/I/51MQ1RC2tuL._SL500_.jpg" alt="Product Image"></a><p>Baby Car Mirror Most Stable Backseat Mirror with Premium Matte Finish-Super Clear PMMA Material Mirror-Safe, Secure and Shatterproof,Black</p><p> -53% 0FF </p><p>$7.99</p><a href="https://www.amazon.com/dp/B082LN53Y4?tag=eloabder-20&linkCode=osi&th=1&psc=1">View Product</a></div><div class="product"><a href="https://www.amazon.com/dp/B07MT8HXVC?tag=eloabder-20&linkCode=osi&th=1&psc=1"><img src="https://m.media-amazon.com/images/I/51lvNQUNxjL._SL500_.jpg" alt="Product Image"></a><p>Baby Car Mirror, DARVIQS Seat Safely Monitor Infant Child in Rear Facing Seat, Wide View Shatterproof Adjustable Acrylic 360°for Backseat, Crash Tested and Certified for Safety</p><p> -15% 0FF </p><p>$12.69</p><a href="https://www.amazon.com/dp/B07MT8HXVC?tag=eloabder-20&linkCode=osi&th=1&psc=1">View Product</a></div><div class="product"><a href="https://www.amazon.com/dp/B01K478YBA?tag=eloabder-20&linkCode=osi&th=1&psc=1"><img src="https://m.media-amazon.com/images/I/413tQ4nkWHL._SL500_.jpg" alt="Product Image"></a><p>Shynerk Baby Car Mirror, Rear Facing Car Seat Mirror Safety for Infant Newborn, Baby Mirror with Wide Rearview & 360° Rotation, Shatterproof & Easy Assembled Crash Tested</p><p> -38% 0FF </p><p>$15.99</p><a href="https://www.amazon.com/dp/B01K478YBA?tag=eloabder-20&linkCode=osi&th=1&psc=1">View Product</a></div><div class="product"><a href="https://www.amazon.com/dp/B08FLH1SHC?tag=eloabder-20&linkCode=osi&th=1&psc=1"><img src="https://m.media-amazon.com/images/I/31HQAIIlPlL._SL500_.jpg" alt="Product Image"></a><p>Munchkin® Brica® 360 Pivot Baby in-Sight® Wide Angle Adjustable Car Mirror, Crash Tested and Shatter Resistant, Black</p><p> -11% 0FF </p><p>$20.52</p><a href="https://www.amazon.com/dp/B08FLH1SHC?tag=eloabder-20&linkCode=osi&th=1&psc=1">View Product</a></div><div class="product"><a href="https://www.amazon.com/dp/B0DD43HCBS?tag=eloabder-20&linkCode=osi&th=1&psc=1"><img src="https://m.media-amazon.com/images/I/411RbPJWuRL._SL500_.jpg" alt="Product Image"></a><p>WZBB Baby Car Mirror with Light - Remote Control, 360° Adjustable, Shatter Resistant, Clear Night Vision, Easy Installation for Rear Facing Infants and Toddlers</p><p> -22% 0FF </p><p>$27.98</p><a href="https://www.amazon.com/dp/B0DD43HCBS?tag=eloabder-20&linkCode=osi&th=1&psc=1">View Product</a></div>
<div class="product"><a href="https://www.amazon.com/dp/B000JVCJDQ?tag=eloabder-20&linkCode=osi&th=1&psc=1"><img src="https://m.media-amazon.com/images/I/41o-rEGfj5L._SL500_.jpg" alt="Product Image"></a><p>Earth Mama Organic Diaper Balm | Diaper Cream with Calendula | Calm Skin Baby Essentials for Diaper Bag |Multipurpose Baby Ointment, 2-Fluid Ounce (2-Pack)</p><p> -30% 0FF </p><p>$26.58</p><a href="https://www.amazon.com/dp/B000JVCJDQ?tag=eloabder-20&linkCode=osi&th=1&psc=1">View Product</a></div><div class="product"><a href="https://www.amazon.com/dp/B006YTX0HQ?tag=eloabder-20&linkCode=osi&th=1&psc=1"><img src="https://m.media-amazon.com/images/I/41WJwvRm5aL._SL500_.jpg" alt="Product Image"></a><p>Burt's Bees Christmas Gifts, Baby 100% Natural Multipurpose Healing Ointment, Face & Body Baby Ointment – 7.5 Ounce Tub</p><p> -16% 0FF </p><p>$7.59 ($1.01 / Ounce)</p><a href="https://www.amazon.com/dp/B006YTX0HQ?tag=eloabder-20&linkCode=osi&th=1&psc=1">View Product</a></div><div class="product"><a href="https://www.amazon.com/dp/B01HI7VY84?tag=eloabder-20&linkCode=osi&th=1&psc=1"><img src="https://m.media-amazon.com/images/I/41tnCnueEWL._SL500_.jpg" alt="Product Image"></a><p>Aveeno Baby Eczema Therapy Nighttime Moisturizing Body Balm, Nourishing Skin Protectant Soothes & Relieves Dry, Itchy Skin from Eczema, Hypoallergenic, Fragrance- & Steroid-Free, 11 oz</p><p> -28% 0FF </p><p>$19.37 ($1.76 / Ounce)</p><a href="https://www.amazon.com/dp/B01HI7VY84?tag=eloabder-20&linkCode=osi&th=1&psc=1">View Product</a></div><div class="product"><a href="https://www.amazon.com/dp/B078B9JPLX?tag=eloabder-20&linkCode=osi&th=1&psc=1"><img src="https://m.media-amazon.com/images/I/31V-kg6EG5L._SL500_.jpg" alt="Product Image"></a><p>Earth Mama Organic Baby Face Nose & Cheek Balm | Moisturizer with Calendula Oil for Dry Skin Care, Natural Petroleum Jelly Alternative (2-Fluid Ounce)</p><p> -9% 0FF </p><p>$9.99 ($5.00 / Ounce)</p><a href="https://www.amazon.com/dp/B078B9JPLX?tag=eloabder-20&linkCode=osi&th=1&psc=1">View Product</a></div>
<div class="product"><a href="https://www.amazon.com/dp/B0C6V4KH59?tag=eloabder-20&linkCode=osi&th=1&psc=1"><img src="https://m.media-amazon.com/images/I/41-m52lOZwL._SL500_.jpg" alt="Product Image"></a><p>HALO Baby Flex BassiNest, Adjustable Travel Bassinet, Easy Folding, Lightweight with Mattress and Carrying Bag, Morning Mist</p><p> -50% 0FF </p><p>$49.99</p><a href="https://www.amazon.com/dp/B0C6V4KH59?tag=eloabder-20&linkCode=osi&th=1&psc=1">View Product</a></div><div class="product"><a href="https://www.amazon.com/dp/B0C7VRMHYY?tag=eloabder-20&linkCode=osi&th=1&psc=1"><img src="https://m.media-amazon.com/images/I/41XOT8oQMML._SL500_.jpg" alt="Product Image"></a><p>AirClub Bassinet Bedside Sleeper, Baby Crib for Newborn, Baby Bassinets Bedside Sleeper with 4 Auto-Lock & Adjustable Height, Breathable Mesh & Mattress, Bedside Bassinet</p><p> -25% 0FF </p><p>$149.99</p><a href="https://www.amazon.com/dp/B0C7VRMHYY?tag=eloabder-20&linkCode=osi&th=1&psc=1">View Product</a></div><div class="product"><a href="https://www.amazon.com/dp/B0CB3HVPL7?tag=eloabder-20&linkCode=osi&th=1&psc=1"><img src="https://m.media-amazon.com/images/I/41AO8J-9fZL._SL500_.jpg" alt="Product Image"></a><p>Fodoss Baby Bassinets Bedside Sleeper - All Mesh Bedside Bassinet with Wheels, 7 Height Adjustable Baby Bassinet for Infants, Beige</p><p> -10% 0FF </p><p>$89.99</p><a href="https://www.amazon.com/dp/B0CB3HVPL7?tag=eloabder-20&linkCode=osi&th=1&psc=1">View Product</a></div><div class="product"><a href="https://www.amazon.com/dp/B0CXG8NVBP?tag=eloabder-20&linkCode=osi&th=1&psc=1"><img src="https://m.media-amazon.com/images/I/3173PjIYwrL._SL500_.jpg" alt="Product Image"></a><p>Graco® SmartSense™ Soothing Baby Bassinet – Smart Newborn Bassinet Detects and Automatically Responds to Baby's Cries – for Newborn Babies to 6 Months</p><p> -20% 0FF </p><p>$319.99</p><a href="https://www.amazon.com/dp/B0CXG8NVBP?tag=eloabder-20&linkCode=osi&th=1&psc=1">View Product</a></div><div class="product"><a href="https://www.amazon.com/dp/B08K3314ZL?tag=eloabder-20&linkCode=osi&th=1&psc=1"><img src="https://m.media-amazon.com/images/I/41pUDfJ9dAL._SL500_.jpg" alt="Product Image"></a><p>Graco Pack 'n Play Close2Baby Bassinet Playard Features Portable Bassinet Diaper Changer and More, Derby</p><p> -6% 0FF </p><p>$188.09</p><a href="https://www.amazon.com/dp/B08K3314ZL?tag=eloabder-20&linkCode=osi&th=1&psc=1">View Product</a></div><div class="product"><a href="https://www.amazon.com/dp/B0CTKT6641?tag=eloabder-20&linkCode=osi&th=1&psc=1"><img src="https://m.media-amazon.com/images/I/31pNKDUBgDL._SL500_.jpg" alt="Product Image"></a><p>Baby Delight Beside Me Dreamer Bassinet | Bedside Sleeper & Baby Bassinet | 6-Position Height Adjustment | 100% GOTS Certified Organic Cotton Fabric | Organic Mocha</p><p> -22% 0FF </p><p>$139.99</p><a href="https://www.amazon.com/dp/B0CTKT6641?tag=eloabder-20&linkCode=osi&th=1&psc=1">View Product</a></div><div class="product"><a href="https://www.amazon.com/dp/B09XHKL683?tag=eloabder-20&linkCode=osi&th=1&psc=1"><img src="https://m.media-amazon.com/images/I/611wEYRVaUL._SL500_.jpg" alt="Product Image"></a><p>Baby Bassinet Bedside Sleeper, besrey Bedside Bassinet for Newborn Infant with Comfy Mattress, 9 Height Positions, Adjustable Bedside Crib with 360° Swivel Wheels Bassinet for Baby with Storage Basket</p><p> -27% 0FF </p><p>$153.99</p><a href="https://www.amazon.com/dp/B09XHKL683?tag=eloabder-20&linkCode=osi&th=1&psc=1">View Product</a></div>
<div class="product"><a href="https://www.amazon.com/dp/B08CNM6DZT?tag=eloabder-20&linkCode=osi&th=1&psc=1"><img src="https://m.media-amazon.com/images/I/51D5+ArDsWL._SL500_.jpg" alt="Product Image"></a><p>Comfortable Bath Kneeler and Elbow Kneeling Rest Pad for Baby Bathing Parents - Painless Foam Mat with Toy Organizer Pockets - Quick Drying, Foldable, Non-Slip for Baby and Toddler Bathing</p><p> -20% 0FF </p><p>$41.97</p><a href="https://www.amazon.com/dp/B08CNM6DZT?tag=eloabder-20&linkCode=osi&th=1&psc=1">View Product</a></div><div class="product"><a href="https://www.amazon.com/dp/B07FK58QB1?tag=eloabder-20&linkCode=osi&th=1&psc=1"><img src="https://m.media-amazon.com/images/I/41qpzgGaHVL._SL500_.jpg" alt="Product Image"></a><p>Skip Hop Moby Bath Kneeler, Grey</p><p> -20% 0FF </p><p>$14.39</p><a href="https://www.amazon.com/dp/B07FK58QB1?tag=eloabder-20&linkCode=osi&th=1&psc=1">View Product</a></div><div class="product"><a href="https://www.amazon.com/dp/B081T5449V?tag=eloabder-20&linkCode=osi&th=1&psc=1"><img src="https://m.media-amazon.com/images/I/41bxm5Tx9BL._SL500_.jpg" alt="Product Image"></a><p>Toodly Baby Bath Kneeler and Elbow Rest Pad Set - Baby Bath Support for Knees and Elbows - Bath Kneeler Pad with Memory Foam and Bath Toys Organizer - Ideal Bath Kneeling Pad for Bathing Baby - Grey</p><p> -33% 0FF </p><p>$39.99</p><a href="https://www.amazon.com/dp/B081T5449V?tag=eloabder-20&linkCode=osi&th=1&psc=1">View Product</a></div><div class="product"><a href="https://www.amazon.com/dp/B07K1W7WN5?tag=eloabder-20&linkCode=osi&th=1&psc=1"><img src="https://m.media-amazon.com/images/I/31c0BxxJKZL._SL500_.jpg" alt="Product Image"></a><p>Skip Hop Baby Bath All-in-One Elbow Saver and Kneeler, Moby, Grey</p><p> -22% 0FF </p><p>$29.49</p><a href="https://www.amazon.com/dp/B07K1W7WN5?tag=eloabder-20&linkCode=osi&th=1&psc=1">View Product</a></div><div class="product"><a href="https://www.amazon.com/dp/B0CP48MH77?tag=eloabder-20&linkCode=osi&th=1&psc=1"><img src="https://m.media-amazon.com/images/I/41hoDZTiOEL._SL500_.jpg" alt="Product Image"></a><p>Efforest Baby Bath Kneeler and Elbow Rest Pad Set, 1.5" Thick Kneeling Pad for Baby Bath, Bathtub Kneeling pad with Toy Organizer for Knee & Arm Support, Non-Slip Mat for Baby & Toddler Bath</p><p> -50% 0FF </p><p>$17.48</p><a href="https://www.amazon.com/dp/B0CP48MH77?tag=eloabder-20&linkCode=osi&th=1&psc=1">View Product</a></div><div class="product"><a href="https://www.amazon.com/dp/B07WQTV19X?tag=eloabder-20&linkCode=osi&th=1&psc=1"><img src="https://m.media-amazon.com/images/I/41KGpUoWZ-S._SL500_.jpg" alt="Product Image"></a><p>Bath Kneeler and Elbow Rest Pad, 1.75 inch Extra Thick Baby Bath Kneeling Pad and Elbow Pad for Bathtub. Bath Tub Elbow Pad with Infant Toy and Baby Accessories Organizer, Grey</p><p> -13% 0FF </p><p>$34.99</p><a href="https://www.amazon.com/dp/B07WQTV19X?tag=eloabder-20&linkCode=osi&th=1&psc=1">View Product</a></div>
<div class="product"><a href="https://www.amazon.com/dp/B00I3K25R0?tag=eloabder-20&linkCode=osi&th=1&psc=1"><img src="https://m.media-amazon.com/images/I/41wucHZw+xL._SL500_.jpg" alt="Product Image"></a><p>Munchkin® Float & Play Bubbles™ Baby and Toddler Bath Toy, 4 Count</p><p> -35% 0FF </p><p>$6.15</p><a href="https://www.amazon.com/dp/B00I3K25R0?tag=eloabder-20&linkCode=osi&th=1&psc=1">View Product</a></div><div class="product"><a href="https://www.amazon.com/dp/B0C3VFVWYB?tag=eloabder-20&linkCode=osi&th=1&psc=1"><img src="https://m.media-amazon.com/images/I/41Cr35zwy4L._SL500_.jpg" alt="Product Image"></a><p>XY-WQ Bath Toys No Hole, for Infants 6-12& Toddlers 1-3, No Hole Bathtub Toys (Animal Ⅱ, 8 Pcs with Mesh Bag)</p><p> -25% 0FF </p><p>$11.99</p><a href="https://www.amazon.com/dp/B0C3VFVWYB?tag=eloabder-20&linkCode=osi&th=1&psc=1">View Product</a></div><div class="product"><a href="https://www.amazon.com/dp/B0D95ZDWD3?tag=eloabder-20&linkCode=osi&th=1&psc=1"><img src="https://m.media-amazon.com/images/I/51J3Myxu1lL._SL500_.jpg" alt="Product Image"></a><p>candyfouse Baby Whale Bath Toys,Whale Bath Toy Sprinkler, Light Up Bath Toys for Toddlers 1-3, Four Water Spray Patterns, Waterproof Design, Bathtub Fountain Spray Toy, Baby Birthday Shower Gifts</p><p> -40% 0FF </p><p>$5.99</p><a href="https://www.amazon.com/dp/B0D95ZDWD3?tag=eloabder-20&linkCode=osi&th=1&psc=1">View Product</a></div><div class="product"><a href="https://www.amazon.com/dp/B07Z22YMPN?tag=eloabder-20&linkCode=osi&th=1&psc=1"><img src="https://m.media-amazon.com/images/I/5101dLkJnoL._SL500_.jpg" alt="Product Image"></a><p>Toy Boat Bath Toys for Toddlers with 4 Mini Car Toys and 4 Bath Boat Squirters, Kids Ferry Boat for Bathtub Bathroom Pool Beach Toys</p><p> -50% 0FF </p><p>$13.47</p><a href="https://www.amazon.com/dp/B07Z22YMPN?tag=eloabder-20&linkCode=osi&th=1&psc=1">View Product</a></div><div class="product"><a href="https://www.amazon.com/dp/B0C72TGNHL?tag=eloabder-20&linkCode=osi&th=1&psc=1"><img src="https://m.media-amazon.com/images/I/51AOyTHwqrL._SL500_.jpg" alt="Product Image"></a><p>SplashEZ Mold Free Bath Toys for Babies & Toddlers, Car No Hole Bath Toys, Non Squirting Bath Toys No Mold for Tub, Beach, Pool, BPA-Free, Safe, Fun Infant Baby Bath Toys No Holes 0 1 3 6 12 18 Months</p><p> -38% 0FF </p><p>$9.99</p><a href="https://www.amazon.com/dp/B0C72TGNHL?tag=eloabder-20&linkCode=osi&th=1&psc=1">View Product</a></div>
<div class="product"><a href="https://www.amazon.com/dp/B078941ZC8?tag=eloabder-20&linkCode=osi&th=1&psc=1"><img src="https://m.media-amazon.com/images/I/31ltY+yutGL._SL500_.jpg" alt="Product Image"></a><p>Summer by Ingenuity My Bath Seat for Sit-Up Baby Bathing, Sure & Secure Suction Cups, ASTM Safety Tested & Approved, Backrest for Assisted Sitting, Easy Setup & Storage, Aqua</p><p> -34% 0FF </p><p>$23.16</p><a href="https://www.amazon.com/dp/B078941ZC8?tag=eloabder-20&linkCode=osi&th=1&psc=1">View Product</a></div><div class="product"><a href="https://www.amazon.com/dp/B0DCZ4F9MT?tag=eloabder-20&linkCode=osi&th=1&psc=1"><img src="https://m.media-amazon.com/images/I/31BF+egPyoL._SL500_.jpg" alt="Product Image"></a><p>Baby Bath Seat for Babies 6 Months & Up, Bath Seats for Babies Sitting Up, 3 Baby Bath Toys, Open Design, Non-Slip, Compact Toddler Bath Seat.</p><p> -6% 0FF </p><p>$39.99</p><a href="https://www.amazon.com/dp/B0DCZ4F9MT?tag=eloabder-20&linkCode=osi&th=1&psc=1">View Product</a></div><div class="product"><a href="https://www.amazon.com/dp/B0CSCYM2NW?tag=eloabder-20&linkCode=osi&th=1&psc=1"><img src="https://m.media-amazon.com/images/I/31Vbrx5q63L._SL500_.jpg" alt="Product Image"></a><p>Trankerloop Baby Bath Seat, Bath Seat for Baby 6 Month & up, Baby Bath tub Seat with Suction Cups, Non-Slip, Detachable, Pink</p><p> -11% 0FF </p><p>$39.99</p><a href="https://www.amazon.com/dp/B0CSCYM2NW?tag=eloabder-20&linkCode=osi&th=1&psc=1">View Product</a></div><div class="product"><a href="https://www.amazon.com/dp/B0CJF7WSCV?tag=eloabder-20&linkCode=osi&th=1&psc=1"><img src="https://m.media-amazon.com/images/I/41r0TqNTb+L._SL500_.jpg" alt="Product Image"></a><p>BKFEDLU Infant Bath Seat with Thermometer, Suction Cups, Toys - Toddler Bath Chair for Babies 6 Months & Up</p><p> -50% 0FF </p><p>$19.99</p><a href="https://www.amazon.com/dp/B0CJF7WSCV?tag=eloabder-20&linkCode=osi&th=1&psc=1">View Product</a></div><div class="product"><a href="https://www.amazon.com/dp/B0CRYFHT1G?tag=eloabder-20&linkCode=osi&th=1&psc=1"><img src="https://m.media-amazon.com/images/I/41nKT+O2y1L._SL500_.jpg" alt="Product Image"></a><p>Baby Bath Seat LDIIDII Baby Bathtub Seat Infant Bath Seat for Babies 6 Months&Up Sit Up Bathing in Tub,Toddler Bath Seat with Water Thermometer/4 Strong Suction Cup/3 Bath Toys/Shower Cap (Grey)</p><p> -50% 0FF </p><p>$19.99</p><a href="https://www.amazon.com/dp/B0CRYFHT1G?tag=eloabder-20&linkCode=osi&th=1&psc=1">View Product</a></div><div class="product"><a href="https://www.amazon.com/dp/B0D9VMXND1?tag=eloabder-20&linkCode=osi&th=1&psc=1"><img src="https://m.media-amazon.com/images/I/41UIJrNYB2L._SL500_.jpg" alt="Product Image"></a><p>Baby Bath Seat for Babies 6 Months & Up, Non-Slip Toddler Bath Seat for Baby Sitting Up, Safe Baby Bath tub Seat with Suction Cups, Soft Cushion, Baby Bath Chair, Gray</p><p> -13% 0FF </p><p>$39.99</p><a href="https://www.amazon.com/dp/B0D9VMXND1?tag=eloabder-20&linkCode=osi&th=1&psc=1">View Product</a></div><div class="product"><a href="https://www.amazon.com/dp/B0CR78TDQS?tag=eloabder-20&linkCode=osi&th=1&psc=1"><img src="https://m.media-amazon.com/images/I/41nFTXKoQGL._SL500_.jpg" alt="Product Image"></a><p>Wddbb Baby Bath Seat, Bath seat for Babies 6 Months & up, with Thermometer Bath Seats for Babies Sitting up, Non-Slip Toddler Bath Seat for Baby,Baby Bathtub Baby Bath Seats 6-24 Months (Gray)</p><p> -50% 0FF </p><p>$19.98</p><a href="https://www.amazon.com/dp/B0CR78TDQS?tag=eloabder-20&linkCode=osi&th=1&psc=1">View Product</a></div>
<div class="product"><a href="https://www.amazon.com/dp/B073GGVN3Q?tag=eloabder-20&linkCode=osi&th=1&psc=1"><img src="https://m.media-amazon.com/images/I/31vxBAs9CqL._SL500_.jpg" alt="Product Image"></a><p>b&h Baby Thermometer, The Infant Baby Bath Floating Toy Safety Temperature Water Thermometer (Classic Duck)</p><p> -6% 0FF </p><p>$15.99</p><a href="https://www.amazon.com/dp/B073GGVN3Q?tag=eloabder-20&linkCode=osi&th=1&psc=1">View Product</a></div><div class="product"><a href="https://www.amazon.com/dp/B0CBVTGRW2?tag=eloabder-20&linkCode=osi&th=1&psc=1"><img src="https://m.media-amazon.com/images/I/415ogBhdwML._SL500_.jpg" alt="Product Image"></a><p>Nuby Bath and Room Digital Thermometer - Baby Thermometer for Safe and Cozy Bath and Room Temperatures - Penguin</p><p> -20% 0FF </p><p>$11.99</p><a href="https://www.amazon.com/dp/B0CBVTGRW2?tag=eloabder-20&linkCode=osi&th=1&psc=1">View Product</a></div><div class="product"><a href="https://www.amazon.com/dp/B08HWBT9YD?tag=eloabder-20&linkCode=osi&th=1&psc=1"><img src="https://m.media-amazon.com/images/I/31SEPnY30NL._SL500_.jpg" alt="Product Image"></a><p>Doli Yearning Upgrade Baby Bath Thermometer Room Temperature| Water Thermometer|Kids' Bathroom Safety Products| Baby Bath(Seal Shape)℃/℉, LCD</p><p> -28% 0FF </p><p>$12.99</p><a href="https://www.amazon.com/dp/B08HWBT9YD?tag=eloabder-20&linkCode=osi&th=1&psc=1">View Product</a></div><div class="product"><a href="https://www.amazon.com/dp/B0CNCVSKWJ?tag=eloabder-20&linkCode=osi&th=1&psc=1"><img src="https://m.media-amazon.com/images/I/413jcI7ZoZL._SL500_.jpg" alt="Product Image"></a><p>Baby Bath Thermometer, Digital Water Temperature Thermometer with 3 Color Backlit and Temperature Warning, Safety Bath Tube Thermometer Floating Toy for Infant, Toddler</p><p> -7% 0FF </p><p>$12.99</p><a href="https://www.amazon.com/dp/B0CNCVSKWJ?tag=eloabder-20&linkCode=osi&th=1&psc=1">View Product</a></div><div class="product"><a href="https://www.amazon.com/dp/B01MY98912?tag=eloabder-20&linkCode=osi&th=1&psc=1"><img src="https://m.media-amazon.com/images/I/41HQEQLxeCL._SL500_.jpg" alt="Product Image"></a><p>Bath Thermometer - Bath Water Thermometer for Bathtub Baby Safety Water Temperature for Baby Bath - Easy to Use Bath Temperature Thermometer</p><p> -12% 0FF </p><p>$5.25</p><a href="https://www.amazon.com/dp/B01MY98912?tag=eloabder-20&linkCode=osi&th=1&psc=1">View Product</a></div><div class="product"><a href="https://www.amazon.com/dp/B0CYLVX1ZJ?tag=eloabder-20&linkCode=osi&th=1&psc=1"><img src="https://m.media-amazon.com/images/I/41xhSGYiopL._SL500_.jpg" alt="Product Image"></a><p>Pircaath Baby Bath Thermometer & Swimming Turtle Floating Bath Toys, BPA-Free Bath Thermometer Baby Safety, Backlit Display Bathtub Thermometer Baby Water Thermometer, Bath Temperature Toy for Infant</p><p> -17% 0FF </p><p>$9.99</p><a href="https://www.amazon.com/dp/B0CYLVX1ZJ?tag=eloabder-20&linkCode=osi&th=1&psc=1">View Product</a></div><div class="product"><a href="https://www.amazon.com/dp/B07GC7H86T?tag=eloabder-20&linkCode=osi&th=1&psc=1"><img src="https://m.media-amazon.com/images/I/414jIzev-VL._SL500_.jpg" alt="Product Image"></a><p>Baby Bath Thermometer with Room Thermometer - Famidoc FDTH-V0-22 New Upgraded Sensor Technology for Baby Health Bath Tub Thermometer Floating Toy Thermometer (Blue)</p><p> -12% 0FF </p><p>$14.99</p><a href="https://www.amazon.com/dp/B07GC7H86T?tag=eloabder-20&linkCode=osi&th=1&psc=1">View Product</a></div>
<div class="product"><a href="https://www.amazon.com/dp/B00G0KPLZI?tag=eloabder-20&linkCode=osi&th=1&psc=1"><img src="https://m.media-amazon.com/images/I/41X53ExW5-S._SL500_.jpg" alt="Product Image"></a><p>Spasilk Hooded Terry Bathrobe with Booties, Blue Plane, One Size</p><p> -14% 0FF </p><p>$11.99</p><a href="https://www.amazon.com/dp/B00G0KPLZI?tag=eloabder-20&linkCode=osi&th=1&psc=1">View Product</a></div><div class="product"><a href="https://www.amazon.com/dp/B09N7BB9Y6?tag=eloabder-20&linkCode=osi&th=1&psc=1"><img src="https://m.media-amazon.com/images/I/41iGc7gTxlL._SL500_.jpg" alt="Product Image"></a><p>ROMASA Baby Bath Towel Ultra Soft Hooded Towel Highly Absorbent Bathrobe Blanket Toddlers Shower Gifts for Boys Girls- 27.5" x 55" (Yellow)</p><p> -20% 0FF </p><p>$14.39 ($1.27 / Ounce)</p><a href="https://www.amazon.com/dp/B09N7BB9Y6?tag=eloabder-20&linkCode=osi&th=1&psc=1">View Product</a></div>
<div class="product"><a href="https://www.amazon.com/dp/B0C9Q8MXWW?tag=eloabder-20&linkCode=osi&th=1&psc=1"><img src="https://m.media-amazon.com/images/I/31aI3dosJJL._SL500_.jpg" alt="Product Image"></a><p>Baby Bathtub Faucet Cover, Bath Faucet Cover for Kids, Baby Bath Spout Cover, Soft Silicone Bathtub Faucet Safety Toys, Cute Whale, Universal Fit, Make Your Baby's Bath Time Fun and Love It</p><p> -46% 0FF </p><p>$6.99</p><a href="https://www.amazon.com/dp/B0C9Q8MXWW?tag=eloabder-20&linkCode=osi&th=1&psc=1">View Product</a></div><div class="product"><a href="https://www.amazon.com/dp/B07D98DLDV?tag=eloabder-20&linkCode=osi&th=1&psc=1"><img src="https://m.media-amazon.com/images/I/21f3AzvkYLL._SL500_.jpg" alt="Product Image"></a><p>Skip Hop Baby Bath Spout Cover, Universal Fit, Moby, Grey</p><p> -7% 0FF </p><p>$12.99</p><a href="https://www.amazon.com/dp/B07D98DLDV?tag=eloabder-20&linkCode=osi&th=1&psc=1">View Product</a></div><div class="product"><a href="https://www.amazon.com/dp/B0CSYJQ9D6?tag=eloabder-20&linkCode=osi&th=1&psc=1"><img src="https://m.media-amazon.com/images/I/314iWaEh9xL._SL500_.jpg" alt="Product Image"></a><p>Baby Bathtub Faucet Cover, Baby Safety Protection Silicone Toys, Bath Spout Cover Baby Bathtub, Faucet Cover Baby Bathtub Silicone Whale for Kids, Toddler, Infant, Grey Whale</p><p> -20% 0FF </p><p>$7.99</p><a href="https://www.amazon.com/dp/B0CSYJQ9D6?tag=eloabder-20&linkCode=osi&th=1&psc=1">View Product</a></div>
<div class="product"><a href="https://www.amazon.com/dp/B0070WGV9K?tag=eloabder-20&linkCode=osi&th=1&psc=1"><img src="https://m.media-amazon.com/images/I/41pqg6p2q0L._SL500_.jpg" alt="Product Image"></a><p>Regalo Swing Down Bed Rail Guard, with Reinforced Anchor Safety System</p><p> -8% 0FF </p><p>$23.99</p><a href="https://www.amazon.com/dp/B0070WGV9K?tag=eloabder-20&linkCode=osi&th=1&psc=1">View Product</a></div><div class="product"><a href="https://www.amazon.com/dp/B0CWS2NZ3K?tag=eloabder-20&linkCode=osi&th=1&psc=1"><img src="https://m.media-amazon.com/images/I/41OVQSq+N9L._SL500_.jpg" alt="Product Image"></a><p>NUTIKAS Baby Bed Rail Guard for Toddlers - 47" Toddler Bed Side Rails for Twin, Full, Queen Bunk Size Bed Swing Down Bedrail Extral Tall Child Safety Side Railing Guards for Kids</p><p> -27% 0FF </p><p>$35.98</p><a href="https://www.amazon.com/dp/B0CWS2NZ3K?tag=eloabder-20&linkCode=osi&th=1&psc=1">View Product</a></div><div class="product"><a href="https://www.amazon.com/dp/B00MTJWT68?tag=eloabder-20&linkCode=osi&th=1&psc=1"><img src="https://m.media-amazon.com/images/I/21FdaFkL+tL._SL500_.jpg" alt="Product Image"></a><p>Dream On Me Lightweight Mesh Security Adjustable Bed Rail for Toddler, Breathable Mesh Fabric, Suitable for All Types Of Beds, Reinforced Anchor System Bed Guard Rail, White</p><p> -50% 0FF </p><p>$19.98</p><a href="https://www.amazon.com/dp/B00MTJWT68?tag=eloabder-20&linkCode=osi&th=1&psc=1">View Product</a></div><div class="product"><a href="https://www.amazon.com/dp/B07JJP7S3Q?tag=eloabder-20&linkCode=osi&th=1&psc=1"><img src="https://m.media-amazon.com/images/I/41Rn7Sf-wLL._SL500_.jpg" alt="Product Image"></a><p>BANBALOO | Bed Bumper for Toddlers 53" | Bed Rails for Queen, King, Twin, Full-Size Bed | Toddler Bed Bumper | Bumpers for Bed | Bed Rail for Toddlers | Bed Barrier for Toddler | Foam Bumper</p><p> -23% 0FF </p><p>$26.99</p><a href="https://www.amazon.com/dp/B07JJP7S3Q?tag=eloabder-20&linkCode=osi&th=1&psc=1">View Product</a></div>
<div class="product"><a href="https://www.amazon.com/dp/B07SPT3D3J?tag=eloabder-20&linkCode=osi&th=1&psc=1"><img src="https://m.media-amazon.com/images/I/517zG-7ToEL._SL500_.jpg" alt="Product Image"></a><p>Teddy Soft Baby Book Activity Quiet Cloth Books Developmental Toys,Interactive Baby Books for Babies Toddlers Infants kids,Baby Boy Girls Machine Washable Toys Fabric Soft Book Goodnight Gift Box</p><p> -5% 0FF </p><p>$17.95</p><a href="https://www.amazon.com/dp/B07SPT3D3J?tag=eloabder-20&linkCode=osi&th=1&psc=1">View Product</a></div>
<div class="product"><a href="https://www.amazon.com/dp/B00JFTFPHK?tag=eloabder-20&linkCode=osi&th=1&psc=1"><img src="https://m.media-amazon.com/images/I/51O+qRW-KEL._SL500_.jpg" alt="Product Image"></a><p>25pcs 1" Pacifier Suspender Clips, Marrywindix Pacifier Clips for Making Pacifier Holders Bib Clips Toy Holder Silver</p><p> -33% 0FF </p><p>$5.99</p><a href="https://www.amazon.com/dp/B00JFTFPHK?tag=eloabder-20&linkCode=osi&th=1&psc=1">View Product</a></div><div class="product"><a href="https://www.amazon.com/dp/B00W94QLX0?tag=eloabder-20&linkCode=osi&th=1&psc=1"><img src="https://m.media-amazon.com/images/I/51O+qRW-KEL._SL500_.jpg" alt="Product Image"></a><p>50pcs 1" Pacifier Suspender Clips, Marrywindix Pacifier Clips for Making Pacifier Holders Bib Clips Toy Holder Silver</p><p> -40% 0FF </p><p>$8.99</p><a href="https://www.amazon.com/dp/B00W94QLX0?tag=eloabder-20&linkCode=osi&th=1&psc=1">View Product</a></div>
<div class="product"><a href="https://www.amazon.com/dp/B08G4SDDQC?tag=eloabder-20&linkCode=osi&th=1&psc=1"><img src="https://m.media-amazon.com/images/I/41HQSFX14bL._SL500_.jpg" alt="Product Image"></a><p>8-Pack Organic Baby Bandana Drool Bibs for Girls - Super Absorbent Baby Bibs for Baby Girls, Baby Boys, Soft Cotton Bandana Bibs, Baby Drool Bib, Teething Bibs for Infant, Toddler(Muted Pastel)</p><p> -26% 0FF </p><p>$16.96</p><a href="https://www.amazon.com/dp/B08G4SDDQC?tag=eloabder-20&linkCode=osi&th=1&psc=1">View Product</a></div>
<div class="product"><a href="https://www.amazon.com/dp/B08NNDN5GF?tag=eloabder-20&linkCode=osi&th=1&psc=1"><img src="https://m.media-amazon.com/images/I/41ocef4uVmL._SL500_.jpg" alt="Product Image"></a><p>Hudson Baby Unisex Baby Plush Sleeping Bag, Sack, Blanket, Gray Clouds, 18-24 Months</p><p> -37% 0FF </p><p>$10.08</p><a href="https://www.amazon.com/dp/B08NNDN5GF?tag=eloabder-20&linkCode=osi&th=1&psc=1">View Product</a></div><div class="product"><a href="https://www.amazon.com/dp/B0CQMHYCMX?tag=eloabder-20&linkCode=osi&th=1&psc=1"><img src="https://m.media-amazon.com/images/I/41vq0RvJ3yL._SL500_.jpg" alt="Product Image"></a><p>Gerber Baby Girls Flame Resistant Fleece Footed Pajamas 2-Pack, Purple Rainbows</p><p> -6% 0FF </p><p>$16.98</p><a href="https://www.amazon.com/dp/B0CQMHYCMX?tag=eloabder-20&linkCode=osi&th=1&psc=1">View Product</a></div>
<div class="product"><a href="https://www.amazon.com/dp/B0BDRKG478?tag=eloabder-20&linkCode=osi&th=1&psc=1"><img src="https://m.media-amazon.com/images/I/31LBn9SzD9L._SL500_.jpg" alt="Product Image"></a><p>Graco TurboBooster 2.0 Backless Booster Car Seat, Denton</p><p> -29% 0FF </p><p>$20.49</p><a href="https://www.amazon.com/dp/B0BDRKG478?tag=eloabder-20&linkCode=osi&th=1&psc=1">View Product</a></div><div class="product"><a href="https://www.amazon.com/dp/B07C2RNRCJ?tag=eloabder-20&linkCode=osi&th=1&psc=1"><img src="https://m.media-amazon.com/images/I/31CuULOPD4L._SL500_.jpg" alt="Product Image"></a><p>Graco Tranzitions 3 in 1 Harness Booster Seat</p><p> -21% 0FF </p><p>$94.49</p><a href="https://www.amazon.com/dp/B07C2RNRCJ?tag=eloabder-20&linkCode=osi&th=1&psc=1">View Product</a></div>
<div class="product"><a href="https://www.amazon.com/dp/B09H6Y14KH?tag=eloabder-20&linkCode=osi&th=1&psc=1"><img src="https://m.media-amazon.com/images/I/410cJD5cOBL._SL500_.jpg" alt="Product Image"></a><p>Mancro Breastmilk Cooler Bag with Ice Pack, Fits 6 Baby Bottles Up to 9 Ounce Insulated Bottle Bag, Breast Milk on The go Strap, for Nursing Mom Daycare, Black</p><p> -6% 0FF </p><p>$16.99</p><a href="https://www.amazon.com/dp/B09H6Y14KH?tag=eloabder-20&linkCode=osi&th=1&psc=1">View Product</a></div>
<div class="product"><a href="https://www.amazon.com/dp/B006SFUCV8?tag=eloabder-20&linkCode=osi&th=1&psc=1"><img src="https://m.media-amazon.com/images/I/31Uu2+3+7RL._SL500_.jpg" alt="Product Image"></a><p>Munchkin® High Capacity Drying Rack for Baby Bottles and Accessories, White</p><p> -6% 0FF </p><p>$13.75</p><a href="https://www.amazon.com/dp/B006SFUCV8?tag=eloabder-20&linkCode=osi&th=1&psc=1">View Product</a></div><div class="product"><a href="https://www.amazon.com/dp/B0CHJS27KB?tag=eloabder-20&linkCode=osi&th=1&psc=1"><img src="https://m.media-amazon.com/images/I/51CDxHsKEAL._SL500_.jpg" alt="Product Image"></a><p>Termichy Baby Bottle Drying Rack: Large Vertical Bottle Dryer Rack Holder - Space Saving Standing Drying Rack for Baby Bottles and Pump Part Cleaning (Gray)</p><p> -7% 0FF </p><p>$26.99</p><a href="https://www.amazon.com/dp/B0CHJS27KB?tag=eloabder-20&linkCode=osi&th=1&psc=1">View Product</a></div><div class="product"><a href="https://www.amazon.com/dp/B00RQ83N76?tag=eloabder-20&linkCode=osi&th=1&psc=1"><img src="https://m.media-amazon.com/images/I/31bE-Iv6B6L._SL500_.jpg" alt="Product Image"></a><p>Munchkin Fold Baby Bottle Drying Rack - Compact Design Folds Flat for Easy Storage, White/Grey</p><p> -8% 0FF </p><p>$7.76</p><a href="https://www.amazon.com/dp/B00RQ83N76?tag=eloabder-20&linkCode=osi&th=1&psc=1">View Product</a></div><div class="product"><a href="https://www.amazon.com/dp/B00HNVWGNS?tag=eloabder-20&linkCode=osi&th=1&psc=1"><img src="https://m.media-amazon.com/images/I/41oD0n0VKWL._SL500_.jpg" alt="Product Image"></a><p>Dr. Brown's Folding Baby Bottle Drying Rack for Easy Storage, Dry Nipples, Pacifiers and Other Baby Essentials, BPA-free</p><p> -34% 0FF </p><p>$11.89</p><a href="https://www.amazon.com/dp/B00HNVWGNS?tag=eloabder-20&linkCode=osi&th=1&psc=1">View Product</a></div><div class="product"><a href="https://www.amazon.com/dp/B0CMRV5CPZ?tag=eloabder-20&linkCode=osi&th=1&psc=1"><img src="https://m.media-amazon.com/images/I/41XhN13vG4L._SL500_.jpg" alt="Product Image"></a><p>Dr. Brown's Drying Tower, Stand-Up Drying Rack, Countertop Baby Bottle Drying with Organized Storage for Baby Essentials, Space Saving Vertical Rack</p><p> -32% 0FF </p><p>$19.98</p><a href="https://www.amazon.com/dp/B0CMRV5CPZ?tag=eloabder-20&linkCode=osi&th=1&psc=1">View Product</a></div>
<div class="product"><a href="https://www.amazon.com/dp/B0876T9DQZ?tag=eloabder-20&linkCode=osi&th=1&psc=1"><img src="https://m.media-amazon.com/images/I/41EvYRi2WLL._SL500_.jpg" alt="Product Image"></a><p>Philips Avent Premium Fast Bottle Warmer, with Smart Temperature Control, Water Bath Technology, Automatic Shut-Off, Model SCF358</p><p> -20% 0FF </p><p>$39.99</p><a href="https://www.amazon.com/dp/B0876T9DQZ?tag=eloabder-20&linkCode=osi&th=1&psc=1">View Product</a></div><div class="product"><a href="https://www.amazon.com/dp/B0D2X9276K?tag=eloabder-20&linkCode=osi&th=1&psc=1"><img src="https://m.media-amazon.com/images/I/31kRB6a3EoL._SL500_.jpg" alt="Product Image"></a><p>WITGER 8-in-1 Baby Bottle Warmer and Sterilizer - Fast Heating, Accurate Temperature Control, BPA-Free, Defrosting, Food Heating, and Constant Temperature Maintenance.</p><p> -14% 0FF </p><p>$29.99</p><a href="https://www.amazon.com/dp/B0D2X9276K?tag=eloabder-20&linkCode=osi&th=1&psc=1">View Product</a></div><div class="product"><a href="https://www.amazon.com/dp/B09XJBQWQZ?tag=eloabder-20&linkCode=osi&th=1&psc=1"><img src="https://m.media-amazon.com/images/I/41rEmiL1MDL._SL500_.jpg" alt="Product Image"></a><p>Dr. Brown’s™ Insta-Feed™ Bottle Warmer and Sterilizer</p><p> -14% 0FF </p><p>$24.99</p><a href="https://www.amazon.com/dp/B09XJBQWQZ?tag=eloabder-20&linkCode=osi&th=1&psc=1">View Product</a></div><div class="product"><a href="https://www.amazon.com/dp/B0B97M3PX2?tag=eloabder-20&linkCode=osi&th=1&psc=1"><img src="https://m.media-amazon.com/images/I/31D1jFeOavL._SL500_.jpg" alt="Product Image"></a><p>Momcozy Bottle Warmer, Fast Bottle Warmers for All Bottles with Timer, Accurate Temperature Control and Automatic Shut-Off, Multifunctional Bottle Warmer for Breastmilk</p><p> -43% 0FF </p><p>$33.99</p><a href="https://www.amazon.com/dp/B0B97M3PX2?tag=eloabder-20&linkCode=osi&th=1&psc=1">View Product</a></div><div class="product"><a href="https://www.amazon.com/dp/B07YJKWTYW?tag=eloabder-20&linkCode=osi&th=1&psc=1"><img src="https://m.media-amazon.com/images/I/31Rfvw7DMyL._SL500_.jpg" alt="Product Image"></a><p>Bottle Warmer, GROWNSY 8-in-1 Fast Baby Milk Warmer with Timer for Breastmilk or Formula, Accurate Temperature Control, with Defrost, Sterili-zing, Keep, Heat Baby Food Jars Function</p><p> -20% 0FF </p><p>$39.99</p><a href="https://www.amazon.com/dp/B07YJKWTYW?tag=eloabder-20&linkCode=osi&th=1&psc=1">View Product</a></div><div class="product"><a href="https://www.amazon.com/dp/B0BY26RDWQ?tag=eloabder-20&linkCode=osi&th=1&psc=1"><img src="https://m.media-amazon.com/images/I/412nEaDc-cL._SL500_.jpg" alt="Product Image"></a><p>Momcozy Nutri Bottle Warmer, 9-in-1 Baby Bottle Warmer with Night Light, Accurate Temperature to Preserve Fullest Nutrients in Breast Milk, Bottle Warmers for All Bottles with Breastmilk or Formula</p><p> -20% 0FF </p><p>$39.99</p><a href="https://www.amazon.com/dp/B0BY26RDWQ?tag=eloabder-20&linkCode=osi&th=1&psc=1">View Product</a></div><div class="product"><a href="https://www.amazon.com/dp/B00005BXKM?tag=eloabder-20&linkCode=osi&th=1&psc=1"><img src="https://m.media-amazon.com/images/I/31nh2NZoUTL._SL500_.jpg" alt="Product Image"></a><p>The First Years Baby Bottle Warmer and Sterilizer - Pacifier and Bottle Nipple Sanitizer - Feeding Baby Essentials for Formula or Breast Milk - Holds Multiple Sizes</p><p> -10% 0FF </p><p>$19.75</p><a href="https://www.amazon.com/dp/B00005BXKM?tag=eloabder-20&linkCode=osi&th=1&psc=1">View Product</a></div>
<div class="product"><a href="https://www.amazon.com/dp/B0C7FL2XSL?tag=eloabder-20&linkCode=osi&th=1&psc=1"><img src="https://m.media-amazon.com/images/I/3195BfbxF2L._SL500_.jpg" alt="Product Image"></a><p>Motif Medical, Milk Storage Bags, 6 oz Milk Freezer Bag with Easy Pour Spout, BPA Free, Write-On Label - 100 Count</p><p> -20% 0FF </p><p>$15.99</p><a href="https://www.amazon.com/dp/B0C7FL2XSL?tag=eloabder-20&linkCode=osi&th=1&psc=1">View Product</a></div>
<div class="product"><a href="https://www.amazon.com/dp/B08H9QJVNZ?tag=eloabder-20&linkCode=osi&th=1&psc=1"><img src="https://m.media-amazon.com/images/I/31XZwvFZhIL._SL500_.jpg" alt="Product Image"></a><p>Medela Manual breast pump with Flex Shields Harmony Single Hand for More Comfort and Expressing More Milk</p><p> -34% 0FF </p><p>$28.72</p><a href="https://www.amazon.com/dp/B08H9QJVNZ?tag=eloabder-20&linkCode=osi&th=1&psc=1">View Product</a></div><div class="product"><a href="https://www.amazon.com/dp/B0BXH3XF7X?tag=eloabder-20&linkCode=osi&th=1&psc=1"><img src="https://m.media-amazon.com/images/I/41GBdp47u+L._SL500_.jpg" alt="Product Image"></a><p>Momcozy Hands Free Breast Pump S9 Pro Updated, Wearable Breast Pump of Longer Battery Life & LED Display, Double Portable Electric Breast Pump with 2 Modes & 9 Levels - 24mm, 2 Pack Gray</p><p> -31% 0FF </p><p>$95.98</p><a href="https://www.amazon.com/dp/B0BXH3XF7X?tag=eloabder-20&linkCode=osi&th=1&psc=1">View Product</a></div><div class="product"><a href="https://www.amazon.com/dp/B0CNGJMQDD?tag=eloabder-20&linkCode=osi&th=1&psc=1"><img src="https://m.media-amazon.com/images/I/41XS8v-5dyL._SL500_.jpg" alt="Product Image"></a><p>Momcozy Breast Pump Hands Free M5, Wearable Breast Pump of Baby Mouth Double-Sealed Flange with 3 Modes & 9 Levels, Electric Breast Pump Portable - 24mm, 2 Pack Cozy Red</p><p> -23% 0FF </p><p>$199.99 ($100.00 / Count)</p><a href="https://www.amazon.com/dp/B0CNGJMQDD?tag=eloabder-20&linkCode=osi&th=1&psc=1">View Product</a></div><div class="product"><a href="https://www.amazon.com/dp/B0DK9VJCRK?tag=eloabder-20&linkCode=osi&th=1&psc=1"><img src="https://m.media-amazon.com/images/I/41RyWq3DsfL._SL500_.jpg" alt="Product Image"></a><p>Hands Free Breast Pump Wearable MY-375 - Strong Suction, Low Noise, Wearable Breastfeeding Pump with 4 Mode &12 Levels, Portable Electric Breast Pump - 19/21/24mm Insert/Flange, 2 Pack (White)</p><p> -33% 0FF </p><p>$99.99 ($50.00 / Count)</p><a href="https://www.amazon.com/dp/B0DK9VJCRK?tag=eloabder-20&linkCode=osi&th=1&psc=1">View Product</a></div>
<div class="product"><a href="https://www.amazon.com/dp/B0BTZTSMM7?tag=eloabder-20&linkCode=osi&th=1&psc=1"><img src="https://m.media-amazon.com/images/I/41E+gI3y2mL._SL500_.jpg" alt="Product Image"></a><p>Konssy Muslin Nursing Cover for Baby Breastfeeding, Breathable 100% Cotton Breastfeeding Cover with Rigid Hoop for Mother Nursing Apron, Multi-use Carseat Canopy (Summer Wheat)</p><p> -25% 0FF </p><p>$14.99</p><a href="https://www.amazon.com/dp/B0BTZTSMM7?tag=eloabder-20&linkCode=osi&th=1&psc=1">View Product</a></div><div class="product"><a href="https://www.amazon.com/dp/B0CRY93RSV?tag=eloabder-20&linkCode=osi&th=1&psc=1"><img src="https://m.media-amazon.com/images/I/31GF3tvRWjL._SL500_.jpg" alt="Product Image"></a><p>Konssy Knit Nursing Cover for Breastfeeding, 360 Full Privacy Breathable Breastfeeding Cover, Multi-use Carseat Canopy(Beige)</p><p> -25% 0FF </p><p>$14.99</p><a href="https://www.amazon.com/dp/B0CRY93RSV?tag=eloabder-20&linkCode=osi&th=1&psc=1">View Product</a></div><div class="product"><a href="https://www.amazon.com/dp/B0CYM1Y178?tag=eloabder-20&linkCode=osi&th=1&psc=1"><img src="https://m.media-amazon.com/images/I/41BlDYTW3hL._SL500_.jpg" alt="Product Image"></a><p>Comfy Cubs Nursing Cover for Baby Breastfeeding - 100% Muslin Cotton, Soft & Breathable Cotton, Breastfeeding Pumping Cover for Mom, with Rigid Hoop - Privacy Unisex Lightweight Wrap (Pacific Blue)</p><p> -48% 0FF </p><p>$12.99</p><a href="https://www.amazon.com/dp/B0CYM1Y178?tag=eloabder-20&linkCode=osi&th=1&psc=1">View Product</a></div><div class="product"><a href="https://www.amazon.com/dp/B074M6FRND?tag=eloabder-20&linkCode=osi&th=1&psc=1"><img src="https://m.media-amazon.com/images/I/51odoDcAZ9L._SL500_.jpg" alt="Product Image"></a><p>Baby Nursing Cover & Nursing Poncho - Multi Use Cover for Baby Car Seat Canopy, Shopping Cart Cover, Stroller Cover, 360° Full Privacy Breastfeeding Coverage, Baby Shower Gifts for Boy&Girl</p><p> -30% 0FF </p><p>$13.95</p><a href="https://www.amazon.com/dp/B074M6FRND?tag=eloabder-20&linkCode=osi&th=1&psc=1">View Product</a></div><div class="product"><a href="https://www.amazon.com/dp/B0CB15QFNL?tag=eloabder-20&linkCode=osi&th=1&psc=1"><img src="https://m.media-amazon.com/images/I/31GyAL5zSlL._SL500_.jpg" alt="Product Image"></a><p>Breathable Car Seat Cover for Babies – Multi-Purpose Soft Rayon Nursing Cover for Breastfeeding, High Stretchy Infant Carseat Canopy, Stroller Cover (Smooth Rayon, Blush)</p><p> -20% 0FF </p><p>$7.99</p><a href="https://www.amazon.com/dp/B0CB15QFNL?tag=eloabder-20&linkCode=osi&th=1&psc=1">View Product</a></div>
<div class="product"><a href="https://www.amazon.com/dp/B00PC3K7OE?tag=eloabder-20&linkCode=osi&th=1&psc=1"><img src="https://m.media-amazon.com/images/I/41Ysisnr8oL._SL500_.jpg" alt="Product Image"></a><p>My Brest Friend Nursing Pillow - Deluxe - Enhanced Comfort w/ Slipcover - Ergonomic Breastfeeding Pillow For Ultimate Support For Mom & Baby - Adjustable Pillow W/ Handy Side Pocket, Evening Grey</p><p> -6% 0FF </p><p>$49.99</p><a href="https://www.amazon.com/dp/B00PC3K7OE?tag=eloabder-20&linkCode=osi&th=1&psc=1">View Product</a></div><div class="product"><a href="https://www.amazon.com/dp/B0B2W7X465?tag=eloabder-20&linkCode=osi&th=1&psc=1"><img src="https://m.media-amazon.com/images/I/41TWXbEgaJL._SL500_.jpg" alt="Product Image"></a><p>Momcozy Nursing Pillow for Breastfeeding, Original Plus Size Breastfeeding Pillows for More Support for Mom and Baby, with Adjustable Waist Strap and Removable Cotton Cover, Grey</p><p> -17% 0FF </p><p>$39.99</p><a href="https://www.amazon.com/dp/B0B2W7X465?tag=eloabder-20&linkCode=osi&th=1&psc=1">View Product</a></div><div class="product"><a href="https://www.amazon.com/dp/B08LF56YHJ?tag=eloabder-20&linkCode=osi&th=1&psc=1"><img src="https://m.media-amazon.com/images/I/31pJjCYHNMS._SL500_.jpg" alt="Product Image"></a><p>My Brest Friend Super Deluxe Nursing Pillow - Enhanced Comfort & Ergonomic Breastfeeding Pillow for Ultimate Support For Mom & Baby - Adjustable and with Handy Side Pocket, Platinum</p><p> -8% 0FF </p><p>$59.99</p><a href="https://www.amazon.com/dp/B08LF56YHJ?tag=eloabder-20&linkCode=osi&th=1&psc=1">View Product</a></div><div class="product"><a href="https://www.amazon.com/dp/B0C3RWRCQM?tag=eloabder-20&linkCode=osi&th=1&psc=1"><img src="https://m.media-amazon.com/images/I/516Q+AKi5kL._SL500_.jpg" alt="Product Image"></a><p>PILLANI Nursing Pillow, Plus Size Breastfeeding Pillows for Enhanced Support & Comfort for Mom & Baby, Removable Cotton Cover, Adjustable Waist Strap, Breastfeeding Essentials, Baby Registry Search</p><p> -20% 0FF </p><p>$31.99</p><a href="https://www.amazon.com/dp/B0C3RWRCQM?tag=eloabder-20&linkCode=osi&th=1&psc=1">View Product</a></div><div class="product"><a href="https://www.amazon.com/dp/B0CPVDN3J3?tag=eloabder-20&linkCode=osi&th=1&psc=1"><img src="https://m.media-amazon.com/images/I/41sq3SZUjlL._SL500_.jpg" alt="Product Image"></a><p>Momcozy Original Nursing Pillow and Positioner, Plus Size Breast Feeding Pillow for More Support for Mom and Baby Boy or Girl，Baby Essentials for Nursing or Bottle Feeding and Removable Cotton Cover</p><p> -15% 0FF </p><p>$39.99</p><a href="https://www.amazon.com/dp/B0CPVDN3J3?tag=eloabder-20&linkCode=osi&th=1&psc=1">View Product</a></div><div class="product"><a href="https://www.amazon.com/dp/B00PC3JYQQ?tag=eloabder-20&linkCode=osi&th=1&psc=1"><img src="https://m.media-amazon.com/images/I/51AoteowPXL._SL500_.jpg" alt="Product Image"></a><p>My Brest Friend Original Nursing Pillow Enhanced Ergonomics Essential Breastfeeding Pillow Support For Mom & Baby W/ Convenient Side Pocket, Double Straps & slipcover, Midnight Poppy</p><p> -7% 0FF </p><p>$41.99</p><a href="https://www.amazon.com/dp/B00PC3JYQQ?tag=eloabder-20&linkCode=osi&th=1&psc=1">View Product</a></div>
<div class="product"><a href="https://www.amazon.com/dp/B09KRKGJ3S?tag=eloabder-20&linkCode=osi&th=1&psc=1"><img src="https://m.media-amazon.com/images/I/41fXKHSGeCL._SL500_.jpg" alt="Product Image"></a><p>Looxii Muslin Burp Cloths 100% Cotton Large 20''x10'' Extra Soft and Absorbent 6 Pack Baby Burping Cloth for Boys Girls (Dark Green)</p><p> -6% 0FF </p><p>$13.14</p><a href="https://www.amazon.com/dp/B09KRKGJ3S?tag=eloabder-20&linkCode=osi&th=1&psc=1">View Product</a></div><div class="product"><a href="https://www.amazon.com/dp/B0CLPGQWNB?tag=eloabder-20&linkCode=osi&th=1&psc=1"><img src="https://m.media-amazon.com/images/I/416sGTkqHRL._SL500_.jpg" alt="Product Image"></a><p>Comfy Cubs Muslin Burp Cloths Large 100% Cotton Hand Washcloths for Babies, Baby Essentials 6 Layers Extra Absorbent and Soft Boys & Girls Baby Bibs & Burp Cloths Set (Multicolor, 10-Pack, 20" X10")</p><p> -33% 0FF </p><p>$19.99</p><a href="https://www.amazon.com/dp/B0CLPGQWNB?tag=eloabder-20&linkCode=osi&th=1&psc=1">View Product</a></div><div class="product"><a href="https://www.amazon.com/dp/B0CNKWNY43?tag=eloabder-20&linkCode=osi&th=1&psc=1"><img src="https://m.media-amazon.com/images/I/31iZQ-IdT6L._SL500_.jpg" alt="Product Image"></a><p>Comfy Cubs Burp Cloths 6 Pack Large 100% Cotton Washcloths Double Layered Absorbent Burping Cloth Extra Absorbent Baby Burp Cloth Extra Soft for Boys and Girls (Multicolor Girl, Pack of 6)</p><p> -40% 0FF </p><p>$14.99 ($2.50 / Count)</p><a href="https://www.amazon.com/dp/B0CNKWNY43?tag=eloabder-20&linkCode=osi&th=1&psc=1">View Product</a></div>
<div class="product"><a href="https://www.amazon.com/dp/B096NZHHVR?tag=eloabder-20&linkCode=osi&th=1&psc=1"><img src="https://m.media-amazon.com/images/I/41PxfLKcdWL._SL500_.jpg" alt="Product Image"></a><p>Meolsaek Car Seat Protector for Child Car Seat, 600D Fabric Waterproof Car Seat Cover with Non-Slip Backing, Under Baby Car Seat from Pressure Marks</p><p> -15% 0FF </p><p>$33.97</p><a href="https://www.amazon.com/dp/B096NZHHVR?tag=eloabder-20&linkCode=osi&th=1&psc=1">View Product</a></div><div class="product"><a href="https://www.amazon.com/dp/B096PGXGB4?tag=eloabder-20&linkCode=osi&th=1&psc=1"><img src="https://m.media-amazon.com/images/I/31Y4e9zhROS._SL500_.jpg" alt="Product Image"></a><p>XHYANG Car Seat Protector 1 Pack Car Seat Cushion Mat Thickest Padding,Waterproof 600D Fabric Car Seat Covers for Non-Slip Backing Mesh Pockets for Baby and Pet (1 Seat Protector)</p><p> -24% 0FF </p><p>$17.95</p><a href="https://www.amazon.com/dp/B096PGXGB4?tag=eloabder-20&linkCode=osi&th=1&psc=1">View Product</a></div><div class="product"><a href="https://www.amazon.com/dp/B09828NDRS?tag=eloabder-20&linkCode=osi&th=1&psc=1"><img src="https://m.media-amazon.com/images/I/31ua+nTGAXL._SL500_.jpg" alt="Product Image"></a><p>XHYANG Car Seat Protector,Auto Car Seat Protectors Baby Carseat Waterproof Durable 600D Fabric for Child Baby Car Seat Mat Vehicle Pet Cover 2 Storage Pockets (1 Pack)</p><p> -31% 0FF </p><p>$17.99</p><a href="https://www.amazon.com/dp/B09828NDRS?tag=eloabder-20&linkCode=osi&th=1&psc=1">View Product</a></div><div class="product"><a href="https://www.amazon.com/dp/B0CB14PHZT?tag=eloabder-20&linkCode=osi&th=1&psc=1"><img src="https://m.media-amazon.com/images/I/31lC1dggTTL._SL500_.jpg" alt="Product Image"></a><p>Breathable Car Seat Cover for Babies – Multi-Purpose Soft Rayon Nursing Cover for Breastfeeding, High Stretchy Infant Carseat Canopy, Stroller Cover (Smooth Rayon, Roman Green)</p><p> -20% 0FF </p><p>$7.19</p><a href="https://www.amazon.com/dp/B0CB14PHZT?tag=eloabder-20&linkCode=osi&th=1&psc=1">View Product</a></div><div class="product"><a href="https://www.amazon.com/dp/B08H4WCFXV?tag=eloabder-20&linkCode=osi&th=1&psc=1"><img src="https://m.media-amazon.com/images/I/516mz-4vqgL._SL500_.jpg" alt="Product Image"></a><p>Yoofoss Baby Car Seat Cover Winter Carseat Canopies Cover to Protect Baby from Cold Wind, Super Warm Plush Fleece Baby Carrier Cover for Infant Boys Girls (Black)</p><p> -11% 0FF </p><p>$32.99</p><a href="https://www.amazon.com/dp/B08H4WCFXV?tag=eloabder-20&linkCode=osi&th=1&psc=1">View Product</a></div>

<div class="product"><a href="https://www.amazon.com/dp/B07W6JGDYW?tag=eloabder-20&linkCode=osi&th=1&psc=1"><img src="https://m.media-amazon.com/images/I/41H2tKos7SL._SL500_.jpg" alt="Product Image"></a><p>Kaiphy Car Seat Protector - Seat Protection Mat - Thick Padding - Durable, Waterproof Fabric, Leather Reinforced Corners & 3 Pockets for Handy Storage Black</p><p> -46% 0FF </p><p>$13.97</p><a href="https://www.amazon.com/dp/B07W6JGDYW?tag=eloabder-20&linkCode=osi&th=1&psc=1">View Product</a></div><div class="product"><a href="https://www.amazon.com/dp/B0D5XFHH28?tag=eloabder-20&linkCode=osi&th=1&psc=1"><img src="https://m.media-amazon.com/images/I/31XhcmIiWAL._SL500_.jpg" alt="Product Image"></a><p>Car Seat Protector, Carseat Seat Protectors with Thick Padding and Upgraded Non-Slip Backing, Waterproof Seat Protector under Baby Car Seat, 600D Fabric Car Seat Covers with Storage Pockets for Baby</p><p> -20% 0FF </p><p>$13.59</p><a href="https://www.amazon.com/dp/B0D5XFHH28?tag=eloabder-20&linkCode=osi&th=1&psc=1">View Product</a></div><div class="product"><a href="https://www.amazon.com/dp/B07JBQBVL6?tag=eloabder-20&linkCode=osi&th=1&psc=1"><img src="https://m.media-amazon.com/images/I/31PZj+OEfjL._SL500_.jpg" alt="Product Image"></a><p>Car Seat Protector for Baby Child Car Seats, Shynerk Auto Seat Cover Mat for Under Carseat to Protect Automotive Vehicle Leather and Cloth Upholstery - Waterproof and Dirt Resistant</p><p> -33% 0FF </p><p>$19.99</p><a href="https://www.amazon.com/dp/B07JBQBVL6?tag=eloabder-20&linkCode=osi&th=1&psc=1">View Product</a></div>
<div class="product"><a href="https://www.amazon.com/dp/B00O64QJOC?tag=eloabder-20&linkCode=osi&th=1&psc=1"><img src="https://m.media-amazon.com/images/I/21l2K1fjgyL._SL500_.jpg" alt="Product Image"></a><p>Munchkin® Secure Grip™ Contoured Baby Diaper Changing Pad for Dresser, Waterproof, 16" x 31"</p><p> -10% 0FF </p><p>$31.49</p><a href="https://www.amazon.com/dp/B00O64QJOC?tag=eloabder-20&linkCode=osi&th=1&psc=1">View Product</a></div><div class="product"><a href="https://www.amazon.com/dp/B0DF1W28C5?tag=eloabder-20&linkCode=osi&th=1&psc=1"><img src="https://m.media-amazon.com/images/I/31F+H+AlPWL._SL500_.jpg" alt="Product Image"></a><p>Blissful Diary Vegan Leather Baby Changing Pad with Waterproof & Wipe-Clean PU Cover, Standard Size Cozy Baby Changing Table Pads for Dressers/Tables, Taupe</p><p> -13% 0FF </p><p>$34.99</p><a href="https://www.amazon.com/dp/B0DF1W28C5?tag=eloabder-20&linkCode=osi&th=1&psc=1">View Product</a></div><div class="product"><a href="https://www.amazon.com/dp/B0B45JKHGG?tag=eloabder-20&linkCode=osi&th=1&psc=1"><img src="https://m.media-amazon.com/images/I/41i2u89FqBL._SL500_.jpg" alt="Product Image"></a><p>YENING Baby Diaper Changing Pad for Dresser Top with Cover Waterproof Lining Foam Contoured Changing Table Pads Topper 31" x 16" Grey</p><p> -33% 0FF </p><p>$26.98</p><a href="https://www.amazon.com/dp/B0B45JKHGG?tag=eloabder-20&linkCode=osi&th=1&psc=1">View Product</a></div>
<div class="product"><a href="https://www.amazon.com/dp/B0D3BPZ77F?tag=eloabder-20&linkCode=osi&th=1&psc=1"><img src="https://m.media-amazon.com/images/I/41-+eE90DeL._SL500_.jpg" alt="Product Image"></a><p>Baby Changing Table, Versatile Folding Changing Table, Waterproof Diaper Changing Station, Adjustable Height with 2 Drawers,Baby Changing Station, Mobile Nursery for Infant and Newborn</p><p> -30% 0FF </p><p>$159.99</p><a href="https://www.amazon.com/dp/B0D3BPZ77F?tag=eloabder-20&linkCode=osi&th=1&psc=1">View Product</a></div><div class="product"><a href="https://www.amazon.com/dp/B073YB522V?tag=eloabder-20&linkCode=osi&th=1&psc=1"><img src="https://m.media-amazon.com/images/I/41IwxC2WttS._SL500_.jpg" alt="Product Image"></a><p>Delta Children Eclipse Changing Table with Changing Pad, Grey</p><p> -44% 0FF </p><p>$79.00</p><a href="https://www.amazon.com/dp/B073YB522V?tag=eloabder-20&linkCode=osi&th=1&psc=1">View Product</a></div><div class="product"><a href="https://www.amazon.com/dp/B075ZVTJ3D?tag=eloabder-20&linkCode=osi&th=1&psc=1"><img src="https://m.media-amazon.com/images/I/41Ig2EwFThL._SL500_.jpg" alt="Product Image"></a><p>Dream On Me Emily Changing Table In Steel Grey, Comes With 1" Changing Pad, Features Two Shelves, Portable Changing Station, Made Of Sustainable New Zealand Pinewood</p><p> -21% 0FF </p><p>$69.99</p><a href="https://www.amazon.com/dp/B075ZVTJ3D?tag=eloabder-20&linkCode=osi&th=1&psc=1">View Product</a></div><div class="product"><a href="https://www.amazon.com/dp/B08HMJCHCT?tag=eloabder-20&linkCode=osi&th=1&psc=1"><img src="https://m.media-amazon.com/images/I/31aqc05wT6L._SL500_.jpg" alt="Product Image"></a><p>Storkcraft Brookside 2 Drawer Changing Table Dresser (Pebble Gray) – GREENGUARD Gold Certified, Easy-to-Match Chest of Drawers and Cubbies for Nursery and Kids Bedroom, Includes Changing Table Topper</p><p> -31% 0FF </p><p>$151.29</p><a href="https://www.amazon.com/dp/B08HMJCHCT?tag=eloabder-20&linkCode=osi&th=1&psc=1">View Product</a></div><div class="product"><a href="https://www.amazon.com/dp/B005OSHTSO?tag=eloabder-20&linkCode=osi&th=1&psc=1"><img src="https://m.media-amazon.com/images/I/41ckUWX71DL._SL500_.jpg" alt="Product Image"></a><p>Badger Basket Modern Baby Changing Table with Laundry Hamper, 3 Storage Drawers and Pad, Diaper Change Station - White/White</p><p> -32% 0FF </p><p>$128.99</p><a href="https://www.amazon.com/dp/B005OSHTSO?tag=eloabder-20&linkCode=osi&th=1&psc=1">View Product</a></div><div class="product"><a href="https://www.amazon.com/dp/B08HHFZ5JJ?tag=eloabder-20&linkCode=osi&th=1&psc=1"><img src="https://m.media-amazon.com/images/I/31oH0mt34ML._SL500_.jpg" alt="Product Image"></a><p>Graco Noah 3 Drawer Chest with Changing Topper (White) – GREENGUARD Gold Certified, Baby Dresser With Changing Table Top, Dresser for Nursery, 3 Drawer Kids Dresser</p><p> -24% 0FF </p><p>$188.75</p><a href="https://www.amazon.com/dp/B08HHFZ5JJ?tag=eloabder-20&linkCode=osi&th=1&psc=1">View Product</a></div>
<div class="product"><a href="https://www.amazon.com/dp/B0BVHMHH4X?tag=eloabder-20&linkCode=osi&th=1&psc=1"><img src="https://m.media-amazon.com/images/I/41AOdI5vSML._SL500_.jpg" alt="Product Image"></a><p>TAHAVICE 1 Pack Over The Door Organizer, Bathroom Organizers and Storage with 5 Pockets 10 Mesh Pockets, 50 lbs Weight Capacity Stuffed Animal Storage for Nursery Newborn Baby Essential</p><p> -20% 0FF </p><p>$15.98</p><a href="https://www.amazon.com/dp/B0BVHMHH4X?tag=eloabder-20&linkCode=osi&th=1&psc=1">View Product</a></div><div class="product"><a href="https://www.amazon.com/dp/B06XJ343CC?tag=eloabder-20&linkCode=osi&th=1&psc=1"><img src="https://m.media-amazon.com/images/I/31zbpeWMpnL._SL500_.jpg" alt="Product Image"></a><p>20 Pack Clothing Rack Size Dividers, Wardrobe Round Hangers Label Closet Dividers with 1 Piece Marker Pen for Clothes Organization(White, Blank)</p><p> -14% 0FF </p><p>$8.59 ($0.43 / Count)</p><a href="https://www.amazon.com/dp/B06XJ343CC?tag=eloabder-20&linkCode=osi&th=1&psc=1">View Product</a></div><div class="product"><a href="https://www.amazon.com/dp/B09H4JTQC7?tag=eloabder-20&linkCode=osi&th=1&psc=1"><img src="https://m.media-amazon.com/images/I/51pFCzWgo3L._SL500_.jpg" alt="Product Image"></a><p>Pro Goleem Baby Closet Dividers Unisex Baby Closet Organizer for Nursery Baby Clothes Size Age Dividers Fits 1.5" Rod 6 PCS</p><p> -20% 0FF </p><p>$7.99</p><a href="https://www.amazon.com/dp/B09H4JTQC7?tag=eloabder-20&linkCode=osi&th=1&psc=1">View Product</a></div><div class="product"><a href="https://www.amazon.com/dp/B0DDTSNXNM?tag=eloabder-20&linkCode=osi&th=1&psc=1"><img src="https://m.media-amazon.com/images/I/517HtZWlKIL._SL500_.jpg" alt="Product Image"></a><p>Blissful Diary Baby Diaper Caddy Organizer, Cotton Rope Diaper Caddy Basket, Large Baby Shower Caddy for Newborn Boys and Girls, Gift for Baby Shower List, Newborn Essentials Basket, Earthy Rainbow</p><p> -30% 0FF </p><p>$15.99</p><a href="https://www.amazon.com/dp/B0DDTSNXNM?tag=eloabder-20&linkCode=osi&th=1&psc=1">View Product</a></div>
<div class="product"><a href="https://www.amazon.com/dp/B08DN1KTRH?tag=eloabder-20&linkCode=osi&th=1&psc=1"><img src="https://m.media-amazon.com/images/I/510rTaksLXL._SL500_.jpg" alt="Product Image"></a><p>16 Pack Baby Washcloths - Luxury Multicolor Coral Fleece - Extra Absorbent and Soft Wash Clothes for Newborns, Infants and Toddlers - Suitable for Sensitive Skin and New Born - Baby Shower, 10x10 Inch</p><p> -47% 0FF </p><p>$9.99</p><a href="https://www.amazon.com/dp/B08DN1KTRH?tag=eloabder-20&linkCode=osi&th=1&psc=1">View Product</a></div><div class="product"><a href="https://www.amazon.com/dp/B088RBY8Y5?tag=eloabder-20&linkCode=osi&th=1&psc=1"><img src="https://m.media-amazon.com/images/I/31Ku9qSjBCL._SL500_.jpg" alt="Product Image"></a><p>Yoofoss Muslin Burp Cloths for Baby 10 Pack 100% Cotton Baby Washcloths for Boys Girls Large 20''X10'' Super Soft and Absorbent White</p><p> -5% 0FF </p><p>$18.95</p><a href="https://www.amazon.com/dp/B088RBY8Y5?tag=eloabder-20&linkCode=osi&th=1&psc=1">View Product</a></div>
<div class="product"><a href="https://www.amazon.com/dp/B0CMZJ1J4T?tag=eloabder-20&linkCode=osi&th=1&psc=1"><img src="https://m.media-amazon.com/images/I/410bv8kIM8L._SL500_.jpg" alt="Product Image"></a><p>Jay Franco Bluey & Bingo Toddler Comforter Set - 4 Piece Bed Set Includes Sheet Set & Pillow Covers - Super Soft Clouds & Stars Kids Bedding</p><p> -23% 0FF </p><p>$46.49</p><a href="https://www.amazon.com/dp/B0CMZJ1J4T?tag=eloabder-20&linkCode=osi&th=1&psc=1">View Product</a></div><div class="product"><a href="https://www.amazon.com/dp/B00VQ2RLNA?tag=eloabder-20&linkCode=osi&th=1&psc=1"><img src="https://m.media-amazon.com/images/I/513vvaHOurL._SL500_.jpg" alt="Product Image"></a><p>Burt's Bees Baby Infant Reversible Quilt Blanket, Jersey Knit, Soft, 100% Organic Cotton Blankets, with 100% Polyester Fill for Warm Padding, Size 37 x 46 Inch</p><p> -50% 0FF </p><p>$32.49</p><a href="https://www.amazon.com/dp/B00VQ2RLNA?tag=eloabder-20&linkCode=osi&th=1&psc=1">View Product</a></div><div class="product"><a href="https://www.amazon.com/dp/B01GKZO0U4?tag=eloabder-20&linkCode=osi&th=1&psc=1"><img src="https://m.media-amazon.com/images/I/21lI+ZZ6+3L._SL500_.jpg" alt="Product Image"></a><p>Tadpoles Quilted Toddler Comforter | 40" x 60" | Made of 100% Microfiber Polyester (Shell) & 200 GSM Fiberfill | Soft, Breathable & Durable | Ideal for Toddlers (12-48 Months) | Box Pattern in White</p><p> -12% 0FF </p><p>$21.99</p><a href="https://www.amazon.com/dp/B01GKZO0U4?tag=eloabder-20&linkCode=osi&th=1&psc=1">View Product</a></div><div class="product"><a href="https://www.amazon.com/dp/B0BRKBKSB5?tag=eloabder-20&linkCode=osi&th=1&psc=1"><img src="https://m.media-amazon.com/images/I/313gax4ZutL._SL500_.jpg" alt="Product Image"></a><p>ZPECC Toddler Comforter Blanket - 39" x 53" Down Alternative Crib Duvet Set, Includes Child Quilt, Flat Pillow, Bear Stitching</p><p> -26% 0FF </p><p>$18.49</p><a href="https://www.amazon.com/dp/B0BRKBKSB5?tag=eloabder-20&linkCode=osi&th=1&psc=1">View Product</a></div>
<div class="product"><a href="https://www.amazon.com/dp/B0BZVLW3XY?tag=eloabder-20&linkCode=osi&th=1&psc=1"><img src="https://m.media-amazon.com/images/I/41bnCsnrb2L._SL500_.jpg" alt="Product Image"></a><p>Yoofoss Baby Crib Sheets for Boys Girls, Fitted Crib Sheet 2 Pack for Standard Crib and Toddler Mattress, Super Soft Microfiber Baby Sheet 28x52x8in(Green+Leaf)</p><p> -17% 0FF </p><p>$9.99</p><a href="https://www.amazon.com/dp/B0BZVLW3XY?tag=eloabder-20&linkCode=osi&th=1&psc=1">View Product</a></div><div class="product"><a href="https://www.amazon.com/dp/B086YCZN5H?tag=eloabder-20&linkCode=osi&th=1&psc=1"><img src="https://m.media-amazon.com/images/I/41jKlfbIwGL._SL500_.jpg" alt="Product Image"></a><p>Crib Mattress Protector Sheets Fitted Waterproof Crib Mattress Pad Cover, Noiseless & Machine Wash 100% Absorbent Crib/Toddler Mattress Protector Sheet Quilted, White, 52" x 28"</p><p> -11% 0FF </p><p>$11.98</p><a href="https://www.amazon.com/dp/B086YCZN5H?tag=eloabder-20&linkCode=osi&th=1&psc=1">View Product</a></div><div class="product"><a href="https://www.amazon.com/dp/B0CLL7JPTY?tag=eloabder-20&linkCode=osi&th=1&psc=1"><img src="https://m.media-amazon.com/images/I/41X3AyJQqrL._SL500_.jpg" alt="Product Image"></a><p>PINNKKU 3-Piece Crib Bedding Set for Boy Girls, Includes Crib Skirt, Blanket and Crib Sheet, Crib Baby Bedding, Pintuck Pinch Pleat Pink</p><p> -19% 0FF </p><p>$34.99 ($11.66 / Count)</p><a href="https://www.amazon.com/dp/B0CLL7JPTY?tag=eloabder-20&linkCode=osi&th=1&psc=1">View Product</a></div><div class="product"><a href="https://www.amazon.com/dp/B08G3DCPYM?tag=eloabder-20&linkCode=osi&th=1&psc=1"><img src="https://m.media-amazon.com/images/I/51UmAUm+f-L._SL500_.jpg" alt="Product Image"></a><p>Bedtime Originals Mighty Jungle 3Piece Crib Bedding Set, Multicolor (283003V)</p><p> -27% 0FF </p><p>$49.49</p><a href="https://www.amazon.com/dp/B08G3DCPYM?tag=eloabder-20&linkCode=osi&th=1&psc=1">View Product</a></div><div class="product"><a href="https://www.amazon.com/dp/B0BRWWTS3M?tag=eloabder-20&linkCode=osi&th=1&psc=1"><img src="https://m.media-amazon.com/images/I/51WZGfoIsvL._SL500_.jpg" alt="Product Image"></a><p>The Peanutshell 3 Piece Baby Crib Bedding Set for Girls - Newborn, Infant & Toddler Nursery Bed Set Decor with Fitted Crib Sheet, Dust Ruffle, Crib Comforter - Wildest Dreams</p><p> -10% 0FF </p><p>$44.99</p><a href="https://www.amazon.com/dp/B0BRWWTS3M?tag=eloabder-20&linkCode=osi&th=1&psc=1">View Product</a></div>
<div class="product"><a href="https://www.amazon.com/dp/B010S7VZI0?tag=eloabder-20&linkCode=osi&th=1&psc=1"><img src="https://m.media-amazon.com/images/I/31Ll01T4-sL._SL500_.jpg" alt="Product Image"></a><p>Graco Premium Crib & Toddler Mattress – GREENGUARD Gold Certified & CertiPUR-US Certified, Fits All Standard Crib & Toddler Beds, Waterproof Sleep Surface, Machine-Washable Outer Cover for Easy Care</p><p> -25% 0FF </p><p>$89.99</p><a href="https://www.amazon.com/dp/B010S7VZI0?tag=eloabder-20&linkCode=osi&th=1&psc=1">View Product</a></div><div class="product"><a href="https://www.amazon.com/dp/B0030V4Z02?tag=eloabder-20&linkCode=osi&th=1&psc=1"><img src="https://m.media-amazon.com/images/I/416srazdlsL._SL500_.jpg" alt="Product Image"></a><p>Dream On Me Honeycomb Orthopedic Firm Fiber Standard Baby Crib Mattress, Greenguard Gold and JPMA Certified, 5” Fiber Core Optimum Support, Fits Crib and Toddler Bed, Waterproof Vinyl Cover</p><p> -7% 0FF </p><p>$59.87</p><a href="https://www.amazon.com/dp/B0030V4Z02?tag=eloabder-20&linkCode=osi&th=1&psc=1">View Product</a></div><div class="product"><a href="https://www.amazon.com/dp/B0BLK39GTG?tag=eloabder-20&linkCode=osi&th=1&psc=1"><img src="https://m.media-amazon.com/images/I/41U0AL73RKL._SL500_.jpg" alt="Product Image"></a><p>Letmxiu Premium Dual-Sided Crib & Toddler Mattress,100% Knitted Fabric,Premium Fleece-Hypoallergenic,5" Firm Soft Crib Mattress, Non-Toxic Toddler Bed Mattress Fits Standard Cribs & Toddler Beds</p><p> -14% 0FF </p><p>$59.99</p><a href="https://www.amazon.com/dp/B0BLK39GTG?tag=eloabder-20&linkCode=osi&th=1&psc=1">View Product</a></div><div class="product"><a href="https://www.amazon.com/dp/B0BWDRBYL4?tag=eloabder-20&linkCode=osi&th=1&psc=1"><img src="https://m.media-amazon.com/images/I/41dkngPyPEL._SL500_.jpg" alt="Product Image"></a><p>Tiankehan Premium Dual-Sided Baby Crib Mattress and Toddler Mattress - 52" x 27.6" x 5" - Breathable - Firm Soft - Fits Standard Cribs and Toddler Beds</p><p> -14% 0FF </p><p>$59.98</p><a href="https://www.amazon.com/dp/B0BWDRBYL4?tag=eloabder-20&linkCode=osi&th=1&psc=1">View Product</a></div>
<div class="product"><a href="https://www.amazon.com/dp/B0C7T23J3Y?tag=eloabder-20&linkCode=osi&th=1&psc=1"><img src="https://m.media-amazon.com/images/I/41wcurEQD3L._SL500_.jpg" alt="Product Image"></a><p>The Peanutshell Crib Mobile for Girls - Pink and White Musical Baby Crib Mobile with 12 Lullabies, Forest Baby Mobile Crib Little Forest Nursery Decor</p><p> -16% 0FF </p><p>$37.69</p><a href="https://www.amazon.com/dp/B0C7T23J3Y?tag=eloabder-20&linkCode=osi&th=1&psc=1">View Product</a></div><div class="product"><a href="https://www.amazon.com/dp/B0C7SC34Z3?tag=eloabder-20&linkCode=osi&th=1&psc=1"><img src="https://m.media-amazon.com/images/I/41i+L053hPL._SL500_.jpg" alt="Product Image"></a><p>The Peanutshell Crib Mobile for Boys or Girls - Light and Dark Blue Musical Baby Crib Mobile with 12 Lullabies, Ocean Baby Mobile Crib Nautical Nursery Decor</p><p> -11% 0FF </p><p>$39.99</p><a href="https://www.amazon.com/dp/B0C7SC34Z3?tag=eloabder-20&linkCode=osi&th=1&psc=1">View Product</a></div>
<div class="product"><a href="https://www.amazon.com/dp/B07K594Q7W?tag=eloabder-20&linkCode=osi&th=1&psc=1"><img src="https://m.media-amazon.com/images/I/41chCOFT3fL._SL500_.jpg" alt="Product Image"></a><p>Burt's Bees Baby Print Fitted Crib Sheet Organic Cotton BEESNUG - Hello Moon! Prints, Fits Unisex Standard Bed and Toddler Mattress, Infant Essentials, 52 x 28 Inch 1-Pack</p><p> -34% 0FF </p><p>$13.80</p><a href="https://www.amazon.com/dp/B07K594Q7W?tag=eloabder-20&linkCode=osi&th=1&psc=1">View Product</a></div><div class="product"><a href="https://www.amazon.com/dp/B08HYS8HCQ?tag=eloabder-20&linkCode=osi&th=1&psc=1"><img src="https://m.media-amazon.com/images/I/41OJxVS5clL._SL500_.jpg" alt="Product Image"></a><p>KeaBabies 2-Pack Organic Crib Sheets for Boys, Girls, Jersey Fitted Crib Sheet, Baby Crib Sheets Neutral, Cotton Breathable Crib Sheet, Cute Printed Crib Mattress Sheet, Baby Mattress Sheets(Woodland)</p><p> -27% 0FF </p><p>$21.96</p><a href="https://www.amazon.com/dp/B08HYS8HCQ?tag=eloabder-20&linkCode=osi&th=1&psc=1">View Product</a></div><div class="product"><a href="https://www.amazon.com/dp/B07JBRWPRZ?tag=eloabder-20&linkCode=osi&th=1&psc=1"><img src="https://m.media-amazon.com/images/I/41WkDf7XWaL._SL500_.jpg" alt="Product Image"></a><p>American Baby Company 3 Pack Fitted Mini Crib Sheet 24" x 38", Soft Breathable Neutral 100% Cotton Jersey Portable Sheet, Gray Star/Zigzag, for Boys and Girls, Fits Most Pack N Play Mattresses</p><p> -20% 0FF </p><p>$14.34</p><a href="https://www.amazon.com/dp/B07JBRWPRZ?tag=eloabder-20&linkCode=osi&th=1&psc=1">View Product</a></div><div class="product"><a href="https://www.amazon.com/dp/B0BGWX27FP?tag=eloabder-20&linkCode=osi&th=1&psc=1"><img src="https://m.media-amazon.com/images/I/41tRk-EAY-L._SL500_.jpg" alt="Product Image"></a><p>4-Pack Fitted Crib Sheets for Boys and Girls - Breathable, Soft Microfiber Baby Sheets in Grey, Navy and White</p><p> -9% 0FF </p><p>$19.99 ($5.00 / Count)</p><a href="https://www.amazon.com/dp/B0BGWX27FP?tag=eloabder-20&linkCode=osi&th=1&psc=1">View Product</a></div>
<div class="product"><a href="https://www.amazon.com/dp/B082WW1FCQ?tag=eloabder-20&linkCode=osi&th=1&psc=1"><img src="https://m.media-amazon.com/images/I/416EVH-FKwL._SL500_.jpg" alt="Product Image"></a><p>Crib Bed Skirt 28” x 52” with 14” Drop Pleated Dust Ruffle for Baby Boys Girls Elastic Adjustable Fit Toddler Bedskirt Easy On/Off Soft Nursery Standard Crib Bedding Skirts Solid White Crib Skirt</p><p> -18% 0FF </p><p>$17.99</p><a href="https://www.amazon.com/dp/B082WW1FCQ?tag=eloabder-20&linkCode=osi&th=1&psc=1">View Product</a></div><div class="product"><a href="https://www.amazon.com/dp/B000YFU77W?tag=eloabder-20&linkCode=osi&th=1&psc=1"><img src="https://m.media-amazon.com/images/I/31R9qJzse7L._SL500_.jpg" alt="Product Image"></a><p>American Baby Company 100% Natural Cotton Percale Ruffled Crib Skirt, Cream, 52"L x 28"W + 13.5"</p><p> -33% 0FF </p><p>$16.79</p><a href="https://www.amazon.com/dp/B000YFU77W?tag=eloabder-20&linkCode=osi&th=1&psc=1">View Product</a></div><div class="product"><a href="https://www.amazon.com/dp/B0B5YML25P?tag=eloabder-20&linkCode=osi&th=1&psc=1"><img src="https://m.media-amazon.com/images/I/31DyVARAxlL._SL500_.jpg" alt="Product Image"></a><p>Lush Decor Ruffle Crib Skirt, 16" Drop, White</p><p> -26% 0FF </p><p>$28.19</p><a href="https://www.amazon.com/dp/B0B5YML25P?tag=eloabder-20&linkCode=osi&th=1&psc=1">View Product</a></div>
<div class="product"><a href="https://www.amazon.com/dp/B0D8B4FNHF?tag=eloabder-20&linkCode=osi&th=1&psc=1"><img src="https://m.media-amazon.com/images/I/41gmkYMTEaL._SL500_.jpg" alt="Product Image"></a><p>CHICWAY Baby Patter for Sleep, Baby Sleep Soother, Baby Vibrating Soother 3 Vibration Modes & Intensities Help Baby Sleep, Crib Toy, Crib Accessory, Registry Gift, Shower Gift, Newborn Baby Essentials</p><p> -54% 0FF </p><p>$22.91</p><a href="https://www.amazon.com/dp/B0D8B4FNHF?tag=eloabder-20&linkCode=osi&th=1&psc=1">View Product</a></div><div class="product"><a href="https://www.amazon.com/dp/B009UPUFCY?tag=eloabder-20&linkCode=osi&th=1&psc=1"><img src="https://m.media-amazon.com/images/I/41MuYdMqcXL._SL500_.jpg" alt="Product Image"></a><p>Munchkin® Lulla-Vibe™ Vibrating Mattress Pad Sleep Soother</p><p> -9% 0FF </p><p>$27.25</p><a href="https://www.amazon.com/dp/B009UPUFCY?tag=eloabder-20&linkCode=osi&th=1&psc=1">View Product</a></div>

<div class="product"><a href="https://www.amazon.com/dp/B098TWMRNV?tag=eloabder-20&linkCode=osi&th=1&psc=1"><img src="https://m.media-amazon.com/images/I/51eBNBdbFPL._SL500_.jpg" alt="Product Image"></a><p>PILLANI Baby Diaper Bag Backpack - Baby Bag for Boys & Girls - Diaper Backpack - Large Travel Diaper Bags w/Changing Pad - Baby Registry Search & Shower Gifts Newborn Essentials & Items for Mom, Gray</p><p> -37% 0FF </p><p>$34.99</p><a href="https://www.amazon.com/dp/B098TWMRNV?tag=eloabder-20&linkCode=osi&th=1&psc=1">View Product</a></div><div class="product"><a href="https://www.amazon.com/dp/B07HL6FV5F?tag=eloabder-20&linkCode=osi&th=1&psc=1"><img src="https://m.media-amazon.com/images/I/41CpqR1T2iL._SL500_.jpg" alt="Product Image"></a><p>RUVALINO Diaper Bag Backpack - Multifunction Waterproof Travel Essentials, Maternity Baby Bag with Changing Pad & Stroller D-Ring & Pacifier Case - Baby Registry Search/Items & Shower Gifts - Black</p><p> -51% 0FF </p><p>$43.99</p><a href="https://www.amazon.com/dp/B07HL6FV5F?tag=eloabder-20&linkCode=osi&th=1&psc=1">View Product</a></div><div class="product"><a href="https://www.amazon.com/dp/B0BSKZFV8Z?tag=eloabder-20&linkCode=osi&th=1&psc=1"><img src="https://m.media-amazon.com/images/I/41kJJGd0-KL._SL500_.jpg" alt="Product Image"></a><p>Skip Hop Diaper Bag Backpack: Forma, Multi-Function Baby Travel Bag with Changing Pad & Stroller Attachment, Sage</p><p> -6% 0FF </p><p>$74.49</p><a href="https://www.amazon.com/dp/B0BSKZFV8Z?tag=eloabder-20&linkCode=osi&th=1&psc=1">View Product</a></div>
<div class="product"><a href="https://www.amazon.com/dp/B00569GU18?tag=eloabder-20&linkCode=osi&th=1&psc=1"><img src="https://m.media-amazon.com/images/I/41Zx990UFlL._SL500_.jpg" alt="Product Image"></a><p>Boudreaux's Butt Paste Maximum Strength Diaper Rash Cream, Ointment for Baby, 4 oz Tube</p><p> -12% 0FF </p><p>$7.48 ($1.87 / Ounce)</p><a href="https://www.amazon.com/dp/B00569GU18?tag=eloabder-20&linkCode=osi&th=1&psc=1">View Product</a></div><div class="product"><a href="https://www.amazon.com/dp/B00ZQXT4EY?tag=eloabder-20&linkCode=osi&th=1&psc=1"><img src="https://m.media-amazon.com/images/I/31SXI-cW6IL._SL500_.jpg" alt="Product Image"></a><p>Desitin Maximum Strength Baby Diaper Rash Cream, 40% Zinc Oxide for Treatment, Relief & Prevention, Hypoallergenic, Phthalate- & Paraben-Free Paste, Protects Skin for 12 Hours, 4.8 oz</p><p> -38% 0FF </p><p>$7.33 ($1.53 / Ounce)</p><a href="https://www.amazon.com/dp/B00ZQXT4EY?tag=eloabder-20&linkCode=osi&th=1&psc=1">View Product</a></div><div class="product"><a href="https://www.amazon.com/dp/B082QBB8KQ?tag=eloabder-20&linkCode=osi&th=1&psc=1"><img src="https://m.media-amazon.com/images/I/51vNnfQ6MmL._SL500_.jpg" alt="Product Image"></a><p>Aquaphor Baby Diaper Rash Paste - For Serious Diaper Rash and Flare-ups - 3.5 Oz. Tube</p><p> -5% 0FF </p><p>$7.87 ($2.25 / Ounce)</p><a href="https://www.amazon.com/dp/B082QBB8KQ?tag=eloabder-20&linkCode=osi&th=1&psc=1">View Product</a></div><div class="product"><a href="https://www.amazon.com/dp/B00M0N9J20?tag=eloabder-20&linkCode=osi&th=1&psc=1"><img src="https://m.media-amazon.com/images/I/41t50K+y9yL._SL500_.jpg" alt="Product Image"></a><p>Desitin Daily Defense Baby Diaper Rash Cream with Zinc Oxide to Treat, Relieve & Prevent diaper rash, Hypoallergenic, Dye-, Phthalate- & Paraben-Free, 4 oz</p><p> -42% 0FF </p><p>$5.39 ($1.35 / Ounce)</p><a href="https://www.amazon.com/dp/B00M0N9J20?tag=eloabder-20&linkCode=osi&th=1&psc=1">View Product</a></div><div class="product"><a href="https://www.amazon.com/dp/B00Q2MYU9W?tag=eloabder-20&linkCode=osi&th=1&psc=1"><img src="https://m.media-amazon.com/images/I/51PiNmf+vpL._SL500_.jpg" alt="Product Image"></a><p>Aquaphor Baby Diaper Rash Cream, 3-in-1 Diaper Rash Relief, 3.5 Oz Tube</p><p> -17% 0FF </p><p>$18.69 ($1.78 / Ounce)</p><a href="https://www.amazon.com/dp/B00Q2MYU9W?tag=eloabder-20&linkCode=osi&th=1&psc=1">View Product</a></div><div class="product"><a href="https://www.amazon.com/dp/B0B4PNGXFS?tag=eloabder-20&linkCode=osi&th=1&psc=1"><img src="https://m.media-amazon.com/images/I/51BB218LJpL._SL500_.jpg" alt="Product Image"></a><p>Triple Paste Diaper Rash Cream for Baby - 3 oz Tube - Zinc Oxide Ointment Treats, Soothes and Prevents Diaper Rash - Pediatrician-Recommended Hypoallergenic Formula with Soothing Botanicals</p><p> -25% 0FF </p><p>$8.96 ($2.99 / Ounce)</p><a href="https://www.amazon.com/dp/B0B4PNGXFS?tag=eloabder-20&linkCode=osi&th=1&psc=1">View Product</a></div><div class="product"><a href="https://www.amazon.com/dp/B00KFITCXS?tag=eloabder-20&linkCode=osi&th=1&psc=1"><img src="https://m.media-amazon.com/images/I/41Upagho5nL._SL500_.jpg" alt="Product Image"></a><p>The Honest Company Hypoallergenic Diaper Rash Cream | Moisturizing + Calming Zinc Oxide Ointment | NEA Recognized, Cruelty Free | 2.5 oz</p><p> -7% 0FF </p><p>$10.25 ($4.10 / Ounce)</p><a href="https://www.amazon.com/dp/B00KFITCXS?tag=eloabder-20&linkCode=osi&th=1&psc=1">View Product</a></div><div class="product"><a href="https://www.amazon.com/dp/B000LTJRQ8?tag=eloabder-20&linkCode=osi&th=1&psc=1"><img src="https://m.media-amazon.com/images/I/51z4dtHfCgL._SL500_.jpg" alt="Product Image"></a><p>Triple Paste Diaper Rash Cream for Baby - 8 Oz Tub - Zinc Oxide Ointment Treats, Soothes and Prevents Diaper Rash - Pediatrician-Recommended Hypoallergenic Formula with Soothing Botanicals</p><p> -27% 0FF </p><p>$14.53 ($1.82 / Ounce)</p><a href="https://www.amazon.com/dp/B000LTJRQ8?tag=eloabder-20&linkCode=osi&th=1&psc=1">View Product</a></div><div class="product"><a href="https://www.amazon.com/dp/B00BH0PZBG?tag=eloabder-20&linkCode=osi&th=1&psc=1"><img src="https://m.media-amazon.com/images/I/41nENIiSAHL._SL500_.jpg" alt="Product Image"></a><p>Desitin Maximum Strength Baby Diaper Rash Cream with 40% Zinc Oxide for Treatment, Relief & Prevention, Hypoallergenic, Phthalate- & Paraben-Free Paste, 16 oz</p><p> -31% 0FF </p><p>$18.44 ($1.15 / Ounce)</p><a href="https://www.amazon.com/dp/B00BH0PZBG?tag=eloabder-20&linkCode=osi&th=1&psc=1">View Product</a></div><div class="product"><a href="https://www.amazon.com/dp/B000V3MFUY?tag=eloabder-20&linkCode=osi&th=1&psc=1"><img src="https://m.media-amazon.com/images/I/31To+A+IRQL._SL500_.jpg" alt="Product Image"></a><p>Weleda Baby Calendula Diaper Cream, 2.8 Fluid Ounce, Plant Rich Protection with Calendula, Chamomile, Sweet Almond Oil, Lanolin and Zinc Oxide</p><p> -12% 0FF </p><p>$12.32 ($4.40 / Ounce)</p><a href="https://www.amazon.com/dp/B000V3MFUY?tag=eloabder-20&linkCode=osi&th=1&psc=1">View Product</a></div>
<div class="product"><a href="https://www.amazon.com/dp/B012UFN9T6?tag=eloabder-20&linkCode=osi&th=1&psc=1"><img src="https://m.media-amazon.com/images/I/51SxpJF694L._SL500_.jpg" alt="Product Image"></a><p>Nuby Diaper Disposal Bags for Baby - (6-Pack) 50 Count Disposable Bags - Fresh Baby Powder Scent - Blue</p><p> -10% 0FF </p><p>$16.15</p><a href="https://www.amazon.com/dp/B012UFN9T6?tag=eloabder-20&linkCode=osi&th=1&psc=1">View Product</a></div>
<div class="product"><a href="https://www.amazon.com/dp/B0CPR2N8FD?tag=eloabder-20&linkCode=osi&th=1&psc=1"><img src="https://m.media-amazon.com/images/I/41uXmeS+P5L._SL500_.jpg" alt="Product Image"></a><p>Diaper Genie Select Pail Registry Gift Set (White) | Made of Durable Stainless Steel Metal | Includes 2 Jumbo Refills | Holds 1620 Newborn Diapers</p><p> -20% 0FF </p><p>$59.99</p><a href="https://www.amazon.com/dp/B0CPR2N8FD?tag=eloabder-20&linkCode=osi&th=1&psc=1">View Product</a></div><div class="product"><a href="https://www.amazon.com/dp/B0CNS3R8T7?tag=eloabder-20&linkCode=osi&th=1&psc=1"><img src="https://m.media-amazon.com/images/I/31BIw9M8SwL._SL500_.jpg" alt="Product Image"></a><p>Diaper Genie Classic Pail Includes 1 Starter Square Refill That can Hold up to 165 Newborn-Sized Diapers.</p><p> -20% 0FF </p><p>$23.99</p><a href="https://www.amazon.com/dp/B0CNS3R8T7?tag=eloabder-20&linkCode=osi&th=1&psc=1">View Product</a></div><div class="product"><a href="https://www.amazon.com/dp/B0BWGZ7J7W?tag=eloabder-20&linkCode=osi&th=1&psc=1"><img src="https://m.media-amazon.com/images/I/41pqvAOekFL._SL500_.jpg" alt="Product Image"></a><p>Diaper Genie Signature Gift Set | Includes Easy Roll Refill with 48 Bags | Holds Up to 2256 Newborn Diapers</p><p> -41% 0FF </p><p>$52.79</p><a href="https://www.amazon.com/dp/B0BWGZ7J7W?tag=eloabder-20&linkCode=osi&th=1&psc=1">View Product</a></div><div class="product"><a href="https://www.amazon.com/dp/B00821FLT4?tag=eloabder-20&linkCode=osi&th=1&psc=1"><img src="https://m.media-amazon.com/images/I/21an29pWMkL._SL500_.jpg" alt="Product Image"></a><p>Ubbi Steel Diaper Pail, Odor Locking, No Special Bag Required, Award-Winning, Registry Must-Have, White</p><p> -30% 0FF </p><p>$55.99</p><a href="https://www.amazon.com/dp/B00821FLT4?tag=eloabder-20&linkCode=osi&th=1&psc=1">View Product</a></div><div class="product"><a href="https://www.amazon.com/dp/B0BWGWZ2J4?tag=eloabder-20&linkCode=osi&th=1&psc=1"><img src="https://m.media-amazon.com/images/I/317sppbydxL._SL500_.jpg" alt="Product Image"></a><p>Diaper Genie Signature Pail (Grey) Includes 1 Easy Roll Refill with 18 Bags | Holds Up to 846 Newborn-Sized Diapers Per Refill</p><p> -20% 0FF </p><p>$47.99</p><a href="https://www.amazon.com/dp/B0BWGWZ2J4?tag=eloabder-20&linkCode=osi&th=1&psc=1">View Product</a></div>
<div class="product"><a href="https://www.amazon.com/dp/B0083973FK?tag=eloabder-20&linkCode=osi&th=1&psc=1"><img src="https://m.media-amazon.com/images/I/51c+QHPetfL._SL500_.jpg" alt="Product Image"></a><p>Sposie Booster Pads, Stop Overnight Diaper Leaks, Adhesive-Free for Easy repositioning, Helps Reduce Nighttime Diaper Changes and Diaper Rash, Use with Sizes 4-6, 90 ct.</p><p> -20% 0FF </p><p>$39.99 ($0.44 / Count)</p><a href="https://www.amazon.com/dp/B0083973FK?tag=eloabder-20&linkCode=osi&th=1&psc=1">View Product</a></div><div class="product"><a href="https://www.amazon.com/dp/B07V4MZF2W?tag=eloabder-20&linkCode=osi&th=1&psc=1"><img src="https://m.media-amazon.com/images/I/51u-l608rTL._SL500_.jpg" alt="Product Image"></a><p>Dimples Booster Pads, Baby Diaper Doubler with Adhesive - 1 Size Fits All Diapers - Boosts Diaper Absorbency - No More leaks 90 Count (with Adhesive for Secure Fit)</p><p> -15% 0FF </p><p>$27.99 ($0.31 / Count)</p><a href="https://www.amazon.com/dp/B07V4MZF2W?tag=eloabder-20&linkCode=osi&th=1&psc=1">View Product</a></div><div class="product"><a href="https://www.amazon.com/dp/B0CBQQKMS2?tag=eloabder-20&linkCode=osi&th=1&psc=1"><img src="https://m.media-amazon.com/images/I/51IK5dDp++L._SL500_.jpg" alt="Product Image"></a><p>Inspire Ultra Dimples Diaper Booster Pads | Our Most Absorbent Diaper Inserts Ever | Diaper Pads Inserts Overnight or Daytime | Diaper Liners Turn Any Diaper into Super Overnight Diapers for Babies</p><p> -17% 0FF </p><p>$9.99 ($0.48 / Count)</p><a href="https://www.amazon.com/dp/B0CBQQKMS2?tag=eloabder-20&linkCode=osi&th=1&psc=1">View Product</a></div>
<div class="product"><a href="https://www.amazon.com/dp/B0B5WF7S9F?tag=eloabder-20&linkCode=osi&th=1&psc=1"><img src="https://m.media-amazon.com/images/I/41vB5uYpocL._SL500_.jpg" alt="Product Image"></a><p>Mr. Pen- Baby Diaper Caddy Organizer, Car Caddy, Portable Organizer for Changing Table, Nursery</p><p> -14% 0FF </p><p>$12.85</p><a href="https://www.amazon.com/dp/B0B5WF7S9F?tag=eloabder-20&linkCode=osi&th=1&psc=1">View Product</a></div><div class="product"><a href="https://www.amazon.com/dp/B0734LPFJR?tag=eloabder-20&linkCode=osi&th=1&psc=1"><img src="https://m.media-amazon.com/images/I/51TCskU5lyL._SL500_.jpg" alt="Product Image"></a><p>Lily Miles Baby Diaper Caddy - Large Organizer Tote Bag for Baby essentials Boy or Girl - Baby Shower Basket - Nursery Must Haves - Registry Favorites - Newborn Caddie Car Travel</p><p> -17% 0FF </p><p>$24.95</p><a href="https://www.amazon.com/dp/B0734LPFJR?tag=eloabder-20&linkCode=osi&th=1&psc=1">View Product</a></div><div class="product"><a href="https://www.amazon.com/dp/B0D4LRZW48?tag=eloabder-20&linkCode=osi&th=1&psc=1"><img src="https://m.media-amazon.com/images/I/41NadHwjJlL._SL500_.jpg" alt="Product Image"></a><p>KEETDY Large Diaper Pocket Over the Door Organizer for Nursery, Closet Door Hanging Storage, Baby Organizers and Storage for Newborn Essentials & Diaper Organizer, Beige</p><p> -19% 0FF </p><p>$16.99</p><a href="https://www.amazon.com/dp/B0D4LRZW48?tag=eloabder-20&linkCode=osi&th=1&psc=1">View Product</a></div>
<div class="product"><a href="https://www.amazon.com/dp/B01BDQDIGM?tag=eloabder-20&linkCode=osi&th=1&psc=1"><img src="https://m.media-amazon.com/images/I/41ym1o+HI0L._SL500_.jpg" alt="Product Image"></a><p>Munchkin® STEP™ Diaper Pail Powered by Arm & Hammer, #1 in Odor Control, Award-Winning, Includes 1 Snap, Seal & Toss™ Bag, 1 Starter Refill Ring, and 1 PUCK™ Baking Soda Cartridge</p><p> -19% 0FF </p><p>$59.99</p><a href="https://www.amazon.com/dp/B01BDQDIGM?tag=eloabder-20&linkCode=osi&th=1&psc=1">View Product</a></div><div class="product"><a href="https://www.amazon.com/dp/B0CNS3NMT5?tag=eloabder-20&linkCode=osi&th=1&psc=1"><img src="https://m.media-amazon.com/images/I/41VFasXJE-L._SL500_.jpg" alt="Product Image"></a><p>Diaper Genie Select Pail (Blue) is Made of Durable Stainless Steel and Includes 1 Starter Square Refill That can Hold up to 165 Newborn-Sized Diapers.</p><p> -34% 0FF </p><p>$32.79</p><a href="https://www.amazon.com/dp/B0CNS3NMT5?tag=eloabder-20&linkCode=osi&th=1&psc=1">View Product</a></div><div class="product"><a href="https://www.amazon.com/dp/B000RLQZD8?tag=eloabder-20&linkCode=osi&th=1&psc=1"><img src="https://m.media-amazon.com/images/I/41vuQVcyESL._SL500_.jpg" alt="Product Image"></a><p>Diaper Dekor Plus Hands-Free Diaper Pail | White | Easiest to Use | Just Step–Drop–Done | Doesn’t Absorb Odors | 20 Second Bag Change | Most Economical Refill System | Great for Cloth Diapers</p><p> -9% 0FF </p><p>$49.95</p><a href="https://www.amazon.com/dp/B000RLQZD8?tag=eloabder-20&linkCode=osi&th=1&psc=1">View Product</a></div>
<div class="product"><a href="https://www.amazon.com/dp/B016N3PHBO?tag=eloabder-20&linkCode=osi&th=1&psc=1"><img src="https://m.media-amazon.com/images/I/31X8EAoIwzL._SL500_.jpg" alt="Product Image"></a><p>A+D Zinc Oxide Diaper Rash Treatment Cream, Dimenthicone 1%, Zinc Oxide 10%, Easy Spreading Baby Skin Care, 4 Ounce Tube (Packaging May Vary)</p><p> -9% 0FF </p><p>$5.47 ($0.98 / Ounce)</p><a href="https://www.amazon.com/dp/B016N3PHBO?tag=eloabder-20&linkCode=osi&th=1&psc=1">View Product</a></div>
<div class="product"><a href="https://www.amazon.com/dp/B073V5XZHZ?tag=eloabder-20&linkCode=osi&th=1&psc=1"><img src="https://m.media-amazon.com/images/I/41FJH3vX0xL._SL500_.jpg" alt="Product Image"></a><p>hiccapop Hanging Diaper Organizer for Changing Table, Cribs and Walls, Diaper Stacker and Nursery Organizer | Hanging Storage Caddy Organizer for Baby Essentials |</p><p> -14% 0FF </p><p>$29.92</p><a href="https://www.amazon.com/dp/B073V5XZHZ?tag=eloabder-20&linkCode=osi&th=1&psc=1">View Product</a></div>

<div class="product"><a href="https://www.amazon.com/dp/B07MB5PZBF?tag=eloabder-20&linkCode=osi&th=1&psc=1"><img src="https://m.media-amazon.com/images/I/51JYyHL1KML._SL500_.jpg" alt="Product Image"></a><p>Huggies Size 1 Diapers, Little Snugglers Newborn Diapers, Size 1 (8-14 lbs), 32 Count</p><p> -19% 0FF </p><p>$9.94 ($0.31 / Count)</p><a href="https://www.amazon.com/dp/B07MB5PZBF?tag=eloabder-20&linkCode=osi&th=1&psc=1">View Product</a></div><div class="product"><a href="https://www.amazon.com/dp/B07T4WQRNJ?tag=eloabder-20&linkCode=osi&th=1&psc=1"><img src="https://m.media-amazon.com/images/I/41yeY7iBMEL._SL500_.jpg" alt="Product Image"></a><p>Amazon Brand - Mama Bear Gentle Touch Diapers, Hypoallergenic, Size 5, 33 Count, White</p><p> -9% 0FF </p><p>$11.61</p><a href="https://www.amazon.com/dp/B07T4WQRNJ?tag=eloabder-20&linkCode=osi&th=1&psc=1">View Product</a></div><div class="product"><a href="https://www.amazon.com/dp/B0CKV3GLS2?tag=eloabder-20&linkCode=osi&th=1&psc=1"><img src="https://m.media-amazon.com/images/I/51zE6kc5RWL._SL500_.jpg" alt="Product Image"></a><p>The Honest Company Clean Conscious Diapers | Plant-Based, Sustainable | Young at Heart + Rose Blossom | Club Box, Size 2 (12-18 lbs), 72 Count</p><p> -15% 0FF </p><p>$25.49 ($0.35 / Count)</p><a href="https://www.amazon.com/dp/B0CKV3GLS2?tag=eloabder-20&linkCode=osi&th=1&psc=1">View Product</a></div><div class="product"><a href="https://www.amazon.com/dp/B0CHGJ4YVM?tag=eloabder-20&linkCode=osi&th=1&psc=1"><img src="https://m.media-amazon.com/images/I/51eBhAfAr+L._SL500_.jpg" alt="Product Image"></a><p>Huggies Size 1 Diapers, Skin Essentials Baby Diapers, Size 1 (8-14 lbs), 32 Count</p><p> -19% 0FF </p><p>$9.94 ($0.31 / Count)</p><a href="https://www.amazon.com/dp/B0CHGJ4YVM?tag=eloabder-20&linkCode=osi&th=1&psc=1">View Product</a></div>
<div class="product"><a href="https://www.amazon.com/dp/B005OSHTXO?tag=eloabder-20&linkCode=osi&th=1&psc=1"><img src="https://m.media-amazon.com/images/I/41MQMmwwDUL._SL500_.jpg" alt="Product Image"></a><p>Badger Basket Modern Baby Changing Table with Laundry Hamper, 3 Storage Drawers and Pad, Diaper Change Station - Espresso/Ecru</p><p> -35% 0FF </p><p>$122.99</p><a href="https://www.amazon.com/dp/B005OSHTXO?tag=eloabder-20&linkCode=osi&th=1&psc=1">View Product</a></div><div class="product"><a href="https://www.amazon.com/dp/B0C84T1L1F?tag=eloabder-20&linkCode=osi&th=1&psc=1"><img src="https://m.media-amazon.com/images/I/31VUJhNc2fL._SL500_.jpg" alt="Product Image"></a><p>Portable Baby Changing Table with 2 Storage Baskets, BabyBond Foldable Changing Table Dresser Waterproof Diaper Changing Table Height Adjustable Changing Station for Infant and Newborn(Beige)</p><p> -10% 0FF </p><p>$143.99</p><a href="https://www.amazon.com/dp/B0C84T1L1F?tag=eloabder-20&linkCode=osi&th=1&psc=1">View Product</a></div><div class="product"><a href="https://www.amazon.com/dp/B002ACCC52?tag=eloabder-20&linkCode=osi&th=1&psc=1"><img src="https://m.media-amazon.com/images/I/415B3nyWlOS._SL500_.jpg" alt="Product Image"></a><p>Delta Children Eclipse Changing Table with Changing Pad, Black Cherry</p><p> -24% 0FF </p><p>$106.98</p><a href="https://www.amazon.com/dp/B002ACCC52?tag=eloabder-20&linkCode=osi&th=1&psc=1">View Product</a></div>
<div class="product"><a href="https://www.amazon.com/dp/B01AZ20SSQ?tag=eloabder-20&linkCode=osi&th=1&psc=1"><img src="https://m.media-amazon.com/images/I/51gIZq6E8lL._SL500_.jpg" alt="Product Image"></a><p>Baby Trend Sit N' Stand Double Stroller, Onyx</p><p> -30% 0FF </p><p>$139.99</p><a href="https://www.amazon.com/dp/B01AZ20SSQ?tag=eloabder-20&linkCode=osi&th=1&psc=1">View Product</a></div><div class="product"><a href="https://www.amazon.com/dp/B07B7QC8DV?tag=eloabder-20&linkCode=osi&th=1&psc=1"><img src="https://m.media-amazon.com/images/I/41bHbNU6jhL._SL500_.jpg" alt="Product Image"></a><p>Jeep Destination Ultralight Side x Side Double Stroller, Midnight</p><p> -15% 0FF </p><p>$254.00</p><a href="https://www.amazon.com/dp/B07B7QC8DV?tag=eloabder-20&linkCode=osi&th=1&psc=1">View Product</a></div><div class="product"><a href="https://www.amazon.com/dp/B00GJIXW2K?tag=eloabder-20&linkCode=osi&th=1&psc=1"><img src="https://m.media-amazon.com/images/I/518kAj+pzjL._SL500_.jpg" alt="Product Image"></a><p>Delta Children LX Side by Side Stroller - with Recline, Storage & Compact Fold, Grey</p><p> -33% 0FF </p><p>$74.00</p><a href="https://www.amazon.com/dp/B00GJIXW2K?tag=eloabder-20&linkCode=osi&th=1&psc=1">View Product</a></div><div class="product"><a href="https://www.amazon.com/dp/B01L7C479Y?tag=eloabder-20&linkCode=osi&th=1&psc=1"><img src="https://m.media-amazon.com/images/I/51QBKRK7LwL._SL500_.jpg" alt="Product Image"></a><p>Jeep Scout Double Stroller, Charcoal Galaxy</p><p> -8% 0FF </p><p>$109.99</p><a href="https://www.amazon.com/dp/B01L7C479Y?tag=eloabder-20&linkCode=osi&th=1&psc=1">View Product</a></div><div class="product"><a href="https://www.amazon.com/dp/B07BVMSHTZ?tag=eloabder-20&linkCode=osi&th=1&psc=1"><img src="https://m.media-amazon.com/images/I/41arpDdiGJL._SL500_.jpg" alt="Product Image"></a><p>Baby Trend Expedition Double Jogger Stroller, Griffin</p><p> -12% 0FF </p><p>$219.99</p><a href="https://www.amazon.com/dp/B07BVMSHTZ?tag=eloabder-20&linkCode=osi&th=1&psc=1">View Product</a></div><div class="product"><a href="https://www.amazon.com/dp/B095JMDHG1?tag=eloabder-20&linkCode=osi&th=1&psc=1"><img src="https://m.media-amazon.com/images/I/41RzxXFC3zL._SL500_.jpg" alt="Product Image"></a><p>Summer Infant 3Dlite Folding Lightweight Side by Side Double Stroller with 5-Point Safety Harness for Infants and Toddlers, Black</p><p> -10% 0FF </p><p>$143.99</p><a href="https://www.amazon.com/dp/B095JMDHG1?tag=eloabder-20&linkCode=osi&th=1&psc=1">View Product</a></div>
<div class="product"><a href="https://www.amazon.com/dp/B08SQ88X9F?tag=eloabder-20&linkCode=osi&th=1&psc=1"><img src="https://m.media-amazon.com/images/I/614bujHCtPL._SL500_.jpg" alt="Product Image"></a><p>One Fire Night Light for Kids, 96 Lighting Modes Star Projector 360° Rotating+6 Films Kids Night Light Projector,Rechargeable Baby Night Light Ceiling Projector for Bedroom,Kids Gifts&Kids Room Decor</p><p> -29% 0FF </p><p>$14.98</p><a href="https://www.amazon.com/dp/B08SQ88X9F?tag=eloabder-20&linkCode=osi&th=1&psc=1">View Product</a></div><div class="product"><a href="https://www.amazon.com/dp/B07NZN2ZYN?tag=eloabder-20&linkCode=osi&th=1&psc=1"><img src="https://m.media-amazon.com/images/I/51PBHAO+ngL._SL500_.jpg" alt="Product Image"></a><p>Night Light for Kids,Unicorn Night Light Star Projector Gifts for Kids Toddlers,Night Lights Projector for Baby,Unicorn Lamp Ceiling Lights for Girls Bedroom,Night Light for Kids Bedroom(Light Pink)</p><p> -25% 0FF </p><p>$14.99</p><a href="https://www.amazon.com/dp/B07NZN2ZYN?tag=eloabder-20&linkCode=osi&th=1&psc=1">View Product</a></div><div class="product"><a href="https://www.amazon.com/dp/B01LQX0BXA?tag=eloabder-20&linkCode=osi&th=1&psc=1"><img src="https://m.media-amazon.com/images/I/41BcHezl7XL._SL500_.jpg" alt="Product Image"></a><p>Emotionlite Plug in Night Light, Warm White LED Nightlights, Dusk to Dawn Sensor, Kids, Nursery, Bedroom, Bathroom,Hallway, Stairs, Kitchen, UL Listed, 4 Pack</p><p> -17% 0FF </p><p>$9.99 ($2.50 / Count)</p><a href="https://www.amazon.com/dp/B01LQX0BXA?tag=eloabder-20&linkCode=osi&th=1&psc=1">View Product</a></div><div class="product"><a href="https://www.amazon.com/dp/B07H71NHYM?tag=eloabder-20&linkCode=osi&th=1&psc=1"><img src="https://m.media-amazon.com/images/I/412t0Nzaz2L._SL500_.jpg" alt="Product Image"></a><p>2 Pack Sensor LED Night Lights, Color Changing Plug-in Led Mushroom Dream Bed Lamp for Kids Children Adults, Dusk to Dawn Sensor Auto On/Off, Funny Wall Decor Gifts for Nursery Baby Bed Flower Lamp</p><p> -20% 0FF </p><p>$7.99 ($4.00 / Count)</p><a href="https://www.amazon.com/dp/B07H71NHYM?tag=eloabder-20&linkCode=osi&th=1&psc=1">View Product</a></div>
<div class="product"><a href="https://www.amazon.com/dp/B07N1JP56L?tag=eloabder-20&linkCode=osi&th=1&psc=1"><img src="https://m.media-amazon.com/images/I/31R-qSPlk8L._SL500_.jpg" alt="Product Image"></a><p>Fisher-Price Baby Toy Soothe 'n Snuggle Otter Portable Plush Sound Machine with Music Lights & Breathing Motion for Newborns 0+ Months</p><p> -14% 0FF </p><p>$36.99</p><a href="https://www.amazon.com/dp/B07N1JP56L?tag=eloabder-20&linkCode=osi&th=1&psc=1">View Product</a></div><div class="product"><a href="https://www.amazon.com/dp/B006YBHE6M?tag=eloabder-20&linkCode=osi&th=1&psc=1"><img src="https://m.media-amazon.com/images/I/51xjlvsIJlL._SL500_.jpg" alt="Product Image"></a><p>Baby Einstein Sea Dreams Soother, Crib Mount</p><p> -15% 0FF </p><p>$53.99</p><a href="https://www.amazon.com/dp/B006YBHE6M?tag=eloabder-20&linkCode=osi&th=1&psc=1">View Product</a></div><div class="product"><a href="https://www.amazon.com/dp/B075LRC7Z4?tag=eloabder-20&linkCode=osi&th=1&psc=1"><img src="https://m.media-amazon.com/images/I/51n2YwyhfIL._SL500_.jpg" alt="Product Image"></a><p>Soft Dreams Elephant Music and Glow Soother, Grey/Mint</p><p> -17% 0FF </p><p>$19.99</p><a href="https://www.amazon.com/dp/B075LRC7Z4?tag=eloabder-20&linkCode=osi&th=1&psc=1">View Product</a></div><div class="product"><a href="https://www.amazon.com/dp/B0C98SMC3J?tag=eloabder-20&linkCode=osi&th=1&psc=1"><img src="https://m.media-amazon.com/images/I/41FqmVxcrYL._SL500_.jpg" alt="Product Image"></a><p>Baby Sleep Soother Pillow Pets Dream Lites Dinosaur Projector Plush Toys for Boys Girls Baby Sound Machine Stuffed Animal Machine Pillow Ceiling Toys for Toddler</p><p> -17% 0FF </p><p>$19.99</p><a href="https://www.amazon.com/dp/B0C98SMC3J?tag=eloabder-20&linkCode=osi&th=1&psc=1">View Product</a></div>
<div class="product"><a href="https://www.amazon.com/dp/B01HP0JU2G?tag=eloabder-20&linkCode=osi&th=1&psc=1"><img src="https://m.media-amazon.com/images/I/51VRUtudnyL._SL500_.jpg" alt="Product Image"></a><p>Braun ThermoScan 5 Ear Thermometer</p><p> -11% 0FF </p><p>$31.00</p><a href="https://www.amazon.com/dp/B01HP0JU2G?tag=eloabder-20&linkCode=osi&th=1&psc=1">View Product</a></div><div class="product"><a href="https://www.amazon.com/dp/B07YYMBVVC?tag=eloabder-20&linkCode=osi&th=1&psc=1"><img src="https://m.media-amazon.com/images/I/41eqvQ9sQ-L._SL500_.jpg" alt="Product Image"></a><p>Alcedo Forehead and Ear Thermometer for Adults, Kids, and Baby | Digital Infrared Thermometer for Fever | Touchless, Instant Read, Medical Grade | Pouch and Batteries Included</p><p> -17% 0FF </p><p>$24.95</p><a href="https://www.amazon.com/dp/B07YYMBVVC?tag=eloabder-20&linkCode=osi&th=1&psc=1">View Product</a></div>
<div class="product"><a href="https://www.amazon.com/dp/B077QBJNVM?tag=eloabder-20&linkCode=osi&th=1&psc=1"><img src="https://m.media-amazon.com/images/I/41Rrkn2-CKL._SL500_.jpg" alt="Product Image"></a><p>Baby Nail Trimmer 21 in 1, with Labeled case, Includes 13 Extra Replacement Tools, Royal Angels Baby Electric Nail Kit, Baby Nail Care, Nail File Newborn Toddler Toes & Fingernails Clipper (Blue)</p><p> -49% 0FF </p><p>$15.19</p><a href="https://www.amazon.com/dp/B077QBJNVM?tag=eloabder-20&linkCode=osi&th=1&psc=1">View Product</a></div><div class="product"><a href="https://www.amazon.com/dp/B0CL4G33BX?tag=eloabder-20&linkCode=osi&th=1&psc=1"><img src="https://m.media-amazon.com/images/I/41ciCj+3ozL._SL500_.jpg" alt="Product Image"></a><p>Momcozy Baby Nail File Electric, Gentle Baby Nail Trimmer Electric Rechargeable, Baby Nail Clipper Electric, 7 Grinding Head Replacement Pads</p><p> -17% 0FF </p><p>$24.99</p><a href="https://www.amazon.com/dp/B0CL4G33BX?tag=eloabder-20&linkCode=osi&th=1&psc=1">View Product</a></div><div class="product"><a href="https://www.amazon.com/dp/B07B2C8DJD?tag=eloabder-20&linkCode=osi&th=1&psc=1"><img src="https://m.media-amazon.com/images/I/41fgXtsyDWL._SL500_.jpg" alt="Product Image"></a><p>Baby Nail Trimmer Electric Nail File Baby Nail Clippers, Safe Nail Filer Grinder Kit for Newborn Infant Toddler Kids or Adults Toes Fingernails Care Trim Polish, with Led Light and 10 Grinding Heads</p><p> -8% 0FF </p><p>$14.99</p><a href="https://www.amazon.com/dp/B07B2C8DJD?tag=eloabder-20&linkCode=osi&th=1&psc=1">View Product</a></div><div class="product"><a href="https://www.amazon.com/dp/B0D6R6ZPPF?tag=eloabder-20&linkCode=osi&th=1&psc=1"><img src="https://m.media-amazon.com/images/I/41f5Kh-OjGL._SL500_.jpg" alt="Product Image"></a><p>Electric Baby Nail Clippers - 3 in 1 Fingernail Trimmer, Polisher & Clip Storage with Led, USB Rechargeable & 2 Speeds for Baby, Kids, Adult, Seniors, Caregivers</p><p> -15% 0FF </p><p>$23.58</p><a href="https://www.amazon.com/dp/B0D6R6ZPPF?tag=eloabder-20&linkCode=osi&th=1&psc=1">View Product</a></div>
<div class="product"><a href="https://www.amazon.com/dp/B07WY1PGQC?tag=eloabder-20&linkCode=osi&th=1&psc=1"><img src="https://m.media-amazon.com/images/I/414iv2EhSgL._SL500_.jpg" alt="Product Image"></a><p>Dr. Brown's Natural Flow Anti-Colic Options+ Narrow Glass Baby Bottle 8 oz/250 mL, with Level 1 Slow Flow Nipple, 2 Pack, 0m+</p><p> -6% 0FF </p><p>$15.98</p><a href="https://www.amazon.com/dp/B07WY1PGQC?tag=eloabder-20&linkCode=osi&th=1&psc=1">View Product</a></div><div class="product"><a href="https://www.amazon.com/dp/B000WPVCQE?tag=eloabder-20&linkCode=osi&th=1&psc=1"><img src="https://m.media-amazon.com/images/I/41sXQF4JFtL._SL500_.jpg" alt="Product Image"></a><p>Medela Slow Flow Feeding & Storage Bottles, 3 Pack of 5 Ounce Bottle with Nipple, Lids, Wide Base Collars, and Travel Caps, Made Without BPA</p><p> -37% 0FF </p><p>$14.98</p><a href="https://www.amazon.com/dp/B000WPVCQE?tag=eloabder-20&linkCode=osi&th=1&psc=1">View Product</a></div><div class="product"><a href="https://www.amazon.com/dp/B08XNYS46K?tag=eloabder-20&linkCode=osi&th=1&psc=1"><img src="https://m.media-amazon.com/images/I/31bCTm8z+KL._SL500_.jpg" alt="Product Image"></a><p>Sassy 2pk Baby Food Nursers- 3 Nipples, Multi</p><p> -15% 0FF </p><p>$11.04</p><a href="https://www.amazon.com/dp/B08XNYS46K?tag=eloabder-20&linkCode=osi&th=1&psc=1">View Product</a></div>
<div class="product"><a href="https://www.amazon.com/dp/B004RIBVTK?tag=eloabder-20&linkCode=osi&th=1&psc=1"><img src="https://m.media-amazon.com/images/I/41qLfV5gyYL._SL500_.jpg" alt="Product Image"></a><p>First Aid Only 12-110 Alcohol Wipes, Individually Wrapped, 100 Per Box</p><p> -9% 0FF </p><p>$5.29 ($0.05 / Count)</p><a href="https://www.amazon.com/dp/B004RIBVTK?tag=eloabder-20&linkCode=osi&th=1&psc=1">View Product</a></div><div class="product"><a href="https://www.amazon.com/dp/B09YN8K3TH?tag=eloabder-20&linkCode=osi&th=1&psc=1"><img src="https://m.media-amazon.com/images/I/51uaWltWJiL._SL500_.jpg" alt="Product Image"></a><p>Baby Healthcare and Grooming Kit, Portable Baby Safety Care Set, Baby Essentials kit for Newborn (Blue 26 in 1)</p><p> -6% 0FF </p><p>$16.99</p><a href="https://www.amazon.com/dp/B09YN8K3TH?tag=eloabder-20&linkCode=osi&th=1&psc=1">View Product</a></div><div class="product"><a href="https://www.amazon.com/dp/B09FFT9BL2?tag=eloabder-20&linkCode=osi&th=1&psc=1"><img src="https://m.media-amazon.com/images/I/51mTQI4FDBL._SL500_.jpg" alt="Product Image"></a><p>Smart Care Fisher-Price 6-Piece Baby Healthcare Kit, Newborn Essentials, Baby Gift Set, Includes Medicine Dispensers, Aspirator, Baby Nail Clippers, Baby Thermometer</p><p> -23% 0FF </p><p>$10.73</p><a href="https://www.amazon.com/dp/B09FFT9BL2?tag=eloabder-20&linkCode=osi&th=1&psc=1">View Product</a></div>

<div class="product"><a href="https://www.amazon.com/dp/B07GTMWP8R?tag=eloabder-20&linkCode=osi&th=1&psc=1"><img src="https://m.media-amazon.com/images/I/412oB-MFGOL._SL500_.jpg" alt="Product Image"></a><p>Matyz Versatile Baby Food Maker Set - Toddler Food Mills with Mash Bowl, Hand Masher, Citrus Juicer, Grater - Making Homemade Baby Food - Fruits and Vegetables Masher - No BPA (Yellow)</p><p> -36% 0FF </p><p>$15.99</p><a href="https://www.amazon.com/dp/B07GTMWP8R?tag=eloabder-20&linkCode=osi&th=1&psc=1">View Product</a></div><div class="product"><a href="https://www.amazon.com/dp/B00FWSQ55E?tag=eloabder-20&linkCode=osi&th=1&psc=1"><img src="https://m.media-amazon.com/images/I/316TAIMF4qL._SL500_.jpg" alt="Product Image"></a><p>NUK Fresh Foods Masher & Bowl, colour pistachio</p><p> -10% 0FF </p><p>$17.99</p><a href="https://www.amazon.com/dp/B00FWSQ55E?tag=eloabder-20&linkCode=osi&th=1&psc=1">View Product</a></div>
<div class="product"><a href="https://www.amazon.com/dp/B07MYW28QR?tag=eloabder-20&linkCode=osi&th=1&psc=1"><img src="https://m.media-amazon.com/images/I/315j5b08H9L._SL500_.jpg" alt="Product Image"></a><p>Baby Brezza New and Improved Formula Pro Advanced Formula Dispenser Machine - Automatically Mix a Warm Formula Bottle Instantly - Easily Make Bottle with Automatic Powder Blending, White</p><p> -20% 0FF </p><p>$184.99</p><a href="https://www.amazon.com/dp/B07MYW28QR?tag=eloabder-20&linkCode=osi&th=1&psc=1">View Product</a></div>
<div class="product"><a href="https://www.amazon.com/dp/B0B2KVK1QS?tag=eloabder-20&linkCode=osi&th=1&psc=1"><img src="https://m.media-amazon.com/images/I/31JCp0AmlBL._SL500_.jpg" alt="Product Image"></a><p>Dr. Brown's Baby Formula Mixing Pitcher with Adjustable Stopper, Locking Lid, & No Drip Spout, 32oz, BPA Free, Teal</p><p> -9% 0FF </p><p>$9.97</p><a href="https://www.amazon.com/dp/B0B2KVK1QS?tag=eloabder-20&linkCode=osi&th=1&psc=1">View Product</a></div><div class="product"><a href="https://www.amazon.com/dp/B0CM5J4JWT?tag=eloabder-20&linkCode=osi&th=1&psc=1"><img src="https://m.media-amazon.com/images/I/31VSt6TaXAL._SL500_.jpg" alt="Product Image"></a><p>Electric Baby Formula Mixing Pitcher, NehNeh Baby Bi-directional Alternating Stirring Mixer | No Air Bubble | No Clumps | No Drip Spout | Locking Lid | Fridge Storage 36oz, BPA Free -Green</p><p> -27% 0FF </p><p>$21.99</p><a href="https://www.amazon.com/dp/B0CM5J4JWT?tag=eloabder-20&linkCode=osi&th=1&psc=1">View Product</a></div><div class="product"><a href="https://www.amazon.com/dp/B0D1C9D91Q?tag=eloabder-20&linkCode=osi&th=1&psc=1"><img src="https://m.media-amazon.com/images/I/41MGIga8RYL._SL500_.jpg" alt="Product Image"></a><p>Electric Bottle Brush Cleaner Baby, Silicone Electric Baby Bottle Brush Set with Nipple Brush/Baby Formula Mixer USB Rechargeable & 2 Mode 360° Spinning Cleaner. Essential Feeding Supplies for Moms</p><p> -24% 0FF </p><p>$21.99</p><a href="https://www.amazon.com/dp/B0D1C9D91Q?tag=eloabder-20&linkCode=osi&th=1&psc=1">View Product</a></div>
<div class="product"><a href="https://www.amazon.com/dp/B0823FX2SL?tag=eloabder-20&linkCode=osi&th=1&psc=1"><img src="https://m.media-amazon.com/images/I/41i+ptDBdcL._SL500_.jpg" alt="Product Image"></a><p>Frida Baby Grooming Kit | Baby Essentials Gift Set Includes Finger Brush with Storage Stand, Hair Brush with Case, Styling Hair Comb, Easy Grip Nail Scissors with Nail File and Case</p><p> -39% 0FF </p><p>$15.26</p><a href="https://www.amazon.com/dp/B0823FX2SL?tag=eloabder-20&linkCode=osi&th=1&psc=1">View Product</a></div><div class="product"><a href="https://www.amazon.com/dp/B08PFCJWLF?tag=eloabder-20&linkCode=osi&th=1&psc=1"><img src="https://m.media-amazon.com/images/I/41ugdN8QcEL._SL500_.jpg" alt="Product Image"></a><p>OTTOLIVES Baby Healthcare and Grooming Kit, 24 in 1 Baby Electric Nail Trimmer Set Newborn Nursery Health Care Set for Newborn Infant Toddlers Baby Boys Girls Kids Haircut Tools (0-3 Years+) (Pink)</p><p> -17% 0FF </p><p>$24.99</p><a href="https://www.amazon.com/dp/B08PFCJWLF?tag=eloabder-20&linkCode=osi&th=1&psc=1">View Product</a></div>
<div class="product"><a href="https://www.amazon.com/dp/B074W7SKZ2?tag=eloabder-20&linkCode=osi&th=1&psc=1"><img src="https://m.media-amazon.com/images/I/31KOO0YFRdL._SL500_.jpg" alt="Product Image"></a><p>Mibote Baby Growth Height Chart Handing Ruler Wall Decor for Kids, Canvas Removable Height Growth Chart 79" x 7.9" (Black & White)</p><p> -18% 0FF </p><p>$7.99</p><a href="https://www.amazon.com/dp/B074W7SKZ2?tag=eloabder-20&linkCode=osi&th=1&psc=1">View Product</a></div><div class="product"><a href="https://www.amazon.com/dp/B073V6JFZ1?tag=eloabder-20&linkCode=osi&th=1&psc=1"><img src="https://m.media-amazon.com/images/I/31Fr48bMYdL._SL500_.jpg" alt="Product Image"></a><p>Kate and Laurel Growth Chart 6.5' Wood Wall Ruler, Rustic Brown</p><p> -12% 0FF </p><p>$52.99</p><a href="https://www.amazon.com/dp/B073V6JFZ1?tag=eloabder-20&linkCode=osi&th=1&psc=1">View Product</a></div><div class="product"><a href="https://www.amazon.com/dp/B08PTVQ1W5?tag=eloabder-20&linkCode=osi&th=1&psc=1"><img src="https://m.media-amazon.com/images/I/31m1GJZxGtS._SL500_.jpg" alt="Product Image"></a><p>PandaEar Baby Height Growth Chart Ruler| Kids Boys Girls | Removable Wall Decor Measurement 79" x 7.9" (White)</p><p> -16% 0FF </p><p>$7.59</p><a href="https://www.amazon.com/dp/B08PTVQ1W5?tag=eloabder-20&linkCode=osi&th=1&psc=1">View Product</a></div><div class="product"><a href="https://www.amazon.com/dp/B08TVT93RY?tag=eloabder-20&linkCode=osi&th=1&psc=1"><img src="https://m.media-amazon.com/images/I/41kME5mTgKL._SL500_.jpg" alt="Product Image"></a><p>SUJAYU Growth Chart for Kids, Canvas Height Chart Ruler Removable Wood Hanging Wall Ruler Measurement Chart for Home Decoration (White)</p><p> -13% 0FF </p><p>$6.99</p><a href="https://www.amazon.com/dp/B08TVT93RY?tag=eloabder-20&linkCode=osi&th=1&psc=1">View Product</a></div><div class="product"><a href="https://www.amazon.com/dp/B0D2N5HN9K?tag=eloabder-20&linkCode=osi&th=1&psc=1"><img src="https://m.media-amazon.com/images/I/41rYpem0a5L._SL500_.jpg" alt="Product Image"></a><p>Growth Chart for Wall Wooden Height Chart for Kids Unicorn Castle Height Measurement for Wall Kids Height Wall Chart Kids Room Nursery Wall Decor</p><p> -19% 0FF </p><p>$21.99</p><a href="https://www.amazon.com/dp/B0D2N5HN9K?tag=eloabder-20&linkCode=osi&th=1&psc=1">View Product</a></div>
<div class="product"><a href="https://www.amazon.com/dp/B01N1PTHED?tag=eloabder-20&linkCode=osi&th=1&psc=1"><img src="https://m.media-amazon.com/images/I/31l11tL5deL._SL500_.jpg" alt="Product Image"></a><p>Natemia Baby Hair Brush - Soft Bristle Hair Brush Baby, Baby Registry Gift, Soft Baby Brush, Toddler Hair Brush for Boys & Girls, Newborn Baby Essentials, Newborn Hair Brush, Baby Wooden Brush</p><p> -28% 0FF </p><p>$12.94</p><a href="https://www.amazon.com/dp/B01N1PTHED?tag=eloabder-20&linkCode=osi&th=1&psc=1">View Product</a></div><div class="product"><a href="https://www.amazon.com/dp/B07V6VN1V8?tag=eloabder-20&linkCode=osi&th=1&psc=1"><img src="https://m.media-amazon.com/images/I/415TTdnE6ZL._SL500_.jpg" alt="Product Image"></a><p>Baby Hair Brush - Baby Brush with Soft Goat Bristles, Cradle Cap Brush, Perfect Scalp Grooming Product for Infant, Toddler, Kids, Newborns, Baby Girls, Boys (Walnut, Oval)</p><p> -32% 0FF </p><p>$12.96</p><a href="https://www.amazon.com/dp/B07V6VN1V8?tag=eloabder-20&linkCode=osi&th=1&psc=1">View Product</a></div><div class="product"><a href="https://www.amazon.com/dp/B07XPS253G?tag=eloabder-20&linkCode=osi&th=1&psc=1"><img src="https://m.media-amazon.com/images/I/41Yb4VpbnkS._SL500_.jpg" alt="Product Image"></a><p>Molylove Baby Hair Brush, Wooden Goat Bristles Hair Brush for Newborns & Toddlers, Ideal for Cradle Cap, Perfect Baby Registry Gift, Hypoallergenic, 1 Count</p><p> -33% 0FF </p><p>$5.99</p><a href="https://www.amazon.com/dp/B07XPS253G?tag=eloabder-20&linkCode=osi&th=1&psc=1">View Product</a></div><div class="product"><a href="https://www.amazon.com/dp/B0D68KKVN2?tag=eloabder-20&linkCode=osi&th=1&psc=1"><img src="https://m.media-amazon.com/images/I/41M35gnwy-L._SL500_.jpg" alt="Product Image"></a><p>ROMY RO Soft Wooden Baby Hair Brush for Newborns & Toddlers in Chic Gift Box - Ultra Soft Natural Goat Hair - Perfect Registry Gift (Goat hair brush - Oval)</p><p> -48% 0FF </p><p>$12.94</p><a href="https://www.amazon.com/dp/B0D68KKVN2?tag=eloabder-20&linkCode=osi&th=1&psc=1">View Product</a></div>
<div class="product"><a href="https://www.amazon.com/dp/B08BPD2RHF?tag=eloabder-20&linkCode=osi&th=1&psc=1"><img src="https://m.media-amazon.com/images/I/41lSftNLw1L._SL500_.jpg" alt="Product Image"></a><p>Yoocaa Car Headrest Pillow, Road Pal Headrest, Adjustable Car Seat Head Neck Support, U Shaped Car Sleeping Pillow for Kids & Adults, Only Suitable for Car Seat Headrest with Poles, Black</p><p> -9% 0FF </p><p>$29.99</p><a href="https://www.amazon.com/dp/B08BPD2RHF?tag=eloabder-20&linkCode=osi&th=1&psc=1">View Product</a></div><div class="product"><a href="https://www.amazon.com/dp/B07LF8G768?tag=eloabder-20&linkCode=osi&th=1&psc=1"><img src="https://m.media-amazon.com/images/I/21e1Tt6BFrL._SL500_.jpg" alt="Product Image"></a><p>Car Head Support Toddle Car Neck Relief Baby Child Car Seat Adjustable Head and Neck Support Band - A Comfortable Sleep Solution (Gray)</p><p> -13% 0FF </p><p>$12.99</p><a href="https://www.amazon.com/dp/B07LF8G768?tag=eloabder-20&linkCode=osi&th=1&psc=1">View Product</a></div><div class="product"><a href="https://www.amazon.com/dp/B09ZL3P26Z?tag=eloabder-20&linkCode=osi&th=1&psc=1"><img src="https://m.media-amazon.com/images/I/31zv-UP+MDL._SL500_.jpg" alt="Product Image"></a><p>Pro Goleem Car Seat Head Support Infant, Soft Infant Car Seat Insert, 2 in 1 Carseat Head Support for Newborn, Perfect for Car Seat, Stroller, Swing, Bouncer, Gray and Black</p><p> -21% 0FF </p><p>$18.99</p><a href="https://www.amazon.com/dp/B09ZL3P26Z?tag=eloabder-20&linkCode=osi&th=1&psc=1">View Product</a></div>
<div class="product"><a href="https://www.amazon.com/dp/B0CLM3ZNJ6?tag=eloabder-20&linkCode=osi&th=1&psc=1"><img src="https://m.media-amazon.com/images/I/4131cOAl1wL._SL500_.jpg" alt="Product Image"></a><p>Toddler Bath Towel Baby Bath Towels Hooded Kids Towels for Boy Girl 0-5 Year, 2-Pack Thick Absorbent Toddler Towels Hooded Baby Towels with Hood, Large 50''x32'' Baby Hooded Towel for Kids Bath Towel</p><p> -20% 0FF </p><p>$23.99</p><a href="https://www.amazon.com/dp/B0CLM3ZNJ6?tag=eloabder-20&linkCode=osi&th=1&psc=1">View Product</a></div>
<div class="product"><a href="https://www.amazon.com/dp/B094YGQNSV?tag=eloabder-20&linkCode=osi&th=1&psc=1"><img src="https://m.media-amazon.com/images/I/31BKhmVToOL._SL500_.jpg" alt="Product Image"></a><p>Westinghouse Ultrasonic Cool Mist Humidifier, 4.5L Top Filling Quiet Air Humidifier with Low Water Alarm, Adjustable Mist Humidifier for Bedrooms</p><p> -60% 0FF </p><p>$25.00</p><a href="https://www.amazon.com/dp/B094YGQNSV?tag=eloabder-20&linkCode=osi&th=1&psc=1">View Product</a></div><div class="product"><a href="https://www.amazon.com/dp/B000056HL5?tag=eloabder-20&linkCode=osi&th=1&psc=1"><img src="https://m.media-amazon.com/images/I/41ad8kyAgJL._SL500_.jpg" alt="Product Image"></a><p>Vicks Ultrasonic Humidifier Cool Mist Humidifier to Help Relieve Cold and Flu Symptoms</p><p> -27% 0FF </p><p>$44.00</p><a href="https://www.amazon.com/dp/B000056HL5?tag=eloabder-20&linkCode=osi&th=1&psc=1">View Product</a></div><div class="product"><a href="https://www.amazon.com/dp/B000GWJD0A?tag=eloabder-20&linkCode=osi&th=1&psc=1"><img src="https://m.media-amazon.com/images/I/3124anf96JL._SL500_.jpg" alt="Product Image"></a><p>Crane Adorables Ultrasonic Humidifiers for Bedroom and Baby Nursery, 1 Gallon Cool Mist Air Humidifier for Large Room or Kid's Room, Humidifier Filters Optional, Penguin</p><p> -28% 0FF </p><p>$43.20</p><a href="https://www.amazon.com/dp/B000GWJD0A?tag=eloabder-20&linkCode=osi&th=1&psc=1">View Product</a></div><div class="product"><a href="https://www.amazon.com/dp/B06XP1GMDY?tag=eloabder-20&linkCode=osi&th=1&psc=1"><img src="https://m.media-amazon.com/images/I/31g-+ypTSrL._SL500_.jpg" alt="Product Image"></a><p>Babymoov Hygro Plus Cool Mist Humidifier 3-in-1 Humidity Control, Multicolored Night Light & Essential Oil Diffuser Easy Use and Care-Blue(NO Filter Needed)</p><p> -22% 0FF </p><p>$69.99</p><a href="https://www.amazon.com/dp/B06XP1GMDY?tag=eloabder-20&linkCode=osi&th=1&psc=1">View Product</a></div><div class="product"><a href="https://www.amazon.com/dp/B009COIFAC?tag=eloabder-20&linkCode=osi&th=1&psc=1"><img src="https://m.media-amazon.com/images/I/415IUpVHxDL._SL500_.jpg" alt="Product Image"></a><p>Guardian Technologies Pure Guardian H920BL Ultrasonic Cool Mist Humidifier, 10 Hrs. Run Time, 210 Sq. Ft. Coverage, Small Rooms, Quiet, Filter Free, Treated Tank Resists</p><p> -50% 0FF </p><p>$19.99</p><a href="https://www.amazon.com/dp/B009COIFAC?tag=eloabder-20&linkCode=osi&th=1&psc=1">View Product</a></div>
<div class="product"><a href="https://www.amazon.com/dp/B08847QPWV?tag=eloabder-20&linkCode=osi&th=1&psc=1"><img src="https://m.media-amazon.com/images/I/41I9zGsqR2L._SL500_.jpg" alt="Product Image"></a><p>Graco SnugFit 35 Infant Car Seat with Simply Safe Adjust Harness System | Baby Car Seat with Anti Rebound Bar, Gotham</p><p> -30% 0FF </p><p>$118.99</p><a href="https://www.amazon.com/dp/B08847QPWV?tag=eloabder-20&linkCode=osi&th=1&psc=1">View Product</a></div>
<div class="product"><a href="https://www.amazon.com/dp/B09DLGM21Q?tag=eloabder-20&linkCode=osi&th=1&psc=1"><img src="https://m.media-amazon.com/images/I/4161UIlOUcL._SL500_.jpg" alt="Product Image"></a><p>Fisher-Price Portable Baby Chair Sit-Me-Up Floor Seat with Developmental Toys & Machine Washable Seat Pad, Rainbow Sprinkles</p><p> -6% 0FF </p><p>$40.49</p><a href="https://www.amazon.com/dp/B09DLGM21Q?tag=eloabder-20&linkCode=osi&th=1&psc=1">View Product</a></div><div class="product"><a href="https://www.amazon.com/dp/B0C2V717QN?tag=eloabder-20&linkCode=osi&th=1&psc=1"><img src="https://m.media-amazon.com/images/I/413QFmg9NwL._SL500_.jpg" alt="Product Image"></a><p>EKEPE Inflatable Baby Seat for Babies 3 Months & Up, Baby Floor Seats for Sitting Up, Baby Seats for Infants, Blow Up Baby Chair with Built in Air Pump - Bear</p><p> -20% 0FF </p><p>$21.59</p><a href="https://www.amazon.com/dp/B0C2V717QN?tag=eloabder-20&linkCode=osi&th=1&psc=1">View Product</a></div>

<div class="product"><a href="https://www.amazon.com/dp/B01M6YVW7B?tag=eloabder-20&linkCode=osi&th=1&psc=1"><img src="https://m.media-amazon.com/images/I/41HXEU0eLLL._SL500_.jpg" alt="Product Image"></a><p>Angelcare Baby Bath Support (Gray) | Ideal for Babies Less Than 6 Months Old</p><p> -33% 0FF </p><p>$19.99</p><a href="https://www.amazon.com/dp/B01M6YVW7B?tag=eloabder-20&linkCode=osi&th=1&psc=1">View Product</a></div><div class="product"><a href="https://www.amazon.com/dp/B0D9JLFDWL?tag=eloabder-20&linkCode=osi&th=1&psc=1"><img src="https://m.media-amazon.com/images/I/41t4fYIsNiL._SL500_.jpg" alt="Product Image"></a><p>GloTika Foldable Baby Bathtub Support, Ergonomic Mesh Infant Bathtub, Portable Baby Bath Tub for Newborn Babies 0-6 Months, Grey</p><p> -31% 0FF </p><p>$19.99</p><a href="https://www.amazon.com/dp/B0D9JLFDWL?tag=eloabder-20&linkCode=osi&th=1&psc=1">View Product</a></div><div class="product"><a href="https://www.amazon.com/dp/B000XW65SG?tag=eloabder-20&linkCode=osi&th=1&psc=1"><img src="https://m.media-amazon.com/images/I/41Nyw2TWaWL._SL500_.jpg" alt="Product Image"></a><p>The First Years Newborn to Toddler Baby Bath Tub - Convertible 3-in-1 Baby Tub with Removable Sling - Ages 0 to 24 Months - Sure Comfort - Pink</p><p> -37% 0FF </p><p>$22.00</p><a href="https://www.amazon.com/dp/B000XW65SG?tag=eloabder-20&linkCode=osi&th=1&psc=1">View Product</a></div><div class="product"><a href="https://www.amazon.com/dp/B0CGD46P4F?tag=eloabder-20&linkCode=osi&th=1&psc=1"><img src="https://m.media-amazon.com/images/I/41lNJLni9PL._SL500_.jpg" alt="Product Image"></a><p>AVIDOR Baby Bathtub,Collapsible Bathtub for Newborn to Toddler,Durable Essential Infant Bath Tub,Portable Travel Baby Bathtub with Soft Cushion,No-Slip Hanging and Detachable Bathtub,Green</p><p> -18% 0FF </p><p>$32.99</p><a href="https://www.amazon.com/dp/B0CGD46P4F?tag=eloabder-20&linkCode=osi&th=1&psc=1">View Product</a></div>
<div class="product"><a href="https://www.amazon.com/dp/B0CKWN7R3N?tag=eloabder-20&linkCode=osi&th=1&psc=1"><img src="https://m.media-amazon.com/images/I/31Z12rMqZ6L._SL500_.jpg" alt="Product Image"></a><p>Itzy Ritzy Insulated Bottle Bag – Keeps Bottles Warm or Cool - Holds 3 Bottles & Features Interior Pocket for Ice Pack (Not Included), Milk & Honey</p><p> -29% 0FF </p><p>$24.99</p><a href="https://www.amazon.com/dp/B0CKWN7R3N?tag=eloabder-20&linkCode=osi&th=1&psc=1">View Product</a></div>
<div class="product"><a href="https://www.amazon.com/dp/B002GKC4AG?tag=eloabder-20&linkCode=osi&th=1&psc=1"><img src="https://m.media-amazon.com/images/I/4195Qc9-38L._SL500_.jpg" alt="Product Image"></a><p>My Brest Friend Professional Nursing Pillow | Ergonomic Breastfeeding Pillows | Ideal for Lactation Consultants, NICUs & More | Breastfeeding Essentials | Handy Side Pocket & Easily Wipes Clean, Blue</p><p> -6% 0FF </p><p>$51.50</p><a href="https://www.amazon.com/dp/B002GKC4AG?tag=eloabder-20&linkCode=osi&th=1&psc=1">View Product</a></div><div class="product"><a href="https://www.amazon.com/dp/B0BT6TTHK6?tag=eloabder-20&linkCode=osi&th=1&psc=1"><img src="https://m.media-amazon.com/images/I/51GP+4wNoZL._SL500_.jpg" alt="Product Image"></a><p>Boppy Nursing Pillow Best Latch, Mocha Half Domes, Created with Lactation Consultant, Firm Contoured and Plush Sides for Two Breastfeeding Options, Padded Belt, Plus Sized to Petite, Machine Washable</p><p> -20% 0FF </p><p>$40.00</p><a href="https://www.amazon.com/dp/B0BT6TTHK6?tag=eloabder-20&linkCode=osi&th=1&psc=1">View Product</a></div>
<div class="product"><a href="https://www.amazon.com/dp/B01GGLV4V0?tag=eloabder-20&linkCode=osi&th=1&psc=1"><img src="https://m.media-amazon.com/images/I/41KKABFTw+L._SL500_.jpg" alt="Product Image"></a><p>Zote Pink Soap Pack of 3 Total 7 oz</p><p> -10% 0FF </p><p>$6.30</p><a href="https://www.amazon.com/dp/B01GGLV4V0?tag=eloabder-20&linkCode=osi&th=1&psc=1">View Product</a></div><div class="product"><a href="https://www.amazon.com/dp/B08MPWSBRR?tag=eloabder-20&linkCode=osi&th=1&psc=1"><img src="https://m.media-amazon.com/images/I/31gvg0Il4bL._SL500_.jpg" alt="Product Image"></a><p>Grangers Down Wash/Detergent for Down Insulated Clothing, Sleeping Bags and Bedding (12 Washes), 10 oz</p><p> -6% 0FF </p><p>$13.45 ($1.34 / Fl Oz)</p><a href="https://www.amazon.com/dp/B08MPWSBRR?tag=eloabder-20&linkCode=osi&th=1&psc=1">View Product</a></div><div class="product"><a href="https://www.amazon.com/dp/B08Y9691J6?tag=eloabder-20&linkCode=osi&th=1&psc=1"><img src="https://m.media-amazon.com/images/I/31wqAyGiS-L._SL500_.jpg" alt="Product Image"></a><p>WHOLENATURALS Pure Castile Soap Liquid, EWG Verified & Certified Palm Oil Free Unscented, Natural, Mild & Gentle Non-gmo & Vegan - Organic Body Wash, Laundry, and Baby Soap - 64 Fl Oz</p><p> -17% 0FF </p><p>$28.89 ($0.45 / Fl Oz)</p><a href="https://www.amazon.com/dp/B08Y9691J6?tag=eloabder-20&linkCode=osi&th=1&psc=1">View Product</a></div>
<div class="product"><a href="https://www.amazon.com/dp/B01JK164JU?tag=eloabder-20&linkCode=osi&th=1&psc=1"><img src="https://m.media-amazon.com/images/I/31tGM0o-n7L._SL500_.jpg" alt="Product Image"></a><p>The Honest Company Hydrating Face + Body Lotion | Fast Absorbing, Naturally Derived, Hypoallergenic | Lavender Calm, 8.5 fl oz</p><p> -8% 0FF </p><p>$10.99 ($1.29 / Fl Oz)</p><a href="https://www.amazon.com/dp/B01JK164JU?tag=eloabder-20&linkCode=osi&th=1&psc=1">View Product</a></div><div class="product"><a href="https://www.amazon.com/dp/B0018CK3VK?tag=eloabder-20&linkCode=osi&th=1&psc=1"><img src="https://m.media-amazon.com/images/I/41+wBu0geAL._SL500_.jpg" alt="Product Image"></a><p>Avalon Organics Hand & Body Lotion, Aloe Unscented, 32 Oz</p><p> -12% 0FF </p><p>$17.19 ($0.54 / Ounce)</p><a href="https://www.amazon.com/dp/B0018CK3VK?tag=eloabder-20&linkCode=osi&th=1&psc=1">View Product</a></div><div class="product"><a href="https://www.amazon.com/dp/B0013DIZL4?tag=eloabder-20&linkCode=osi&th=1&psc=1"><img src="https://m.media-amazon.com/images/I/31bPmcqX7+L._SL500_.jpg" alt="Product Image"></a><p>Lubriderm Intense Dry Skin Repair Lotion + Pro-Ceramide with Vitamin E & Minerals Helps to Repair Rough, Dry Skin, Fast Absorbing Lotion is Fragrance-Free and Non-Greasy, 16 fl. oz</p><p> -24% 0FF </p><p>$9.34 ($0.58 / Fl Oz)</p><a href="https://www.amazon.com/dp/B0013DIZL4?tag=eloabder-20&linkCode=osi&th=1&psc=1">View Product</a></div>
<div class="product"><a href="https://www.amazon.com/dp/B0BPHJN972?tag=eloabder-20&linkCode=osi&th=1&psc=1"><img src="https://m.media-amazon.com/images/I/41np1V18sQL._SL500_.jpg" alt="Product Image"></a><p>Pro Goleem Loveys for Babies - Soft Security Blanket Baby Snuggle Toy Newborn Stuffed Animals Baby Gifts for Boys and Girls, Lion 16 Inch</p><p> -37% 0FF </p><p>$9.48</p><a href="https://www.amazon.com/dp/B0BPHJN972?tag=eloabder-20&linkCode=osi&th=1&psc=1">View Product</a></div><div class="product"><a href="https://www.amazon.com/dp/B01MRVHKP1?tag=eloabder-20&linkCode=osi&th=1&psc=1"><img src="https://m.media-amazon.com/images/I/5183CyG7XSL._SL500_.jpg" alt="Product Image"></a><p>Mary Meyer Putty Nursery Character Blanket, Hound Dog, 1 Pack</p><p> -9% 0FF </p><p>$19.96</p><a href="https://www.amazon.com/dp/B01MRVHKP1?tag=eloabder-20&linkCode=osi&th=1&psc=1">View Product</a></div><div class="product"><a href="https://www.amazon.com/dp/B00PKP4JUM?tag=eloabder-20&linkCode=osi&th=1&psc=1"><img src="https://m.media-amazon.com/images/I/41OzmBpx8bL._SL500_.jpg" alt="Product Image"></a><p>Mary Meyer Lovey Soft Toy, 13-Inches, Oatmeal Bunny</p><p> -14% 0FF </p><p>$17.96</p><a href="https://www.amazon.com/dp/B00PKP4JUM?tag=eloabder-20&linkCode=osi&th=1&psc=1">View Product</a></div><div class="product"><a href="https://www.amazon.com/dp/B08PP8S8KZ?tag=eloabder-20&linkCode=osi&th=1&psc=1"><img src="https://m.media-amazon.com/images/I/41kmsE51naL._SL500_.jpg" alt="Product Image"></a><p>Pro Goleem Dog Security Blanket Brown Soft Puppy Lovey for Boys and Girls Unisex Lovie Baby Gifts for Toddler and Infant Snuggle Toy Stuffed Animal 16 Inch</p><p> -25% 0FF </p><p>$14.99</p><a href="https://www.amazon.com/dp/B08PP8S8KZ?tag=eloabder-20&linkCode=osi&th=1&psc=1">View Product</a></div><div class="product"><a href="https://www.amazon.com/dp/B08SZD1XXG?tag=eloabder-20&linkCode=osi&th=1&psc=1"><img src="https://m.media-amazon.com/images/I/41M7mPD9ieL._SL500_.jpg" alt="Product Image"></a><p>Itzy Ritzy - Itzy Lovey Including Teether - Baby Lovey with Teether, Textured Ribbons & Dangle Arms - Features Crinkle Sound, Sherpa Fabric and Minky Plush (Sloth)</p><p> -31% 0FF </p><p>$8.90</p><a href="https://www.amazon.com/dp/B08SZD1XXG?tag=eloabder-20&linkCode=osi&th=1&psc=1">View Product</a></div>
<div class="product"><a href="https://www.amazon.com/dp/B0B5Z89FZW?tag=eloabder-20&linkCode=osi&th=1&psc=1"><img src="https://m.media-amazon.com/images/I/31HOhMzLqbL._SL500_.jpg" alt="Product Image"></a><p>Yoofoss Waterproof Crib Mattress Protector 2 Pack, Quilted Crib Mattress Pad Cover Ultra Soft and Breathable, Machine Washable Toddler Mattress Protector for Standard Baby Crib Size 52''x28''</p><p> -17% 0FF </p><p>$19.99</p><a href="https://www.amazon.com/dp/B0B5Z89FZW?tag=eloabder-20&linkCode=osi&th=1&psc=1">View Product</a></div><div class="product"><a href="https://www.amazon.com/dp/B0CFG4G839?tag=eloabder-20&linkCode=osi&th=1&psc=1"><img src="https://m.media-amazon.com/images/I/41tYoYajqyL._SL500_.jpg" alt="Product Image"></a><p>SafeRest Sleepure 100% Waterproof Crib Size Mattress Protector - Viscose Derived from Bamboo - Fitted with Stretchable Pockets - Machine Washable Cotton Mattress Cover for Bed</p><p> -40% 0FF </p><p>$20.99</p><a href="https://www.amazon.com/dp/B0CFG4G839?tag=eloabder-20&linkCode=osi&th=1&psc=1">View Product</a></div><div class="product"><a href="https://www.amazon.com/dp/B09B1NNPP9?tag=eloabder-20&linkCode=osi&th=1&psc=1"><img src="https://m.media-amazon.com/images/I/31P+e7ESa8L._SL500_.jpg" alt="Product Image"></a><p>Bassinet Mattress Pad Cover 2 Pack Quilted Bassinet Mattress Protector Waterproof Bassinet Sheets (32"x17") for Boys & Girls, Fit for Hourglass/Oval Bassinet Mattress, White</p><p> -15% 0FF </p><p>$14.23</p><a href="https://www.amazon.com/dp/B09B1NNPP9?tag=eloabder-20&linkCode=osi&th=1&psc=1">View Product</a></div>
<div class="product"><a href="https://www.amazon.com/dp/B07WW1CT4W?tag=eloabder-20&linkCode=osi&th=1&psc=1"><img src="https://m.media-amazon.com/images/I/51jnxJGkipL._SL500_.jpg" alt="Product Image"></a><p>Luka&Lily Month Milestone Blanket- 60"x40" for Baby Boys - First Year Calendar Monthly Growth Chart, Moon - Shower Gifts</p><p> -14% 0FF </p><p>$29.99</p><a href="https://www.amazon.com/dp/B07WW1CT4W?tag=eloabder-20&linkCode=osi&th=1&psc=1">View Product</a></div><div class="product"><a href="https://www.amazon.com/dp/B07BNBTGHD?tag=eloabder-20&linkCode=osi&th=1&psc=1"><img src="https://m.media-amazon.com/images/I/4143Q79bsYL._SL500_.jpg" alt="Product Image"></a><p>Organic Baby Monthly Milestone Blanket Boy or Girl - Months Blanket with Wood Frame and Newborn Announcement Disc - Growth Chart Milestone Blanket Neutral, 1-12 Month Milestones, 47”x47”</p><p> -21% 0FF </p><p>$25.99</p><a href="https://www.amazon.com/dp/B07BNBTGHD?tag=eloabder-20&linkCode=osi&th=1&psc=1">View Product</a></div><div class="product"><a href="https://www.amazon.com/dp/B07SW75W4Q?tag=eloabder-20&linkCode=osi&th=1&psc=1"><img src="https://m.media-amazon.com/images/I/41JMlZBEbQL._SL500_.jpg" alt="Product Image"></a><p>Kate & Milo Baby Monthly Milestone Blanket, Infant Milestone Markers, Newborn Photoshoot Photo Props, Baby Girl or Baby Boy Gift, Large Blanket</p><p> -19% 0FF </p><p>$12.21</p><a href="https://www.amazon.com/dp/B07SW75W4Q?tag=eloabder-20&linkCode=osi&th=1&psc=1">View Product</a></div><div class="product"><a href="https://www.amazon.com/dp/B0986S52N1?tag=eloabder-20&linkCode=osi&th=1&psc=1"><img src="https://m.media-amazon.com/images/I/51v8Yn1ycsL._SL500_.jpg" alt="Product Image"></a><p>Popfavors, Yuzioey Safari Baby Monthly Milestone Blanket, Jungle Animals Baby Month Blanket , Baby Boy Blanket Growth Chart Nursery Decor, Includes Marker, White, 50Inx40In</p><p> -5% 0FF </p><p>$18.99</p><a href="https://www.amazon.com/dp/B0986S52N1?tag=eloabder-20&linkCode=osi&th=1&psc=1">View Product</a></div><div class="product"><a href="https://www.amazon.com/dp/B0CX9W8SND?tag=eloabder-20&linkCode=osi&th=1&psc=1"><img src="https://m.media-amazon.com/images/I/41r8vCzGa2L._SL500_.jpg" alt="Product Image"></a><p>Pearhead Hello World Milestone Blanket and Prop, Baby Monthly Milestone Updates, Growth Blanket with Photo Posing Props, Ideal Mother's Day Gift, Perfect Newborn Gift and Nursery Decor</p><p> -6% 0FF </p><p>$18.79</p><a href="https://www.amazon.com/dp/B0CX9W8SND?tag=eloabder-20&linkCode=osi&th=1&psc=1">View Product</a></div><div class="product"><a href="https://www.amazon.com/dp/B07JKN43H6?tag=eloabder-20&linkCode=osi&th=1&psc=1"><img src="https://m.media-amazon.com/images/I/511MIyg00lL._SL500_.jpg" alt="Product Image"></a><p>Bliss n' Baby Monthly Milestone Blanket for Baby Girl - 60"x40" - Wrinkle Free Baby Age Month Blanket with Growth Chart - Washable & Dryable - w/Wreath & Headband - Floral Theme</p><p> -14% 0FF </p><p>$23.99</p><a href="https://www.amazon.com/dp/B07JKN43H6?tag=eloabder-20&linkCode=osi&th=1&psc=1">View Product</a></div>
<div class="product"><a href="https://www.amazon.com/dp/B001E1JKFU?tag=eloabder-20&linkCode=osi&th=1&psc=1"><img src="https://m.media-amazon.com/images/I/41JBWVeh+QL._SL500_.jpg" alt="Product Image"></a><p>Stansport Mosquito Netting Small (705)</p><p> -39% 0FF </p><p>$16.33</p><a href="https://www.amazon.com/dp/B001E1JKFU?tag=eloabder-20&linkCode=osi&th=1&psc=1">View Product</a></div><div class="product"><a href="https://www.amazon.com/dp/B0BV2RNTR7?tag=eloabder-20&linkCode=osi&th=1&psc=1"><img src="https://m.media-amazon.com/images/I/51-iyQhcHsL._SL500_.jpg" alt="Product Image"></a><p>Mosquito Net for Bed,Large Mosquito Netting Tent Canopy for Beds,Folding Portable Design Travel POP UP Mosquito Netting for Bed,L80*W72*H60inch Queen King Size Mosquito Net</p><p> -14% 0FF </p><p>$31.99</p><a href="https://www.amazon.com/dp/B0BV2RNTR7?tag=eloabder-20&linkCode=osi&th=1&psc=1">View Product</a></div><div class="product"><a href="https://www.amazon.com/dp/B0D8HLQJ5G?tag=eloabder-20&linkCode=osi&th=1&psc=1"><img src="https://m.media-amazon.com/images/I/31hFeMp1LQL._SL500_.jpg" alt="Product Image"></a><p>77 * 30 * 23 Inch Large Pop Up Mosquito Tent, Portable Foldable Mosquito Net for Bed Camping Travel Patio</p><p> -6% 0FF </p><p>$29.99</p><a href="https://www.amazon.com/dp/B0D8HLQJ5G?tag=eloabder-20&linkCode=osi&th=1&psc=1">View Product</a></div><div class="product"><a href="https://www.amazon.com/dp/B0C2YQKF71?tag=eloabder-20&linkCode=osi&th=1&psc=1"><img src="https://m.media-amazon.com/images/I/41yDl7W2ZNL._SL500_.jpg" alt="Product Image"></a><p>Portable Mosquito Net Tent, Folding Mosquito Head Net, Pop Up Mosquito Tent Netting for Bedding Camping Traveling Patio (1 Pack, Large)</p><p> -20% 0FF </p><p>$15.99</p><a href="https://www.amazon.com/dp/B0C2YQKF71?tag=eloabder-20&linkCode=osi&th=1&psc=1">View Product</a></div>
<div class="product"><a href="https://www.amazon.com/dp/B0CL9SJ88Z?tag=eloabder-20&linkCode=osi&th=1&psc=1"><img src="https://m.media-amazon.com/images/I/41iQwRq8cBL._SL500_.jpg" alt="Product Image"></a><p>Muslin Swaddle Blankets for Newborn, 3 Pack Breathable Soft Receiving Blanket, Large 38 x 40 inches Swaddle Wrap Burping Clothes, Essentials Infant Shower Items, Toddler Gift (Bright Colors)</p><p> -5% 0FF </p><p>$18.99</p><a href="https://www.amazon.com/dp/B0CL9SJ88Z?tag=eloabder-20&linkCode=osi&th=1&psc=1">View Product</a></div><div class="product"><a href="https://www.amazon.com/dp/B0C6GP7NXF?tag=eloabder-20&linkCode=osi&th=1&psc=1"><img src="https://m.media-amazon.com/images/I/51vjlWRLQjL._SL500_.jpg" alt="Product Image"></a><p>Konssy 2 Pack Muslin Swaddle Blankets for Baby Boys Girls, Receiving Blanket Large 47 x 47 inches, Soft Breathable Muslin Baby Blanket for Unisex Newborn(Pink, Floral)</p><p> -19% 0FF </p><p>$21.99 ($11.00 / Count)</p><a href="https://www.amazon.com/dp/B0C6GP7NXF?tag=eloabder-20&linkCode=osi&th=1&psc=1">View Product</a></div>
<div class="product"><a href="https://www.amazon.com/dp/B0B8TCTXBV?tag=eloabder-20&linkCode=osi&th=1&psc=1"><img src="https://m.media-amazon.com/images/I/41j61T25VcL._SL500_.jpg" alt="Product Image"></a><p>aden + anais Essentials Swaddle Blanket, Boutique Muslin Blankets for Girls & Boys, Baby Receiving Swaddles, Ideal Newborn & Infant Swaddling Set, Perfect Shower Gifts, 4 Pack, Alphabet Animals</p><p> -29% 0FF </p><p>$28.49</p><a href="https://www.amazon.com/dp/B0B8TCTXBV?tag=eloabder-20&linkCode=osi&th=1&psc=1">View Product</a></div>
<div class="product"><a href="https://www.amazon.com/dp/B0D475YDF5?tag=eloabder-20&linkCode=osi&th=1&psc=1"><img src="https://m.media-amazon.com/images/I/31TAYPOHywL._SL500_.jpg" alt="Product Image"></a><p>Electric Nail Clipper with Nail File, 2 in 1 Rechargeable & Gentle Nail Trimmer with LED Light for Baby and Seniors</p><p> -37% 0FF </p><p>$12.00 ($1.13 / Ounce)</p><a href="https://www.amazon.com/dp/B0D475YDF5?tag=eloabder-20&linkCode=osi&th=1&psc=1">View Product</a></div><div class="product"><a href="https://www.amazon.com/dp/B0D6BCSLNQ?tag=eloabder-20&linkCode=osi&th=1&psc=1"><img src="https://m.media-amazon.com/images/I/413w5b8GCzL._SL500_.jpg" alt="Product Image"></a><p>Automatic Nail Clipper, 2 in-1 Electric Nail Clipper and Nail Polisher, Electric Baby Nail Clippers with Light,USB Rechargeable Suitable for Babies,Women Manicure,Kids, Adults and Seniors（Orange）</p><p> -23% 0FF </p><p>$16.99</p><a href="https://www.amazon.com/dp/B0D6BCSLNQ?tag=eloabder-20&linkCode=osi&th=1&psc=1">View Product</a></div>

<div class="product"><a href="https://www.amazon.com/dp/B0037SEU7Q?tag=eloabder-20&linkCode=osi&th=1&psc=1"><img src="https://m.media-amazon.com/images/I/41yN94m-XlL._SL500_.jpg" alt="Product Image"></a><p>Bepanthen Nappy Care Ointment 5 Percent, 30 g</p><p> -13% 0FF </p><p>$6.79 ($6.47 / Ounce)</p><a href="https://www.amazon.com/dp/B0037SEU7Q?tag=eloabder-20&linkCode=osi&th=1&psc=1">View Product</a></div><div class="product"><a href="https://www.amazon.com/dp/B0BTTT6VW2?tag=eloabder-20&linkCode=osi&th=1&psc=1"><img src="https://m.media-amazon.com/images/I/41cBqj0Z9tL._SL500_.jpg" alt="Product Image"></a><p>Weleda Baby Calendula Diaper Cream, 2.8 Fluid Ounce (Pack of 3), Plant Rich Protection with Calendula, Chamomile, Sweet Almond Oil, Lanolin and Zinc Oxide</p><p> -13% 0FF </p><p>$32.29 ($3.84 / Fl Oz)</p><a href="https://www.amazon.com/dp/B0BTTT6VW2?tag=eloabder-20&linkCode=osi&th=1&psc=1">View Product</a></div><div class="product"><a href="https://www.amazon.com/dp/B074YXP676?tag=eloabder-20&linkCode=osi&th=1&psc=1"><img src="https://m.media-amazon.com/images/I/41y8VvUNCLL._SL500_.jpg" alt="Product Image"></a><p>Nappy Styles Napping Creme Paste</p><p> -12% 0FF </p><p>$14.36 ($1.80 / Ounce)</p><a href="https://www.amazon.com/dp/B074YXP676?tag=eloabder-20&linkCode=osi&th=1&psc=1">View Product</a></div>
<div class="product"><a href="https://www.amazon.com/dp/B00821FLSU?tag=eloabder-20&linkCode=osi&th=1&psc=1"><img src="https://m.media-amazon.com/images/I/31MQYDa7dYL._SL500_.jpg" alt="Product Image"></a><p>Ubbi Steel Diaper Pail, Odor Locking, No Special Bag Required, Award-Winning, Registry Must-Have, Gray</p><p> -12% 0FF </p><p>$69.99</p><a href="https://www.amazon.com/dp/B00821FLSU?tag=eloabder-20&linkCode=osi&th=1&psc=1">View Product</a></div><div class="product"><a href="https://www.amazon.com/dp/B0CNS2FRMZ?tag=eloabder-20&linkCode=osi&th=1&psc=1"><img src="https://m.media-amazon.com/images/I/31O+tXnLaXL._SL500_.jpg" alt="Product Image"></a><p>Diaper Genie Select Pail is Made of Durable Stainless Steel and Includes 1 Starter Square Refill That can Hold up to 165 Newborn-Sized Diapers.</p><p> -20% 0FF </p><p>$35.99</p><a href="https://www.amazon.com/dp/B0CNS2FRMZ?tag=eloabder-20&linkCode=osi&th=1&psc=1">View Product</a></div><div class="product"><a href="https://www.amazon.com/dp/B08XNVW9TW?tag=eloabder-20&linkCode=osi&th=1&psc=1"><img src="https://m.media-amazon.com/images/I/41U7mL6nXRL._SL500_.jpg" alt="Product Image"></a><p>Sassy 250 Count Disposable Diaper Sacks, Lavender Scented, Easy-To-Tie, Diaper Disposal or Pet Waste Bags</p><p> -11% 0FF </p><p>$9.80</p><a href="https://www.amazon.com/dp/B08XNVW9TW?tag=eloabder-20&linkCode=osi&th=1&psc=1">View Product</a></div>


<div class="product"><a href="https://www.amazon.com/dp/B0CTKK5YY5?tag=eloabder-20&linkCode=osi&th=1&psc=1"><img src="https://m.media-amazon.com/images/I/31OhvT5rWmL._SL500_.jpg" alt="Product Image"></a><p>Koalababy Large Flow Electric Nasal Aspirator, Newest Baby Nose Sucker, Nose Cleaner for Toddlers with 3 Suction Levels, Soothing Music and Light, Space Gray</p><p> -33% 0FF </p><p>$29.99</p><a href="https://www.amazon.com/dp/B0CTKK5YY5?tag=eloabder-20&linkCode=osi&th=1&psc=1">View Product</a></div>
<div class="product"><a href="https://www.amazon.com/dp/B07GG1R9WC?tag=eloabder-20&linkCode=osi&th=1&psc=1"><img src="https://m.media-amazon.com/images/I/31T-p4V5gsL._SL500_.jpg" alt="Product Image"></a><p>Gerber Unisex Baby Multi-Pack Long-Sleeve Onesies Bodysuit Mitten Cuff Sizes 6-Pack Mitten Cuff Newborn</p><p> -12% 0FF </p><p>$15.81</p><a href="https://www.amazon.com/dp/B07GG1R9WC?tag=eloabder-20&linkCode=osi&th=1&psc=1">View Product</a></div><div class="product"><a href="https://www.amazon.com/dp/B0BVMXF1DJ?tag=eloabder-20&linkCode=osi&th=1&psc=1"><img src="https://m.media-amazon.com/images/I/31aJYRwZ+-L._SL500_.jpg" alt="Product Image"></a><p>HonestBaby Baby Boys 3-pack Organic Cotton Long Sleeve Side-snap Kimono Bodysuits And Toddler T-Shirt Set, Honestly Pure White, Newborn US</p><p> -63% 0FF </p><p>$11.19</p><a href="https://www.amazon.com/dp/B0BVMXF1DJ?tag=eloabder-20&linkCode=osi&th=1&psc=1">View Product</a></div>
<div class="product"><a href="https://www.amazon.com/dp/B01N47M3V0?tag=eloabder-20&linkCode=osi&th=1&psc=1"><img src="https://m.media-amazon.com/images/I/31WVThyEEcL._SL500_.jpg" alt="Product Image"></a><p>Uigos LED Night Light Lamp with Smart Sensor Dusk to Dawn Sensor, Daylight White, 0.5W Plug-in, 6-Pack</p><p> -23% 0FF </p><p>$9.99</p><a href="https://www.amazon.com/dp/B01N47M3V0?tag=eloabder-20&linkCode=osi&th=1&psc=1">View Product</a></div><div class="product"><a href="https://www.amazon.com/dp/B09B1B6J9S?tag=eloabder-20&linkCode=osi&th=1&psc=1"><img src="https://m.media-amazon.com/images/I/11rEGPdWq7L._SL500_.jpg" alt="Product Image"></a><p>Anico EASZZZ Baby Night Light, Nursery Night Lamp for Breastfeeding, Soft BPA Free Silicone Touch Night Lamp, Eye Caring, Easy Flip Design, Stepless Dimming, 1-Pack</p><p> -25% 0FF </p><p>$29.99</p><a href="https://www.amazon.com/dp/B09B1B6J9S?tag=eloabder-20&linkCode=osi&th=1&psc=1">View Product</a></div><div class="product"><a href="https://www.amazon.com/dp/B097YP171M?tag=eloabder-20&linkCode=osi&th=1&psc=1"><img src="https://m.media-amazon.com/images/I/21jYMKqhB3L._SL500_.jpg" alt="Product Image"></a><p>JolyWell Night Light for Kids, Egg Light for Nursery with 7 RGB Colors Changeable & Stepless Dimming, Rechargeable Tap Light with 1h Timer & Touch Control, Portable Night Light for Babies BPA Free</p><p> -14% 0FF </p><p>$25.99</p><a href="https://www.amazon.com/dp/B097YP171M?tag=eloabder-20&linkCode=osi&th=1&psc=1">View Product</a></div><div class="product"><a href="https://www.amazon.com/dp/B077X48B8Q?tag=eloabder-20&linkCode=osi&th=1&psc=1"><img src="https://m.media-amazon.com/images/I/31TiV9umK-L._SL500_.jpg" alt="Product Image"></a><p>REMINDA 4 Pack Night Light Lamp with Dusk to Dawn Sensor, Plug in, Blue Led Night Light</p><p> -19% 0FF </p><p>$12.99</p><a href="https://www.amazon.com/dp/B077X48B8Q?tag=eloabder-20&linkCode=osi&th=1&psc=1">View Product</a></div>
<div class="product"><a href="https://www.amazon.com/dp/B005MI648C?tag=eloabder-20&linkCode=osi&th=1&psc=1"><img src="https://m.media-amazon.com/images/I/41IsNMYojbL._SL500_.jpg" alt="Product Image"></a><p>Lansinoh Lanolin Nipple Cream Safe for Breastfeeding Baby, 100% Natural Nipple Butter for Mom, Breastfeeding Essentials, 1.41 Ounces</p><p> -17% 0FF </p><p>$8.99 ($6.38 / Ounce)</p><a href="https://www.amazon.com/dp/B005MI648C?tag=eloabder-20&linkCode=osi&th=1&psc=1">View Product</a></div><div class="product"><a href="https://www.amazon.com/dp/B000JVCBBG?tag=eloabder-20&linkCode=osi&th=1&psc=1"><img src="https://m.media-amazon.com/images/I/41TljzHSgHL._SL500_.jpg" alt="Product Image"></a><p>Earth Mama Organic Nipple Butter™ | Nipple Cream Safe for Breastfeeding | Postpartum Essentials for Nursing | Non Lanolin Nipple Cream, 2-Fluid Ounce</p><p> -7% 0FF </p><p>$13.99 ($7.00 / Fl Oz)</p><a href="https://www.amazon.com/dp/B000JVCBBG?tag=eloabder-20&linkCode=osi&th=1&psc=1">View Product</a></div><div class="product"><a href="https://www.amazon.com/dp/B08L68WR4B?tag=eloabder-20&linkCode=osi&th=1&psc=1"><img src="https://m.media-amazon.com/images/I/41qRTIl9vqL._SL500_.jpg" alt="Product Image"></a><p>Medela Purelan Lanolin Nipple Cream for Breastfeeding, 100% All Natural Single Ingredient, Hypoallergenic, Soothing Protection, Safe for Nursing Mom and Baby, 1.3 Ounce Tube</p><p> -29% 0FF </p><p>$7.37</p><a href="https://www.amazon.com/dp/B08L68WR4B?tag=eloabder-20&linkCode=osi&th=1&psc=1">View Product</a></div><div class="product"><a href="https://www.amazon.com/dp/B07X53WM1H?tag=eloabder-20&linkCode=osi&th=1&psc=1"><img src="https://m.media-amazon.com/images/I/41sh4NHSA1L._SL500_.jpg" alt="Product Image"></a><p>Lansinoh Organic Nipple Butter, Nipple Cream Safe for Breastfeeding Baby, Postpartum Essentials for Mom, 2 Ounces</p><p> -37% 0FF </p><p>$9.37</p><a href="https://www.amazon.com/dp/B07X53WM1H?tag=eloabder-20&linkCode=osi&th=1&psc=1">View Product</a></div><div class="product"><a href="https://www.amazon.com/dp/B08PXP59L6?tag=eloabder-20&linkCode=osi&th=1&psc=1"><img src="https://m.media-amazon.com/images/I/31ABi-XhpOL._SL500_.jpg" alt="Product Image"></a><p>The Honest Company Honest Mama Calm Your Nip Balm | USDA Certified Organic Nipple Cream | 1.75 fl oz</p><p> -10% 0FF </p><p>$13.49 ($7.71 / Fl Oz)</p><a href="https://www.amazon.com/dp/B08PXP59L6?tag=eloabder-20&linkCode=osi&th=1&psc=1">View Product</a></div><div class="product"><a href="https://www.amazon.com/dp/B001EPQ1US?tag=eloabder-20&linkCode=osi&th=1&psc=1"><img src="https://m.media-amazon.com/images/I/412ol1D5gFL._SL500_.jpg" alt="Product Image"></a><p>Lansinoh Breast Cream, 1.41 Ounce Tube (Pack of 3)</p><p> -20% 0FF </p><p>$23.99 ($5.67 / Ounce)</p><a href="https://www.amazon.com/dp/B001EPQ1US?tag=eloabder-20&linkCode=osi&th=1&psc=1">View Product</a></div>
<div class="product"><a href="https://www.amazon.com/dp/B0116SFIXS?tag=eloabder-20&linkCode=osi&th=1&psc=1"><img src="https://m.media-amazon.com/images/I/41IXnMjSMRL._SL500_.jpg" alt="Product Image"></a><p>Lansinoh Contact Nipple Shields for Breastfeeding, 2 Nipple Shields (24mm) and Case</p><p> -9% 0FF </p><p>$8.22</p><a href="https://www.amazon.com/dp/B0116SFIXS?tag=eloabder-20&linkCode=osi&th=1&psc=1">View Product</a></div><div class="product"><a href="https://www.amazon.com/dp/B000067PQ0?tag=eloabder-20&linkCode=osi&th=1&psc=1"><img src="https://m.media-amazon.com/images/I/31Bc7JjDLBL._SL500_.jpg" alt="Product Image"></a><p>Medela Contact Nipple Shield, 24mm Medium, Nippleshield for Breastfeeding with Latch Difficulties or Flat or Inverted Nipples, Made Without BPA</p><p> -32% 0FF </p><p>$7.35</p><a href="https://www.amazon.com/dp/B000067PQ0?tag=eloabder-20&linkCode=osi&th=1&psc=1">View Product</a></div><div class="product"><a href="https://www.amazon.com/dp/B08VKRMXGZ?tag=eloabder-20&linkCode=osi&th=1&psc=1"><img src="https://m.media-amazon.com/images/I/41jploOEeaL._SL500_.jpg" alt="Product Image"></a><p>Moogco The Original Silver Nursing Cups - Nipple Shields for Nursing Newborn - Breastfeeding Essentials - Newborn Essentials Must Haves - Nipple Covers Breastfeeding - 925 Silver</p><p> -28% 0FF </p><p>$35.90</p><a href="https://www.amazon.com/dp/B08VKRMXGZ?tag=eloabder-20&linkCode=osi&th=1&psc=1">View Product</a></div><div class="product"><a href="https://www.amazon.com/dp/B07ND58735?tag=eloabder-20&linkCode=osi&th=1&psc=1"><img src="https://m.media-amazon.com/images/I/41EpWEiqvyL._SL500_.jpg" alt="Product Image"></a><p>Koala Babycare The Original Silver Nursing Cups - Nipple Shields for Nursing Newborn -Breastfeeding Essentials - Protect and Soothe - Tri-Laminate Silver - Standard Size</p><p> -13% 0FF </p><p>$34.75</p><a href="https://www.amazon.com/dp/B07ND58735?tag=eloabder-20&linkCode=osi&th=1&psc=1">View Product</a></div>
<div class="product"><a href="https://www.amazon.com/dp/B091FL1QFK?tag=eloabder-20&linkCode=osi&th=1&psc=1"><img src="https://m.media-amazon.com/images/I/41TUb4BsK-L._SL500_.jpg" alt="Product Image"></a><p>Syringe Nasal Irrigator, Professional Baby Nasal Irrigator Portable Infant Nose Cleaner Rinsing Device Fast All Natural Relief-Nasal Irrigation/Nasal Spray/Nasal Hygiene (2 pièces)</p><p> -67% 0FF </p><p>$3.25</p><a href="https://www.amazon.com/dp/B091FL1QFK?tag=eloabder-20&linkCode=osi&th=1&psc=1">View Product</a></div><div class="product"><a href="https://www.amazon.com/dp/B09137WF8K?tag=eloabder-20&linkCode=osi&th=1&psc=1"><img src="https://m.media-amazon.com/images/I/41v2GMmUbZL._SL500_.jpg" alt="Product Image"></a><p>Two Pack 3 in 1 Baby Nose and Ear Gadget, Safe Baby Booger Remover, Nose Cleaning Tweezers, Nose Cleaner for Baby Infants and Toddlers, Dual Earwax and Snot Removal Baby Must Have Items</p><p> -50% 0FF </p><p>$9.95</p><a href="https://www.amazon.com/dp/B09137WF8K?tag=eloabder-20&linkCode=osi&th=1&psc=1">View Product</a></div><div class="product"><a href="https://www.amazon.com/dp/B09Q61B4MM?tag=eloabder-20&linkCode=osi&th=1&psc=1"><img src="https://m.media-amazon.com/images/I/310TWo+qPRL._SL500_.jpg" alt="Product Image"></a><p>Haakaa Silicone Baby Nasal Aspirator | Nose Bulb Syringe | Easy-Squeezy Baby Nose Cleaner, Newborn Infant &Toddler - BPA Free Silicone</p><p> -5% 0FF </p><p>$9.39</p><a href="https://www.amazon.com/dp/B09Q61B4MM?tag=eloabder-20&linkCode=osi&th=1&psc=1">View Product</a></div>
<div class="product"><a href="https://www.amazon.com/dp/B002K6F7AK?tag=eloabder-20&linkCode=osi&th=1&psc=1"><img src="https://m.media-amazon.com/images/I/411elwPHIqL._SL500_.jpg" alt="Product Image"></a><p>Lamaze womens Cotton Spandex Sleep for Nursing and Maternity Full Coverage Bra, Heather Grey, Large US</p><p> -32% 0FF </p><p>$12.28</p><a href="https://www.amazon.com/dp/B002K6F7AK?tag=eloabder-20&linkCode=osi&th=1&psc=1">View Product</a></div>

<div class="product"><a href="https://www.amazon.com/dp/B06XPHR7DF?tag=eloabder-20&linkCode=osi&th=1&psc=1"><img src="https://m.media-amazon.com/images/I/31sNH-POFUL._SL500_.jpg" alt="Product Image"></a><p>Lansinoh Stay Dry Disposable Nursing Pads, Soft and Super Absorbent Breast Pads, Breastfeeding Essentials for Moms, 200 Count</p><p> -21% 0FF </p><p>$18.51</p><a href="https://www.amazon.com/dp/B06XPHR7DF?tag=eloabder-20&linkCode=osi&th=1&psc=1">View Product</a></div><div class="product"><a href="https://www.amazon.com/dp/B0DB3G8G37?tag=eloabder-20&linkCode=osi&th=1&psc=1"><img src="https://m.media-amazon.com/images/I/31Z7+iKhAKL._SL500_.jpg" alt="Product Image"></a><p>Lansinoh Washable Nursing Pads, Made with Organic Bamboo Viscose, Reusable Breast Pads for Breastfeeding with Wash Bag, Breastfeeding Essentials, 10 Count</p><p> -11% 0FF </p><p>$14.28</p><a href="https://www.amazon.com/dp/B0DB3G8G37?tag=eloabder-20&linkCode=osi&th=1&psc=1">View Product</a></div>
<div class="product"><a href="https://www.amazon.com/dp/B09T6V8YH2?tag=eloabder-20&linkCode=osi&th=1&psc=1"><img src="https://m.media-amazon.com/images/I/21knizL1Y1L._SL500_.jpg" alt="Product Image"></a><p>Nursing Pillow and Positioner with Cover for Breastfeeding and Bottle Feeding, Propping Baby, Tummy Time, Baby Sitting Support, Awake-Time Support (Pillow Only, 22" x 17.7" x 5.9")</p><p> -32% 0FF </p><p>$20.49</p><a href="https://www.amazon.com/dp/B09T6V8YH2?tag=eloabder-20&linkCode=osi&th=1&psc=1">View Product</a></div>
<div class="product"><a href="https://www.amazon.com/dp/B00B7TCX0I?tag=eloabder-20&linkCode=osi&th=1&psc=1"><img src="https://m.media-amazon.com/images/I/51n0rXJe9iL._SL500_.jpg" alt="Product Image"></a><p>Leading Lady Women's Nursing Tank Stylish Cami with Inner Shelf Bra, Black Stripe, Large</p><p> -59% 0FF </p><p>$13.98</p><a href="https://www.amazon.com/dp/B00B7TCX0I?tag=eloabder-20&linkCode=osi&th=1&psc=1">View Product</a></div><div class="product"><a href="https://www.amazon.com/dp/B07K72T7Q3?tag=eloabder-20&linkCode=osi&th=1&psc=1"><img src="https://m.media-amazon.com/images/I/31J5oWrxf6L._SL500_.jpg" alt="Product Image"></a><p>Lansinoh Reusable Nursing Pads, Nursing Essentials for Breastfeeding Mothers, 4 Absorbent Nursing Pads With Mesh Wash Bag, White Pads</p><p> -25% 0FF </p><p>$11.99</p><a href="https://www.amazon.com/dp/B07K72T7Q3?tag=eloabder-20&linkCode=osi&th=1&psc=1">View Product</a></div>

<div class="product"><a href="https://www.amazon.com/dp/B086134T3T?tag=eloabder-20&linkCode=osi&th=1&psc=1"><img src="https://m.media-amazon.com/images/I/41KhXKDGe-L._SL500_.jpg" alt="Product Image"></a><p>4our Kiddies Baby-Proof Outlet Covers (60 Pack) - Child Safety Electric Plug Protectors to Prevent Power Shock</p><p> -23% 0FF </p><p>$9.99</p><a href="https://www.amazon.com/dp/B086134T3T?tag=eloabder-20&linkCode=osi&th=1&psc=1">View Product</a></div><div class="product"><a href="https://www.amazon.com/dp/B08FBNKDKB?tag=eloabder-20&linkCode=osi&th=1&psc=1"><img src="https://m.media-amazon.com/images/I/318PTNFomwL._SL500_.jpg" alt="Product Image"></a><p>Outlet Cover Box for Child Safety (2 Pack) Duplex & Decorator Electrical Outlet Plates, Concealed Access Buttons, and Spacious Compartment - Jool Baby</p><p> -35% 0FF </p><p>$14.99</p><a href="https://www.amazon.com/dp/B08FBNKDKB?tag=eloabder-20&linkCode=osi&th=1&psc=1">View Product</a></div>
<div class="product"><a href="https://www.amazon.com/dp/B07TDN9MKC?tag=eloabder-20&linkCode=osi&th=1&psc=1"><img src="https://m.media-amazon.com/images/I/41K55mCBTsL._SL500_.jpg" alt="Product Image"></a><p>Philips Avent Soothie Orthodontic Baby Pacifiers, 100% Silicone Pacifiers, One Piece, BPA-Free, for Babies 0-3 Months, Green, 4 Pack, Model SCF190/41</p><p> -25% 0FF </p><p>$8.94</p><a href="https://www.amazon.com/dp/B07TDN9MKC?tag=eloabder-20&linkCode=osi&th=1&psc=1">View Product</a></div><div class="product"><a href="https://www.amazon.com/dp/B08177ZPKM?tag=eloabder-20&linkCode=osi&th=1&psc=1"><img src="https://m.media-amazon.com/images/I/41+0ETqpizL._SL500_.jpg" alt="Product Image"></a><p>Tommee Tippee Ultra-Light Silicone Pacifier, 0-6 Months, Symmetrical One-Piece Design, BPA-Free Silicone Binkies, Clear/Blue/Green, Pack of 4</p><p> -38% 0FF </p><p>$10.39</p><a href="https://www.amazon.com/dp/B08177ZPKM?tag=eloabder-20&linkCode=osi&th=1&psc=1">View Product</a></div><div class="product"><a href="https://www.amazon.com/dp/B09XJJB478?tag=eloabder-20&linkCode=osi&th=1&psc=1"><img src="https://m.media-amazon.com/images/I/31vbtPyMOGL._SL500_.jpg" alt="Product Image"></a><p>Dr. Brown's HappyPaci 100% Silicone Baby Pacifier, Contoured One-Piece Design, White, Blue, Light Blue, 0-6m, BPA-Free, 3 Pack</p><p> -17% 0FF </p><p>$4.97</p><a href="https://www.amazon.com/dp/B09XJJB478?tag=eloabder-20&linkCode=osi&th=1&psc=1">View Product</a></div><div class="product"><a href="https://www.amazon.com/dp/B09F6YC4MS?tag=eloabder-20&linkCode=osi&th=1&psc=1"><img src="https://m.media-amazon.com/images/I/31j7FmFh-9L._SL500_.jpg" alt="Product Image"></a><p>Itzy Ritzy Natural Rubber Pacifiers, Set of 2 – Natural Rubber Newborn Pacifiers with Cherry-Shaped Nipple & Large Air Holes for Added Safety; Set of 2 in Coconut & Toast, Ages 0 – 6 Months</p><p> -10% 0FF </p><p>$8.97</p><a href="https://www.amazon.com/dp/B09F6YC4MS?tag=eloabder-20&linkCode=osi&th=1&psc=1">View Product</a></div><div class="product"><a href="https://www.amazon.com/dp/B0835TX9TH?tag=eloabder-20&linkCode=osi&th=1&psc=1"><img src="https://m.media-amazon.com/images/I/413oViQleDL._SL500_.jpg" alt="Product Image"></a><p>NUK Orthodontic Pacifier Value Pack</p><p> -48% 0FF </p><p>$6.29</p><a href="https://www.amazon.com/dp/B0835TX9TH?tag=eloabder-20&linkCode=osi&th=1&psc=1">View Product</a></div><div class="product"><a href="https://www.amazon.com/dp/B0BJ4Q64L9?tag=eloabder-20&linkCode=osi&th=1&psc=1"><img src="https://m.media-amazon.com/images/I/31T4DaO7KeL._SL500_.jpg" alt="Product Image"></a><p>Tommee Tippee Ultra-light Silicone Pacifier, Symmetrical One-Piece Design, BPA-Free Silicone Binkies, 6-18 months, Pack of 4 Pacifiers</p><p> -32% 0FF </p><p>$11.51</p><a href="https://www.amazon.com/dp/B0BJ4Q64L9?tag=eloabder-20&linkCode=osi&th=1&psc=1">View Product</a></div><div class="product"><a href="https://www.amazon.com/dp/B0C5B1SLFL?tag=eloabder-20&linkCode=osi&th=1&psc=1"><img src="https://m.media-amazon.com/images/I/41XLQFTsedL._SL500_.jpg" alt="Product Image"></a><p>Philips Avent Ultra Soft Pacifier - 4 x Soft and Flexible Baby Pacifiers for Babies Aged 0-6 Months, BPA Free with Sterilizer Carry Case, SCF091/23</p><p> -7% 0FF </p><p>$12.94</p><a href="https://www.amazon.com/dp/B0C5B1SLFL?tag=eloabder-20&linkCode=osi&th=1&psc=1">View Product</a></div><div class="product"><a href="https://www.amazon.com/dp/B09H7LR2K2?tag=eloabder-20&linkCode=osi&th=1&psc=1"><img src="https://m.media-amazon.com/images/I/31J6KoAN3IL._SL500_.jpg" alt="Product Image"></a><p>MAM Original Start Matte Newborn Baby Pacifier, Best Pacifier for Breastfed Babies, Sterilizer Case, Girl, 0-3 Months (Pack of 2)</p><p> -38% 0FF </p><p>$4.99</p><a href="https://www.amazon.com/dp/B09H7LR2K2?tag=eloabder-20&linkCode=osi&th=1&psc=1">View Product</a></div>
<div class="product"><a href="https://www.amazon.com/dp/B0C98MM24R?tag=eloabder-20&linkCode=osi&th=1&psc=1"><img src="https://m.media-amazon.com/images/I/411zeOj8dIL._SL500_.jpg" alt="Product Image"></a><p>Silicone Pacifier Clip, Seposeve Pack of 3 Baby Pacifier Teether Clip with 4 Texture, Soft Flexible Silicone Pacifier Leashes & Cases for Boy and Girl, Keeps Pacifier Clean, Purple Pink White</p><p> -29% 0FF </p><p>$4.99</p><a href="https://www.amazon.com/dp/B0C98MM24R?tag=eloabder-20&linkCode=osi&th=1&psc=1">View Product</a></div><div class="product"><a href="https://www.amazon.com/dp/B0828BFK15?tag=eloabder-20&linkCode=osi&th=1&psc=1"><img src="https://m.media-amazon.com/images/I/41OXr2mKwYL._SL500_.jpg" alt="Product Image"></a><p>PandaEar Baby Pacifier Clips Solid Color, 4 Pack Universal Holder Leash for Boys and Girls, Teething Toys Teethers (Neutral)</p><p> -17% 0FF </p><p>$4.98</p><a href="https://www.amazon.com/dp/B0828BFK15?tag=eloabder-20&linkCode=osi&th=1&psc=1">View Product</a></div>
<div class="product"><a href="https://www.amazon.com/dp/B09JCJKMF2?tag=eloabder-20&linkCode=osi&th=1&psc=1"><img src="https://m.media-amazon.com/images/I/21hMAxonL8L._SL500_.jpg" alt="Product Image"></a><p>Ubbi On-The-Go Dual Pacifier Holder, Keep's Baby's Binkies Clean and Accessible, Portable for Travel, Diaper Bag Accessory Must Have for Newborns, Sage Green</p><p> -17% 0FF </p><p>$4.99</p><a href="https://www.amazon.com/dp/B09JCJKMF2?tag=eloabder-20&linkCode=osi&th=1&psc=1">View Product</a></div><div class="product"><a href="https://www.amazon.com/dp/B0BG8J1JJR?tag=eloabder-20&linkCode=osi&th=1&psc=1"><img src="https://m.media-amazon.com/images/I/31fDalcDyyL._SL500_.jpg" alt="Product Image"></a><p>PandaEar Pacifier Nipple Holder Case Container Boxes (4 Pack)| Universal Accessories Holders| Travel Cases| BPA Free</p><p> -17% 0FF </p><p>$4.95</p><a href="https://www.amazon.com/dp/B0BG8J1JJR?tag=eloabder-20&linkCode=osi&th=1&psc=1">View Product</a></div>
<div class="product"><a href="https://www.amazon.com/dp/B08625PRQL?tag=eloabder-20&linkCode=osi&th=1&psc=1"><img src="https://m.media-amazon.com/images/I/31PUIalU9CL._SL500_.jpg" alt="Product Image"></a><p>GROWNSY Pacifier Sanitizer Portable, UV Light Sanitizer on The Go, USB Charging Sanitizer Case, Mini Pacifier Sanitizer 99.99% Cleaned in 59 Seconds (White)</p><p> -10% 0FF </p><p>$26.95</p><a href="https://www.amazon.com/dp/B08625PRQL?tag=eloabder-20&linkCode=osi&th=1&psc=1">View Product</a></div><div class="product"><a href="https://www.amazon.com/dp/B0035LQNNE?tag=eloabder-20&linkCode=osi&th=1&psc=1"><img src="https://m.media-amazon.com/images/I/41DJ3x+h47L._SL500_.jpg" alt="Product Image"></a><p>Dr. Brown's Microwave Steam Sterilizer Bags for Baby Bottles, Pacifiers, Pump Parts and Accessories, Travel Baby Bottle Sterilizer, 30 Uses per Bag, 5 Count (Pack of 1)</p><p> -40% 0FF </p><p>$5.99</p><a href="https://www.amazon.com/dp/B0035LQNNE?tag=eloabder-20&linkCode=osi&th=1&psc=1">View Product</a></div>
<div class="product"><a href="https://www.amazon.com/dp/B0CRF9L25B?tag=eloabder-20&linkCode=osi&th=1&psc=1"><img src="https://m.media-amazon.com/images/I/41WW0AQ61YL._SL500_.jpg" alt="Product Image"></a><p>Comfy Cubs Baby Play Gym Set, Wooden Baby Playgym, Interactive Activity Center Hanging Bar with Gym Toys, Foldable for Infants, Newborn Gift for Baby Girl and Boy</p><p> -33% 0FF </p><p>$39.99</p><a href="https://www.amazon.com/dp/B0CRF9L25B?tag=eloabder-20&linkCode=osi&th=1&psc=1">View Product</a></div>
<div class="product"><a href="https://www.amazon.com/dp/B0BCVRHFX8?tag=eloabder-20&linkCode=osi&th=1&psc=1"><img src="https://m.media-amazon.com/images/I/41EoxD6Jb4L._SL500_.jpg" alt="Product Image"></a><p>Baby Playpen,Playpen, Playpen for Babies and Toddlers, Play Pen for Kids, Play Pens for Babies and Toddlers for Apartment (47 * 47 inch Grey with mat)</p><p> -23% 0FF </p><p>$46.21</p><a href="https://www.amazon.com/dp/B0BCVRHFX8?tag=eloabder-20&linkCode=osi&th=1&psc=1">View Product</a></div><div class="product"><a href="https://www.amazon.com/dp/B0BR7NFYTV?tag=eloabder-20&linkCode=osi&th=1&psc=1"><img src="https://m.media-amazon.com/images/I/41fdC8D+84L._SL500_.jpg" alt="Product Image"></a><p>COMOMY Playpens for Babies and Toddlers, Small Baby Play Pens, Activity Center for Baby Safe and Non-Slip Baby Fence, Full Mesh Design, Indoor & Outdoor Kids Activity Center (Dark Grey, 36"x36")</p><p> -20% 0FF </p><p>$39.99</p><a href="https://www.amazon.com/dp/B0BR7NFYTV?tag=eloabder-20&linkCode=osi&th=1&psc=1">View Product</a></div><div class="product"><a href="https://www.amazon.com/dp/B09ZDQ3C2Y?tag=eloabder-20&linkCode=osi&th=1&psc=1"><img src="https://m.media-amazon.com/images/I/41cGSa5tbrL._SL500_.jpg" alt="Product Image"></a><p>Pamo Babe Portable Crib Baby Playpen with Mattress and Carry Bag (Grey)</p><p> -29% 0FF </p><p>$48.99</p><a href="https://www.amazon.com/dp/B09ZDQ3C2Y?tag=eloabder-20&linkCode=osi&th=1&psc=1">View Product</a></div><div class="product"><a href="https://www.amazon.com/dp/B08BT16TH5?tag=eloabder-20&linkCode=osi&th=1&psc=1"><img src="https://m.media-amazon.com/images/I/41T3gWQReTL._SL500_.jpg" alt="Product Image"></a><p>Dream On Me Nest Portable Playard in Black with Carrybag an Shoulder Strap, Lightweight, Packable and Easy Setup Baby Playard, Breathable Mesh Sides and Soft Fabric - Comes with a Removable Padded Mat</p><p> -29% 0FF </p><p>$49.99</p><a href="https://www.amazon.com/dp/B08BT16TH5?tag=eloabder-20&linkCode=osi&th=1&psc=1">View Product</a></div>
<div class="product"><a href="https://www.amazon.com/dp/B07964SFW4?tag=eloabder-20&linkCode=osi&th=1&psc=1"><img src="https://m.media-amazon.com/images/I/415S7evTplL._SL500_.jpg" alt="Product Image"></a><p>Baby Trend Lil' Snooze Deluxe II Nursery Center, Twinkle Twinkle Little Moon</p><p> -10% 0FF </p><p>$89.99</p><a href="https://www.amazon.com/dp/B07964SFW4?tag=eloabder-20&linkCode=osi&th=1&psc=1">View Product</a></div><div class="product"><a href="https://www.amazon.com/dp/B0BMFQFZSH?tag=eloabder-20&linkCode=osi&th=1&psc=1"><img src="https://m.media-amazon.com/images/I/41tYFE0RalL._SL500_.jpg" alt="Product Image"></a><p>Pamo Babe Deluxe Nursery Center, Foldable Playard for Baby & Toddler, Bassinet, Mattress, Changing Table for Newborn(Black)</p><p> -22% 0FF </p><p>$155.99</p><a href="https://www.amazon.com/dp/B0BMFQFZSH?tag=eloabder-20&linkCode=osi&th=1&psc=1">View Product</a></div><div class="product"><a href="https://www.amazon.com/dp/B07HYV86RH?tag=eloabder-20&linkCode=osi&th=1&psc=1"><img src="https://m.media-amazon.com/images/I/41GWwVT9TQL._SL500_.jpg" alt="Product Image"></a><p>Baby Trend Trend-E Nursery Center® Playard, April</p><p> -20% 0FF </p><p>$79.99</p><a href="https://www.amazon.com/dp/B07HYV86RH?tag=eloabder-20&linkCode=osi&th=1&psc=1">View Product</a></div>
<div class="product"><a href="https://www.amazon.com/dp/B0BZQGQVD1?tag=eloabder-20&linkCode=osi&th=1&psc=1"><img src="https://m.media-amazon.com/images/I/41DuYrM0FML._SL500_.jpg" alt="Product Image"></a><p>Kopi Baby Portable Diaper Changing Pad - Baby Changing Pad & Diaper Changer Travel Bag, Smart Design Baby Changing Mat, Portable Changing Pad for Baby - Baby Changing Station, Infant Gift - Grey</p><p> -31% 0FF </p><p>$26.99</p><a href="https://www.amazon.com/dp/B0BZQGQVD1?tag=eloabder-20&linkCode=osi&th=1&psc=1">View Product</a></div><div class="product"><a href="https://www.amazon.com/dp/B085PXT49C?tag=eloabder-20&linkCode=osi&th=1&psc=1"><img src="https://m.media-amazon.com/images/I/51vXCxx-lHL._SL500_.jpg" alt="Product Image"></a><p>Portable Changing Pad for Baby|Travel Baby Changing Pads for Moms, Dads|Waterproof Portable Changing Mat with Built-in Pillow|Excellent Baby Shower/Registry Gifts</p><p> -19% 0FF </p><p>$12.99</p><a href="https://www.amazon.com/dp/B085PXT49C?tag=eloabder-20&linkCode=osi&th=1&psc=1">View Product</a></div><div class="product"><a href="https://www.amazon.com/dp/B082FZ4232?tag=eloabder-20&linkCode=osi&th=1&psc=1"><img src="https://m.media-amazon.com/images/I/51beBs2MbBL._SL500_.jpg" alt="Product Image"></a><p>First Landings Portable Diaper Changing Pad - Convenient Travel Changing Pad and Wipe Holder - Portable Changing Pad - Navy</p><p> -58% 0FF </p><p>$9.99</p><a href="https://www.amazon.com/dp/B082FZ4232?tag=eloabder-20&linkCode=osi&th=1&psc=1">View Product</a></div><div class="product"><a href="https://www.amazon.com/dp/B08N4W4CFC?tag=eloabder-20&linkCode=osi&th=1&psc=1"><img src="https://m.media-amazon.com/images/I/51vHXXugc9L._SL500_.jpg" alt="Product Image"></a><p>Portable Diaper Changing Pad for Baby, Detachable Travel Changing Pad with Baby Wipes Pocket, Gifts for Baby Shower, Newborn Girls and Boys (Grey)</p><p> -29% 0FF </p><p>$19.79</p><a href="https://www.amazon.com/dp/B08N4W4CFC?tag=eloabder-20&linkCode=osi&th=1&psc=1">View Product</a></div><div class="product"><a href="https://www.amazon.com/dp/B0CM9ZDFT7?tag=eloabder-20&linkCode=osi&th=1&psc=1"><img src="https://m.media-amazon.com/images/I/511OkyACRAL._SL500_.jpg" alt="Product Image"></a><p>Portable Changing Pad for Baby, Travel Diaper Changing Pad for Newborn, Large Waterproof Baby Changing Mat, Foldable & Detachable Diaper Changing Station with Baby Wipes Pockets, Baby Stuff by Pillani</p><p> -37% 0FF </p><p>$18.99</p><a href="https://www.amazon.com/dp/B0CM9ZDFT7?tag=eloabder-20&linkCode=osi&th=1&psc=1">View Product</a></div>
<div class="product"><a href="https://www.amazon.com/dp/B00AKKDSNG?tag=eloabder-20&linkCode=osi&th=1&psc=1"><img src="https://m.media-amazon.com/images/I/51nqUmC7OaL._SL500_.jpg" alt="Product Image"></a><p>Guava Lotus Travel Crib with Lightweight Backpack Design | Certified Baby Safe Portable Crib | Folding Play Yard with Comfy Mattress for Babies & Toddlers | Compact Baby Travel Bed</p><p> -18% 0FF </p><p>$229.95</p><a href="https://www.amazon.com/dp/B00AKKDSNG?tag=eloabder-20&linkCode=osi&th=1&psc=1">View Product</a></div><div class="product"><a href="https://www.amazon.com/dp/B07RZQC1T1?tag=eloabder-20&linkCode=osi&th=1&psc=1"><img src="https://m.media-amazon.com/images/I/41EMWNVnnYL._SL500_.jpg" alt="Product Image"></a><p>Pamo Babe Portable Crib for Baby, Portable Baby Playpen with Bassinet and Changing Table</p><p> -15% 0FF </p><p>$109.99</p><a href="https://www.amazon.com/dp/B07RZQC1T1?tag=eloabder-20&linkCode=osi&th=1&psc=1">View Product</a></div><div class="product"><a href="https://www.amazon.com/dp/B01F9FLEL4?tag=eloabder-20&linkCode=osi&th=1&psc=1"><img src="https://m.media-amazon.com/images/I/51HNrjQ09pL._SL500_.jpg" alt="Product Image"></a><p>Baby Trend Nursery Center® Playard, Tanzania</p><p> -20% 0FF </p><p>$79.99</p><a href="https://www.amazon.com/dp/B01F9FLEL4?tag=eloabder-20&linkCode=osi&th=1&psc=1">View Product</a></div>
<div class="product"><a href="https://www.amazon.com/dp/B0CXY9DDW9?tag=eloabder-20&linkCode=osi&th=1&psc=1"><img src="https://m.media-amazon.com/images/I/31MFNOwDz8L._SL500_.jpg" alt="Product Image"></a><p>Bluey Playtime Floor Potty Trainer w/Sound</p><p> -20% 0FF </p><p>$31.99</p><a href="https://www.amazon.com/dp/B0CXY9DDW9?tag=eloabder-20&linkCode=osi&th=1&psc=1">View Product</a></div>


<div class="product"><a href="https://www.amazon.com/dp/B0825YNHG9?tag=eloabder-20&linkCode=osi&th=1&psc=1"><img src="https://m.media-amazon.com/images/I/515zQEdiriL._SL500_.jpg" alt="Product Image"></a><p>wegreeco Cloth Diapers 6 Pack with 6 Inserts & 1 Wet Bag, Washable Cloth Diapers for Babies, One Size Adjustable Reusable Diapers Baby (Flower)</p><p> -17% 0FF </p><p>$31.85</p><a href="https://www.amazon.com/dp/B0825YNHG9?tag=eloabder-20&linkCode=osi&th=1&psc=1">View Product</a></div><div class="product"><a href="https://www.amazon.com/dp/B0D5HMWY6V?tag=eloabder-20&linkCode=osi&th=1&psc=1"><img src="https://m.media-amazon.com/images/I/41U1XPfqxlL._SL500_.jpg" alt="Product Image"></a><p>Smarbore Baby Cloth Diapers Set-4 Pack Diapers with 4 Inserts & 1 Wet Dry Separation Bag, Reusable Infant Toddler Nappy, Adjustable Pocket Diapers for Baby Boys and Girls(6-33 pounds,0-3 Years)</p><p> -7% 0FF </p><p>$25.99 ($2.89 / Count)</p><a href="https://www.amazon.com/dp/B0D5HMWY6V?tag=eloabder-20&linkCode=osi&th=1&psc=1">View Product</a></div>
<div class="product"><a href="https://www.amazon.com/dp/B0CG1T96CP?tag=eloabder-20&linkCode=osi&th=1&psc=1"><img src="https://m.media-amazon.com/images/I/41Zc2WoVYUL._SL500_.jpg" alt="Product Image"></a><p>Yaheetech Upholstered Rocking Chair, Boucle Glider Chair Nursery Chair with High Back and Side Pocket, Rocking Accent Armchair with Rubber Wood Legs for Living Room/Bedroom/Nursery, Ivory</p><p> -41% 0FF </p><p>$99.99</p><a href="https://www.amazon.com/dp/B0CG1T96CP?tag=eloabder-20&linkCode=osi&th=1&psc=1">View Product</a></div><div class="product"><a href="https://www.amazon.com/dp/B0815ZR4LN?tag=eloabder-20&linkCode=osi&th=1&psc=1"><img src="https://m.media-amazon.com/images/I/31z4fzPBkHL._SL500_.jpg" alt="Product Image"></a><p>Evolur Raleigh Upholstered Nursery Glider, Swivel, Rock, Recliner, Tool Free Assembly, Greenguard Gold Certified Misty Grey</p><p> -43% 0FF </p><p>$199.99</p><a href="https://www.amazon.com/dp/B0815ZR4LN?tag=eloabder-20&linkCode=osi&th=1&psc=1">View Product</a></div><div class="product"><a href="https://www.amazon.com/dp/B01N4KL7QS?tag=eloabder-20&linkCode=osi&th=1&psc=1"><img src="https://m.media-amazon.com/images/I/51EIu4gTPDL._SL500_.jpg" alt="Product Image"></a><p>Angel Line Windsor Glider and Ottoman, Natural and Gray</p><p> -21% 0FF </p><p>$139.00</p><a href="https://www.amazon.com/dp/B01N4KL7QS?tag=eloabder-20&linkCode=osi&th=1&psc=1">View Product</a></div><div class="product"><a href="https://www.amazon.com/dp/B0DF2PJ5KH?tag=eloabder-20&linkCode=osi&th=1&psc=1"><img src="https://m.media-amazon.com/images/I/51wf3SLefBL._SL500_.jpg" alt="Product Image"></a><p>VECELO High Back Nursery Rocking Chair with Foot Rest, Teddy Upholstered Reclining Glider Rocker, Comfy Armchair Padded Seat Removable Side Pockets for Living Room, Bedroom, Balcony, White</p><p> -7% 0FF </p><p>$129.99</p><a href="https://www.amazon.com/dp/B0DF2PJ5KH?tag=eloabder-20&linkCode=osi&th=1&psc=1">View Product</a></div>
<div class="product"><a href="https://www.amazon.com/dp/B0D4YY8V2Z?tag=eloabder-20&linkCode=osi&th=1&psc=1"><img src="https://m.media-amazon.com/images/I/41ckUZsbOhL._SL500_.jpg" alt="Product Image"></a><p>JXM Safety Harness for Active Childs with Quick Grab Handle, Teens Youth Secure Walking Harness with Autism Awareness and Pouch, Adjustable Tether Leash for Autism ADHD Special Needs Child Kids</p><p> -11% 0FF </p><p>$24.99</p><a href="https://www.amazon.com/dp/B0D4YY8V2Z?tag=eloabder-20&linkCode=osi&th=1&psc=1">View Product</a></div><div class="product"><a href="https://www.amazon.com/dp/B0CMTXJ956?tag=eloabder-20&linkCode=osi&th=1&psc=1"><img src="https://m.media-amazon.com/images/I/41isiqOFw+L._SL500_.jpg" alt="Product Image"></a><p>Kanayu 2 Pcs Walking Harness for Older Children with Handle and Pouch Safety Harness for Autism ADHD Special Needs Child Kids(8-12 Years)</p><p> -12% 0FF </p><p>$22.99</p><a href="https://www.amazon.com/dp/B0CMTXJ956?tag=eloabder-20&linkCode=osi&th=1&psc=1">View Product</a></div><div class="product"><a href="https://www.amazon.com/dp/B0CFY3B37N?tag=eloabder-20&linkCode=osi&th=1&psc=1"><img src="https://m.media-amazon.com/images/I/41i7J-tFLEL._SL500_.jpg" alt="Product Image"></a><p>ROSROSE Child Airplane Safety Travel Harness, Airplane Travel Accessories for Kid Toddler, Child Aviation Flight Seat Device/Seat Belt, Safety Restraint System Helps Keep Your Child Safe</p><p> -10% 0FF </p><p>$22.55</p><a href="https://www.amazon.com/dp/B0CFY3B37N?tag=eloabder-20&linkCode=osi&th=1&psc=1">View Product</a></div>
<div class="product"><a href="https://www.amazon.com/dp/B08WDLZ9YF?tag=eloabder-20&linkCode=osi&th=1&psc=1"><img src="https://m.media-amazon.com/images/I/41yh9vV9UTL._SL500_.jpg" alt="Product Image"></a><p>Safety 1st Healthcare On-The-go Kit, Pyramids Aqua</p><p> -27% 0FF </p><p>$9.53</p><a href="https://www.amazon.com/dp/B08WDLZ9YF?tag=eloabder-20&linkCode=osi&th=1&psc=1">View Product</a></div>
<div class="product"><a href="https://www.amazon.com/dp/B0009EXOIM?tag=eloabder-20&linkCode=osi&th=1&psc=1"><img src="https://m.media-amazon.com/images/I/41tq74vnvfL._SL500_.jpg" alt="Product Image"></a><p>Safety 1st 12 Pack Ultra Clear Outlet Plugs</p><p> -55% 0FF </p><p>$2.99</p><a href="https://www.amazon.com/dp/B0009EXOIM?tag=eloabder-20&linkCode=osi&th=1&psc=1">View Product</a></div>
<div class="product"><a href="https://www.amazon.com/dp/B0CNVZN4JY?tag=eloabder-20&linkCode=osi&th=1&psc=1"><img src="https://m.media-amazon.com/images/I/41w4Hn9rrKL._SL500_.jpg" alt="Product Image"></a><p>UBBCARE Bed Rail for Toddlers, 32 Inch Bed Guard Rail, Extra Tall Child Safety Side Crib Rail for Baby, Kids, Fit for Twin, Full, Queen, King Size Beds</p><p> -19% 0FF </p><p>$25.99</p><a href="https://www.amazon.com/dp/B0CNVZN4JY?tag=eloabder-20&linkCode=osi&th=1&psc=1">View Product</a></div><div class="product"><a href="https://www.amazon.com/dp/B0D63187J9?tag=eloabder-20&linkCode=osi&th=1&psc=1"><img src="https://m.media-amazon.com/images/I/41Y5kEXGVpL._SL500_.jpg" alt="Product Image"></a><p>Bed Guard Rail for Toddlers - 32inch Folding up & Adjustable Heights Baby Bed Safety Rails - Portable Toddler Bed Barrier Railing Guard for Kids Twin, Bunk, Queen, Full Size Bed</p><p> -13% 0FF </p><p>$34.99</p><a href="https://www.amazon.com/dp/B0D63187J9?tag=eloabder-20&linkCode=osi&th=1&psc=1">View Product</a></div>

<div class="product"><a href="https://www.amazon.com/dp/B07JDHX9X8?tag=eloabder-20&linkCode=osi&th=1&psc=1"><img src="https://m.media-amazon.com/images/I/41xMC6SqvHL._SL500_.jpg" alt="Product Image"></a><p>Anti-Lost Wrist Link, Blue Reflective Anti-Lost Wrist Chain with Child Lock 6.56 feet.</p><p> -23% 0FF </p><p>$9.99</p><a href="https://www.amazon.com/dp/B07JDHX9X8?tag=eloabder-20&linkCode=osi&th=1&psc=1">View Product</a></div>
<div class="product"><a href="https://www.amazon.com/dp/B005P4J5I4?tag=eloabder-20&linkCode=osi&th=1&psc=1"><img src="https://m.media-amazon.com/images/I/519l0MNHqKL._SL500_.jpg" alt="Product Image"></a><p>Little Remedies Saline Spray and Drops, Safe for Newborns, 0.5 fl oz</p><p> -53% 0FF </p><p>$3.27 ($6.54 / Fl Oz)</p><a href="https://www.amazon.com/dp/B005P4J5I4?tag=eloabder-20&linkCode=osi&th=1&psc=1">View Product</a></div><div class="product"><a href="https://www.amazon.com/dp/B0856MGQVH?tag=eloabder-20&linkCode=osi&th=1&psc=1"><img src="https://m.media-amazon.com/images/I/51A47IQJC0L._SL500_.jpg" alt="Product Image"></a><p>Little Remedies Stromach Gas and Nose Relief Pack (1-0.5 oz Saline Spray and Drops, 1-1 oz Gas Relief Berry Flavor Drops)</p><p> -29% 0FF </p><p>$10.93</p><a href="https://www.amazon.com/dp/B0856MGQVH?tag=eloabder-20&linkCode=osi&th=1&psc=1">View Product</a></div><div class="product"><a href="https://www.amazon.com/dp/B011EVPAHG?tag=eloabder-20&linkCode=osi&th=1&psc=1"><img src="https://m.media-amazon.com/images/I/41wkX5DsVDL._SL500_.jpg" alt="Product Image"></a><p>MYLICON Infants Gas Relief Drops for Infants and Babies, Dye Free Formula, 1 Fluid Ounce</p><p> -18% 0FF </p><p>$9.86</p><a href="https://www.amazon.com/dp/B011EVPAHG?tag=eloabder-20&linkCode=osi&th=1&psc=1">View Product</a></div><div class="product"><a href="https://www.amazon.com/dp/B0971Y375Y?tag=eloabder-20&linkCode=osi&th=1&psc=1"><img src="https://m.media-amazon.com/images/I/41Bj3TE3RaL._SL500_.jpg" alt="Product Image"></a><p>Mommy's Bliss Newborn Essentials Gift Set, Includes Gripe Water, Baby Vitamin D / Gas Drops and Gentle Saline Drops/Spray</p><p> -20% 0FF </p><p>$19.98 ($5.00 / Count)</p><a href="https://www.amazon.com/dp/B0971Y375Y?tag=eloabder-20&linkCode=osi&th=1&psc=1">View Product</a></div>

<div class="product"><a href="https://www.amazon.com/dp/B002SVAJK0?tag=eloabder-20&linkCode=osi&th=1&psc=1"><img src="https://m.media-amazon.com/images/I/31zDyga4PaL._SL500_.jpg" alt="Product Image"></a><p>Original Sprout Classic Shampoo for All Hair Types, Sulfate Free and Vegan Shampoo, 32 oz. Bottle</p><p> -39% 0FF </p><p>$26.09 ($0.82 / Fl Oz)</p><a href="https://www.amazon.com/dp/B002SVAJK0?tag=eloabder-20&linkCode=osi&th=1&psc=1">View Product</a></div><div class="product"><a href="https://www.amazon.com/dp/B076BVMM2P?tag=eloabder-20&linkCode=osi&th=1&psc=1"><img src="https://m.media-amazon.com/images/I/31TTLlKPXHL._SL500_.jpg" alt="Product Image"></a><p>Mustela Stelatopia Eczema-Prone Skin Foam Shampoo for Newborn & Baby with - with Natural Avocado & Sunflower Oil - Fragrance-Free & Tear Free - 5.07 fl. oz.</p><p> -27% 0FF </p><p>$12.69 ($2.49 / Fl Oz)</p><a href="https://www.amazon.com/dp/B076BVMM2P?tag=eloabder-20&linkCode=osi&th=1&psc=1">View Product</a></div>

<div class="product"><a href="https://www.amazon.com/dp/B0CD42KQ3K?tag=eloabder-20&linkCode=osi&th=1&psc=1"><img src="https://m.media-amazon.com/images/I/41c9zvmFrLL._SL500_.jpg" alt="Product Image"></a><p>TOHIBEE Baby Montessori Sensory Toys for 0-6 6-12 Months, Food Grade Teething Toys for Babies 0 3 6 9 12 18 Months, Newborn Infant Learning Developmental Toys Gifts for 1 2 Year Old Boys Girls</p><p> -50% 0FF </p><p>$9.99</p><a href="https://www.amazon.com/dp/B0CD42KQ3K?tag=eloabder-20&linkCode=osi&th=1&psc=1">View Product</a></div><div class="product"><a href="https://www.amazon.com/dp/B0CNNZKL6Z?tag=eloabder-20&linkCode=osi&th=1&psc=1"><img src="https://m.media-amazon.com/images/I/419qSwSFEIL._SL500_.jpg" alt="Product Image"></a><p>MIUXUESO 3 Pcs Baby Flower Headbands Baby Girls Nylon Headbands Soft Hairbands Hair Accessories for Newborn Infant Toddler Kids (Beige Pink Khaki)</p><p> -11% 0FF </p><p>$8.89 ($2.96 / Count)</p><a href="https://www.amazon.com/dp/B0CNNZKL6Z?tag=eloabder-20&linkCode=osi&th=1&psc=1">View Product</a></div><div class="product"><a href="https://www.amazon.com/dp/B0CRLDXBYN?tag=eloabder-20&linkCode=osi&th=1&psc=1"><img src="https://m.media-amazon.com/images/I/51U5mzLT4CL._SL500_.jpg" alt="Product Image"></a><p>Cute Castle Baby Sleep Sack 0-6 Months - Lightweight 100% Cotton 2-Way Zipper TOG 0.5 Infant Wearable Blanket, Newborn Essentials Toddler Sleep Clothes (3 Pack Green)</p><p> -41% 0FF </p><p>$26.98</p><a href="https://www.amazon.com/dp/B0CRLDXBYN?tag=eloabder-20&linkCode=osi&th=1&psc=1">View Product</a></div><div class="product"><a href="https://www.amazon.com/dp/B0CNSPHBBG?tag=eloabder-20&linkCode=osi&th=1&psc=1"><img src="https://m.media-amazon.com/images/I/41KtLZ6dp3L._SL500_.jpg" alt="Product Image"></a><p>Arnzion Baby Hooded Towels for Babies and Toddlers, Muslin Baby Bath Towel Soft and Absorbent for Boys and Girls (Dark Grey 1 Pack)</p><p> -10% 0FF </p><p>$8.99</p><a href="https://www.amazon.com/dp/B0CNSPHBBG?tag=eloabder-20&linkCode=osi&th=1&psc=1">View Product</a></div><div class="product"><a href="https://www.amazon.com/dp/B0C6Y89H47?tag=eloabder-20&linkCode=osi&th=1&psc=1"><img src="https://m.media-amazon.com/images/I/41SIANIdhkL._SL500_.jpg" alt="Product Image"></a><p>HelloBaby Upgrade 5’’ Baby Monitor with 26-Hour Battery, 2 Cameras Pan-Tilt-Zoom, 1000ft Range Video Audio Baby Monitor No WiFi, VOX, Night Vision, 2-Way Talk, 8 Lullabies and Temperature</p><p> -22% 0FF </p><p>$139.99</p><a href="https://www.amazon.com/dp/B0C6Y89H47?tag=eloabder-20&linkCode=osi&th=1&psc=1">View Product</a></div><div class="product"><a href="https://www.amazon.com/dp/B0CLGCN5ZS?tag=eloabder-20&linkCode=osi&th=1&psc=1"><img src="https://m.media-amazon.com/images/I/41PuaWmW8rL._SL500_.jpg" alt="Product Image"></a><p>Momcozy Baby Carrier Newborn to Toddler - Ergonomic, Cozy and Lightweight Infant Carrier for 7-44lbs, Effortless to Put On, Ideal for Hands-Free Parenting, Enhanced Lumbar Support, Khaki</p><p> -7% 0FF </p><p>$64.99</p><a href="https://www.amazon.com/dp/B0CLGCN5ZS?tag=eloabder-20&linkCode=osi&th=1&psc=1">View Product</a></div>
<div class="product"><a href="https://www.amazon.com/dp/B09B94C44F?tag=eloabder-20&linkCode=osi&th=1&psc=1"><img src="https://m.media-amazon.com/images/I/41mrmM0elVL._SL500_.jpg" alt="Product Image"></a><p>Fisher-Price Baby to Toddler Learning Toy 2-in-1 Like a Boss Activity Center and Play Table with Lights Music and Sounds</p><p> -33% 0FF </p><p>$73.99</p><a href="https://www.amazon.com/dp/B09B94C44F?tag=eloabder-20&linkCode=osi&th=1&psc=1">View Product</a></div><div class="product"><a href="https://www.amazon.com/dp/B08D8RSLXW?tag=eloabder-20&linkCode=osi&th=1&psc=1"><img src="https://m.media-amazon.com/images/I/41CTM7vmqIL._SL500_.jpg" alt="Product Image"></a><p>Smart Steps® Bounce N’ Play 3-in-1 Activity Center, Woodland Walk</p><p> -14% 0FF </p><p>$59.99</p><a href="https://www.amazon.com/dp/B08D8RSLXW?tag=eloabder-20&linkCode=osi&th=1&psc=1">View Product</a></div><div class="product"><a href="https://www.amazon.com/dp/B08WQB3JQW?tag=eloabder-20&linkCode=osi&th=1&psc=1"><img src="https://m.media-amazon.com/images/I/413UkTCXRJL._SL500_.jpg" alt="Product Image"></a><p>Smart Steps® 3-in-1 Bounce N' Play Activity Center Plus with STEM Learning Toys, Tike Hike</p><p> -33% 0FF </p><p>$59.99</p><a href="https://www.amazon.com/dp/B08WQB3JQW?tag=eloabder-20&linkCode=osi&th=1&psc=1">View Product</a></div><div class="product"><a href="https://www.amazon.com/dp/B0B5JJGGTC?tag=eloabder-20&linkCode=osi&th=1&psc=1"><img src="https://m.media-amazon.com/images/I/41hewN3eW6L._SL500_.jpg" alt="Product Image"></a><p>Fisher-Price Baby to Toddler Toy 3-in-1 SnugaPuppy Activity Center and Play Table with Lights Sounds and Developmental Activities</p><p> -23% 0FF </p><p>$99.99</p><a href="https://www.amazon.com/dp/B0B5JJGGTC?tag=eloabder-20&linkCode=osi&th=1&psc=1">View Product</a></div><div class="product"><a href="https://www.amazon.com/dp/B07BF1V8K8?tag=eloabder-20&linkCode=osi&th=1&psc=1"><img src="https://m.media-amazon.com/images/I/51kWbX5t3FL._SL500_.jpg" alt="Product Image"></a><p>Battat - Activity Cube With Farm Theme - Educational Wooden Toys For Toddlers And Kids - 1 Year +</p><p> -42% 0FF </p><p>$59.95</p><a href="https://www.amazon.com/dp/B07BF1V8K8?tag=eloabder-20&linkCode=osi&th=1&psc=1">View Product</a></div>
<div class="product"><a href="https://www.amazon.com/dp/B07MPCCDM7?tag=eloabder-20&linkCode=osi&th=1&psc=1"><img src="https://m.media-amazon.com/images/I/414WzjZL6XL._SL500_.jpg" alt="Product Image"></a><p>Baby Einstein 4-in-1 Kickin' Tunes Music and Language Play Gym and Piano Tummy Time Activity Mat</p><p> -20% 0FF </p><p>$39.98</p><a href="https://www.amazon.com/dp/B07MPCCDM7?tag=eloabder-20&linkCode=osi&th=1&psc=1">View Product</a></div><div class="product"><a href="https://www.amazon.com/dp/B0793D9WBY?tag=eloabder-20&linkCode=osi&th=1&psc=1"><img src="https://m.media-amazon.com/images/I/51SJobuKTzL._SL500_.jpg" alt="Product Image"></a><p>Fisher-Price Baby Playmat Deluxe Kick & Play Piano Gym, Green Musical Learning Toy with 2 Rattle Maracas for Developmental Play Newborns 0+ Months</p><p> -18% 0FF </p><p>$49.49</p><a href="https://www.amazon.com/dp/B0793D9WBY?tag=eloabder-20&linkCode=osi&th=1&psc=1">View Product</a></div><div class="product"><a href="https://www.amazon.com/dp/B0B5JXBMZJ?tag=eloabder-20&linkCode=osi&th=1&psc=1"><img src="https://m.media-amazon.com/images/I/51zfjAIFbcL._SL500_.jpg" alt="Product Image"></a><p>Fisher-Price Baby Playmat Kick & Play Piano Gym with Musical and Sensory Toys for Newborn to Toddler, Navy Fawn</p><p> -27% 0FF </p><p>$39.88</p><a href="https://www.amazon.com/dp/B0B5JXBMZJ?tag=eloabder-20&linkCode=osi&th=1&psc=1">View Product</a></div><div class="product"><a href="https://www.amazon.com/dp/B0036RKGHQ?tag=eloabder-20&linkCode=osi&th=1&psc=1"><img src="https://m.media-amazon.com/images/I/51ciJPgVi-L._SL500_.jpg" alt="Product Image"></a><p>Bright Starts Disney Baby Finding Nemo Mr. Ray Ocean Lights & Music Gym, Ages Newborn +</p><p> -18% 0FF </p><p>$69.98</p><a href="https://www.amazon.com/dp/B0036RKGHQ?tag=eloabder-20&linkCode=osi&th=1&psc=1">View Product</a></div>
<div class="product"><a href="https://www.amazon.com/dp/B0C8HGTL8Y?tag=eloabder-20&linkCode=osi&th=1&psc=1"><img src="https://m.media-amazon.com/images/I/41JRClg8WzL._SL500_.jpg" alt="Product Image"></a><p>Baby Trend Everlast 7-in-1 High Chair, Charcoal Stone</p><p> -50% 0FF </p><p>$49.99</p><a href="https://www.amazon.com/dp/B0C8HGTL8Y?tag=eloabder-20&linkCode=osi&th=1&psc=1">View Product</a></div><div class="product"><a href="https://www.amazon.com/dp/B08DY55SQZ?tag=eloabder-20&linkCode=osi&th=1&psc=1"><img src="https://m.media-amazon.com/images/I/31Gi5M2n0TL._SL500_.jpg" alt="Product Image"></a><p>Evenflo 4-in-1 Eat & Grow Convertible High Chair,Polyester</p><p> -9% 0FF </p><p>$62.99</p><a href="https://www.amazon.com/dp/B08DY55SQZ?tag=eloabder-20&linkCode=osi&th=1&psc=1">View Product</a></div><div class="product"><a href="https://www.amazon.com/dp/B0BDSWVGJN?tag=eloabder-20&linkCode=osi&th=1&psc=1"><img src="https://m.media-amazon.com/images/I/31RKzujFVpL._SL500_.jpg" alt="Product Image"></a><p>Graco EveryStep 6 in 1 High Chair, Babies and Toddlers Portable Slim High Chair with 6 Growing Stages from Infant to Toddler Seating, Convenient for Dining Time, Featured Design in Misty</p><p> -12% 0FF </p><p>$176.99</p><a href="https://www.amazon.com/dp/B0BDSWVGJN?tag=eloabder-20&linkCode=osi&th=1&psc=1">View Product</a></div><div class="product"><a href="https://www.amazon.com/dp/B0DFGSY7D2?tag=eloabder-20&linkCode=osi&th=1&psc=1"><img src="https://m.media-amazon.com/images/I/41LuMCYsLxL._SL500_.jpg" alt="Product Image"></a><p>High Chair,IJHIJH Baby High Chair,Foldable High Chair,High Chair for Babies and Toddlers,Double-Layer Large Tray,Backrest and Height Adjustable,5-Point Safety Belt,Non-Slip Mat,Space Saving</p><p> -23% 0FF </p><p>$99.99</p><a href="https://www.amazon.com/dp/B0DFGSY7D2?tag=eloabder-20&linkCode=osi&th=1&psc=1">View Product</a></div><div class="product"><a href="https://www.amazon.com/dp/B01MRVWGJH?tag=eloabder-20&linkCode=osi&th=1&psc=1"><img src="https://m.media-amazon.com/images/I/41HxUVOWn-L._SL500_.jpg" alt="Product Image"></a><p>Cosco Simple Fold Full Size High Chair With Adjustable Tray, 28.5x23.5x38.7 Inch (Pack of 1)</p><p> -23% 0FF </p><p>$49.99</p><a href="https://www.amazon.com/dp/B01MRVWGJH?tag=eloabder-20&linkCode=osi&th=1&psc=1">View Product</a></div><div class="product"><a href="https://www.amazon.com/dp/B0B1QRSXW9?tag=eloabder-20&linkCode=osi&th=1&psc=1"><img src="https://m.media-amazon.com/images/I/41k+dOKhnqL._SL500_.jpg" alt="Product Image"></a><p>Baby Trend Sit Right 2.0 3-in-1 High Chair - Cozy Grey</p><p> -25% 0FF </p><p>$59.99</p><a href="https://www.amazon.com/dp/B0B1QRSXW9?tag=eloabder-20&linkCode=osi&th=1&psc=1">View Product</a></div><div class="product"><a href="https://www.amazon.com/dp/B08HKPPJPV?tag=eloabder-20&linkCode=osi&th=1&psc=1"><img src="https://m.media-amazon.com/images/I/31cMtIzV9lL._SL500_.jpg" alt="Product Image"></a><p>Graco® Table2Table LX 6-in-1 Highchair, Arrows with Infant Head Support & One-Hand Removable Tray</p><p> -16% 0FF </p><p>$100.99</p><a href="https://www.amazon.com/dp/B08HKPPJPV?tag=eloabder-20&linkCode=osi&th=1&psc=1">View Product</a></div><div class="product"><a href="https://www.amazon.com/dp/B07Y5RY7QT?tag=eloabder-20&linkCode=osi&th=1&psc=1"><img src="https://m.media-amazon.com/images/I/31IiUCIU1JL._SL500_.jpg" alt="Product Image"></a><p>Graco DuoDiner DLX 6-in-1 Highchair, Mathis</p><p> -7% 0FF </p><p>$139.99</p><a href="https://www.amazon.com/dp/B07Y5RY7QT?tag=eloabder-20&linkCode=osi&th=1&psc=1">View Product</a></div><div class="product"><a href="https://www.amazon.com/dp/B091M5MT2L?tag=eloabder-20&linkCode=osi&th=1&psc=1"><img src="https://m.media-amazon.com/images/I/31ukjyiALGL._SL500_.jpg" alt="Product Image"></a><p>Century Dine On 4-in-1 High Chair, Grows with Child with 4 Modes, Metro</p><p> -11% 0FF </p><p>$79.99</p><a href="https://www.amazon.com/dp/B091M5MT2L?tag=eloabder-20&linkCode=osi&th=1&psc=1">View Product</a></div>
<div class="product"><a href="https://www.amazon.com/dp/B000MR4IX6?tag=eloabder-20&linkCode=osi&th=1&psc=1"><img src="https://m.media-amazon.com/images/I/31QxBnnFyKL._SL500_.jpg" alt="Product Image"></a><p>Crane Adorables Ultrasonic Humidifiers for Bedroom and Baby Nursery, 1 Gallon Cool Mist Air Humidifier for Large Room or Kid's Room, Humidifier Filters Optional, Hello Kitty</p><p> -10% 0FF </p><p>$53.99</p><a href="https://www.amazon.com/dp/B000MR4IX6?tag=eloabder-20&linkCode=osi&th=1&psc=1">View Product</a></div><div class="product"><a href="https://www.amazon.com/dp/B001ADL1SG?tag=eloabder-20&linkCode=osi&th=1&psc=1"><img src="https://m.media-amazon.com/images/I/31jxnLUt3iL._SL500_.jpg" alt="Product Image"></a><p>Crane Ultrasonic Cool Mist Humidifier for Bedroom, Baby Nursery, Kids Room, Plants, or Office, Large 1 Gallon Tank, Filter Optional, Blue and White</p><p> -25% 0FF </p><p>$44.99</p><a href="https://www.amazon.com/dp/B001ADL1SG?tag=eloabder-20&linkCode=osi&th=1&psc=1">View Product</a></div><div class="product"><a href="https://www.amazon.com/dp/B089QWNQXC?tag=eloabder-20&linkCode=osi&th=1&psc=1"><img src="https://m.media-amazon.com/images/I/31SHRor76xL._SL500_.jpg" alt="Product Image"></a><p>Dr. Brown's All-in-One Sterilizer and Dryer for Baby Bottles, Parts & Other Newborn Essentials</p><p> -28% 0FF </p><p>$57.99</p><a href="https://www.amazon.com/dp/B089QWNQXC?tag=eloabder-20&linkCode=osi&th=1&psc=1">View Product</a></div><div class="product"><a href="https://www.amazon.com/dp/B008KJEYLO?tag=eloabder-20&linkCode=osi&th=1&psc=1"><img src="https://m.media-amazon.com/images/I/516vqHBFtxL._SL500_.jpg" alt="Product Image"></a><p>WaterWipes Plastic-Free Original Baby Wipes, 99.9% Water Based Wipes, Unscented & Hypoallergenic for Sensitive Skin, 60 Count (Pack of 12), Packaging May Vary</p><p> -13% 0FF </p><p>$39.97 ($5.55 / 100 Count)</p><a href="https://www.amazon.com/dp/B008KJEYLO?tag=eloabder-20&linkCode=osi&th=1&psc=1">View Product</a></div><div class="product"><a href="https://www.amazon.com/dp/B094YK9MB1?tag=eloabder-20&linkCode=osi&th=1&psc=1"><img src="https://m.media-amazon.com/images/I/31h+m99qpwL._SL500_.jpg" alt="Product Image"></a><p>Westinghouse 28-inch Cool Mist Ultrasonic Tower Humidifier, 6L Top Fill Air Humidifier with Essential Oil Diffuser, Adjustable Mist Volume for Large Bedrooms</p><p> -50% 0FF </p><p>$59.99</p><a href="https://www.amazon.com/dp/B094YK9MB1?tag=eloabder-20&linkCode=osi&th=1&psc=1">View Product</a></div>
<div class="product"><a href="https://www.amazon.com/dp/B0961KZ9X2?tag=eloabder-20&linkCode=osi&th=1&psc=1"><img src="https://m.media-amazon.com/images/I/41AUjJ8u93S._SL500_.jpg" alt="Product Image"></a><p>Philips Avent Anti-Colic Baby Bottle with AirFree Vent, 9oz, 4pk, Clear, SCY703/04</p><p> -20% 0FF </p><p>$23.99</p><a href="https://www.amazon.com/dp/B0961KZ9X2?tag=eloabder-20&linkCode=osi&th=1&psc=1">View Product</a></div><div class="product"><a href="https://www.amazon.com/dp/B00K5KVC52?tag=eloabder-20&linkCode=osi&th=1&psc=1"><img src="https://m.media-amazon.com/images/I/411dDDTfnQL._SL500_.jpg" alt="Product Image"></a><p>Tommee Tippee Natural Start Anti-Colic BPA Free Baby Bottles, 9oz, Slow-Flow Breast-Like Nipple for a Natural Latch, Designed for Seamless Transitions Between Bottle and Breast, Fiesta, Pack of 6</p><p> -44% 0FF </p><p>$23.97</p><a href="https://www.amazon.com/dp/B00K5KVC52?tag=eloabder-20&linkCode=osi&th=1&psc=1">View Product</a></div><div class="product"><a href="https://www.amazon.com/dp/B00H0DH2NS?tag=eloabder-20&linkCode=osi&th=1&psc=1"><img src="https://m.media-amazon.com/images/I/41-a1Bfp4SL._SL500_.jpg" alt="Product Image"></a><p>Lansinoh Anti-Colic Baby Bottles for Breastfeeding Babies, 5 Ounces, 3 Count, Includes 3 Slow Flow Nipples, Size S</p><p> -25% 0FF </p><p>$14.99</p><a href="https://www.amazon.com/dp/B00H0DH2NS?tag=eloabder-20&linkCode=osi&th=1&psc=1">View Product</a></div><div class="product"><a href="https://www.amazon.com/dp/B07M6QQP9Z?tag=eloabder-20&linkCode=osi&th=1&psc=1"><img src="https://m.media-amazon.com/images/I/41DGyuAuyJL._SL500_.jpg" alt="Product Image"></a><p>Dr. Brown's Natural Flow Anti-Colic Options+ Wide-Neck Glass Baby Bottles 5 oz/150 mL, with Level 1 Slow Flow Nipple, 3 Pack, 0m+</p><p> -17% 0FF </p><p>$23.99</p><a href="https://www.amazon.com/dp/B07M6QQP9Z?tag=eloabder-20&linkCode=osi&th=1&psc=1">View Product</a></div>
<div class="product"><a href="https://www.amazon.com/dp/B00MN6IGPK?tag=eloabder-20&linkCode=osi&th=1&psc=1"><img src="https://m.media-amazon.com/images/I/41QKUlWUujL._SL500_.jpg" alt="Product Image"></a><p>Pioneer Photo Albums DA-200COLB/B 200-Pocket Embossed Baby Leatherette Frame Cover Album for 4 by 6-Inch Prints, Blue</p><p> -20% 0FF </p><p>$13.58</p><a href="https://www.amazon.com/dp/B00MN6IGPK?tag=eloabder-20&linkCode=osi&th=1&psc=1">View Product</a></div><div class="product"><a href="https://www.amazon.com/dp/B09G9LD7MR?tag=eloabder-20&linkCode=osi&th=1&psc=1"><img src="https://m.media-amazon.com/images/I/41G9dvP0dRL._SL500_.jpg" alt="Product Image"></a><p>Holoary Baby Photo Album 4” x 6” 160 Photos, Newborn Baby Keepsake Gifts for Baby Boy/Girl and New Parents, Woodland Animals Design</p><p> -15% 0FF </p><p>$16.99</p><a href="https://www.amazon.com/dp/B09G9LD7MR?tag=eloabder-20&linkCode=osi&th=1&psc=1">View Product</a></div>
<div class="product"><a href="https://www.amazon.com/dp/B099FM4W4H?tag=eloabder-20&linkCode=osi&th=1&psc=1"><img src="https://m.media-amazon.com/images/I/41oW5RAdkOL._SL500_.jpg" alt="Product Image"></a><p>Frida Baby 4-in-1 Grow-with-Me Baby Bathtub, Baby Tub for Newborns to Toddler with Removable Bath Seat & Backrest for Bath Support in Tub</p><p> -9% 0FF </p><p>$49.97</p><a href="https://www.amazon.com/dp/B099FM4W4H?tag=eloabder-20&linkCode=osi&th=1&psc=1">View Product</a></div><div class="product"><a href="https://www.amazon.com/dp/B008VWVS14?tag=eloabder-20&linkCode=osi&th=1&psc=1"><img src="https://m.media-amazon.com/images/I/41SmMRWIinL._SL500_.jpg" alt="Product Image"></a><p>Angelcare Baby Bath Support (Aqua) | Ideal for Babies Less than 6 Months Old</p><p> -33% 0FF </p><p>$19.99</p><a href="https://www.amazon.com/dp/B008VWVS14?tag=eloabder-20&linkCode=osi&th=1&psc=1">View Product</a></div><div class="product"><a href="https://www.amazon.com/dp/B0856SSQ1X?tag=eloabder-20&linkCode=osi&th=1&psc=1"><img src="https://m.media-amazon.com/images/I/31uBL4LsJbL._SL500_.jpg" alt="Product Image"></a><p>Fisher-Price Baby to Toddler Bath 4-in-1 Sling ‘n Seat Tub with Removable Infant Support and 2 Toys, Pacific Pebble</p><p> -11% 0FF </p><p>$39.99</p><a href="https://www.amazon.com/dp/B0856SSQ1X?tag=eloabder-20&linkCode=osi&th=1&psc=1">View Product</a></div><div class="product"><a href="https://www.amazon.com/dp/B0BFVBMM2Y?tag=eloabder-20&linkCode=osi&th=1&psc=1"><img src="https://m.media-amazon.com/images/I/31HpHQ7IjxL._SL500_.jpg" alt="Product Image"></a><p>The First Years Renewed Baby Bath Tub - Newborn to Toddler 3-in-1 Baby Tub with Removable Sling - Made with 50% Recycled Material - 0 to 25 LBs</p><p> -10% 0FF </p><p>$26.99</p><a href="https://www.amazon.com/dp/B0BFVBMM2Y?tag=eloabder-20&linkCode=osi&th=1&psc=1">View Product</a></div><div class="product"><a href="https://www.amazon.com/dp/B08XYFMK8K?tag=eloabder-20&linkCode=osi&th=1&psc=1"><img src="https://m.media-amazon.com/images/I/41pzMRjTbyS._SL500_.jpg" alt="Product Image"></a><p>The First Years Rain Shower Baby Bathtub — Baby Spa for Newborn to Toddler — includes Convertible Bathtub and Sling with Soothing Spray — Baby Bath Essentials</p><p> -20% 0FF </p><p>$69.99</p><a href="https://www.amazon.com/dp/B08XYFMK8K?tag=eloabder-20&linkCode=osi&th=1&psc=1">View Product</a></div>
<div class="product"><a href="https://www.amazon.com/dp/B08GFCX964?tag=eloabder-20&linkCode=osi&th=1&psc=1"><img src="https://m.media-amazon.com/images/I/41WRO-OeUjL._SL500_.jpg" alt="Product Image"></a><p>PandaEar Set of 3 Silicone Baby Bibs Waterproof, Soft, Unisex, 10-72 Months (Brown/Blue/Green)</p><p> -27% 0FF </p><p>$8.45</p><a href="https://www.amazon.com/dp/B08GFCX964?tag=eloabder-20&linkCode=osi&th=1&psc=1">View Product</a></div><div class="product"><a href="https://www.amazon.com/dp/B0B152XRC4?tag=eloabder-20&linkCode=osi&th=1&psc=1"><img src="https://m.media-amazon.com/images/I/51OYlHgekxL._SL500_.jpg" alt="Product Image"></a><p>8-Pack Organic Baby Bibs for Boys, Girls - Soft Cotton Drooling and Teething Baby Bibs, Baby Girl Bibs, Baby Boy Bibs, Baby Drool Bibs for Baby Girl, Boy, Newborn Infant Bibs (Sweet Charm)</p><p> -39% 0FF </p><p>$16.96</p><a href="https://www.amazon.com/dp/B0B152XRC4?tag=eloabder-20&linkCode=osi&th=1&psc=1">View Product</a></div>
<div class="product"><a href="https://www.amazon.com/dp/B01CJABFKM?tag=eloabder-20&linkCode=osi&th=1&psc=1"><img src="https://m.media-amazon.com/images/I/41Cy6DIfuuL._SL500_.jpg" alt="Product Image"></a><p>Custom Catch Personalized Baby Blanket for Boys - Blue</p><p> -27% 0FF </p><p>$21.94</p><a href="https://www.amazon.com/dp/B01CJABFKM?tag=eloabder-20&linkCode=osi&th=1&psc=1">View Product</a></div><div class="product"><a href="https://www.amazon.com/dp/B098NY9KW8?tag=eloabder-20&linkCode=osi&th=1&psc=1"><img src="https://m.media-amazon.com/images/I/41k5gWkxQgL._SL500_.jpg" alt="Product Image"></a><p>Momcozy Muslin Swaddle Blankets, Swaddle Blanket for Baby Boys and Girls, 4-Pack Breathable and Skin-Friendly Baby Receiving Blankets Swaddle Wrap, Baby Essentials, Registry & Gift, 47 x 47 inches</p><p> -40% 0FF </p><p>$29.99</p><a href="https://www.amazon.com/dp/B098NY9KW8?tag=eloabder-20&linkCode=osi&th=1&psc=1">View Product</a></div><div class="product"><a href="https://www.amazon.com/dp/B0CNPDMD1R?tag=eloabder-20&linkCode=osi&th=1&psc=1"><img src="https://m.media-amazon.com/images/I/41P19H8j35L._SL500_.jpg" alt="Product Image"></a><p>Yurhap Fleece Baby Blanket Heart Checkered Blanket, Ultra Soft Cozy Baby Blankets for Girls Boys, Fluffy Infant Toddler Newborn Receiving Blankets for Crib Stroller 30”×40” (Light Pink)</p><p> -33% 0FF </p><p>$9.99</p><a href="https://www.amazon.com/dp/B0CNPDMD1R?tag=eloabder-20&linkCode=osi&th=1&psc=1">View Product</a></div><div class="product"><a href="https://www.amazon.com/dp/B0B3J7RYTF?tag=eloabder-20&linkCode=osi&th=1&psc=1"><img src="https://m.media-amazon.com/images/I/41xEsOQY4yL._SL500_.jpg" alt="Product Image"></a><p>Konssy Waffle Baby Blankets, Nursery Blankets for Boys Girls, Swaddle Blankets Neutral Soft Lightweight Toddler and Kids Throw Blankets(Oat)</p><p> -23% 0FF </p><p>$22.99</p><a href="https://www.amazon.com/dp/B0B3J7RYTF?tag=eloabder-20&linkCode=osi&th=1&psc=1">View Product</a></div><div class="product"><a href="https://www.amazon.com/dp/B0BD6TPYXR?tag=eloabder-20&linkCode=osi&th=1&psc=1"><img src="https://m.media-amazon.com/images/I/51SPJrzTpKL._SL500_.jpg" alt="Product Image"></a><p>Konssy Baby Blankets for Unisex Boys Girls, Super Soft Nursery Minky Blankets with Muslin Cotton Front and Dotted Fleece Backing, Printed Bed Throws Newborn</p><p> -10% 0FF </p><p>$18.99</p><a href="https://www.amazon.com/dp/B0BD6TPYXR?tag=eloabder-20&linkCode=osi&th=1&psc=1">View Product</a></div>
<div class="product"><a href="https://www.amazon.com/dp/B081FTXL88?tag=eloabder-20&linkCode=osi&th=1&psc=1"><img src="https://m.media-amazon.com/images/I/31S6fvevhIL._SL500_.jpg" alt="Product Image"></a><p>Munchkin® Bristle™ Bottle Brush, Grey</p><p> -23% 0FF </p><p>$4.47</p><a href="https://www.amazon.com/dp/B081FTXL88?tag=eloabder-20&linkCode=osi&th=1&psc=1">View Product</a></div><div class="product"><a href="https://www.amazon.com/dp/B082PZ44M9?tag=eloabder-20&linkCode=osi&th=1&psc=1"><img src="https://m.media-amazon.com/images/I/21NI5khXnaL._SL500_.jpg" alt="Product Image"></a><p>Boon Cacti Bottle Cleaning Brush Set - Includes Bottle Brush, Nipple Brush, Detail Brush, and Straw Brush - Baby Bottle Brush Set for Bottle Drying Rack - Baby Essentials - 4 Count</p><p> -12% 0FF </p><p>$13.49</p><a href="https://www.amazon.com/dp/B082PZ44M9?tag=eloabder-20&linkCode=osi&th=1&psc=1">View Product</a></div><div class="product"><a href="https://www.amazon.com/dp/B0CQKF5CWS?tag=eloabder-20&linkCode=osi&th=1&psc=1"><img src="https://m.media-amazon.com/images/I/31RoBDDbg3L._SL500_.jpg" alt="Product Image"></a><p>Munchkin® Bristle™ Bottle Brush, Modern Design, Grey</p><p> -23% 0FF </p><p>$4.47</p><a href="https://www.amazon.com/dp/B0CQKF5CWS?tag=eloabder-20&linkCode=osi&th=1&psc=1">View Product</a></div><div class="product"><a href="https://www.amazon.com/dp/B01968GERY?tag=eloabder-20&linkCode=osi&th=1&psc=1"><img src="https://m.media-amazon.com/images/I/21rubIV8FNL._SL500_.jpg" alt="Product Image"></a><p>NUK Triple Action Baby Bottle & Nipple Brush, 3 Powerful Cleaning Materials - Bristles, Sponge, & Scruber, Non-Slip Handle, Odor Resistant, Top Rack Dishwasher Safe</p><p> -54% 0FF </p><p>$4.49</p><a href="https://www.amazon.com/dp/B01968GERY?tag=eloabder-20&linkCode=osi&th=1&psc=1">View Product</a></div>
<div class="product"><a href="https://www.amazon.com/dp/B09CGTPJSL?tag=eloabder-20&linkCode=osi&th=1&psc=1"><img src="https://m.media-amazon.com/images/I/31O1L+MYMxL._SL500_.jpg" alt="Product Image"></a><p>Baby Bottle Sterilizer | Esterilizador de Biberones, 6-in-1 HAUTURE Bottle Sterilizer and Dryer, Electric Steam Bottle Sanitizer for Baby Stuffs, Baby Bottles & Breast Pump Accessories</p><p> -10% 0FF </p><p>$69.98</p><a href="https://www.amazon.com/dp/B09CGTPJSL?tag=eloabder-20&linkCode=osi&th=1&psc=1">View Product</a></div><div class="product"><a href="https://www.amazon.com/dp/B007VBXKG2?tag=eloabder-20&linkCode=osi&th=1&psc=1"><img src="https://m.media-amazon.com/images/I/315F64OEQHL._SL500_.jpg" alt="Product Image"></a><p>Philips AVENT Microwave Steam Sterilizer for Baby Bottles, Pacifiers, Cups and More, SCF281/05</p><p> -29% 0FF </p><p>$22.79</p><a href="https://www.amazon.com/dp/B007VBXKG2?tag=eloabder-20&linkCode=osi&th=1&psc=1">View Product</a></div><div class="product"><a href="https://www.amazon.com/dp/B09HJDX5S6?tag=eloabder-20&linkCode=osi&th=1&psc=1"><img src="https://m.media-amazon.com/images/I/41rjM6KCAmL._SL500_.jpg" alt="Product Image"></a><p>Baby Brezza Bottle Sterilizer and Dryer Advanced – Electric Steam Sterilization Machine Universal Sterilizing for All Bottles: Plastic + Glass Pacifiers Breast Pump Parts - HEPA Filtration</p><p> -15% 0FF </p><p>$118.99</p><a href="https://www.amazon.com/dp/B09HJDX5S6?tag=eloabder-20&linkCode=osi&th=1&psc=1">View Product</a></div><div class="product"><a href="https://www.amazon.com/dp/B0D474DSB6?tag=eloabder-20&linkCode=osi&th=1&psc=1"><img src="https://m.media-amazon.com/images/I/41p78Of58KL._SL500_.jpg" alt="Product Image"></a><p>Bottle Sterilizer and Dryer, HIYAKOI Electric Steam Baby Bottle Sterilizer and Dryer, All-in-One Sterilizer 2 Layers Large for Baby Bottles, Parts & Other Newborn Essentials - HEPA Filtration</p><p> -38% 0FF </p><p>$49.99</p><a href="https://www.amazon.com/dp/B0D474DSB6?tag=eloabder-20&linkCode=osi&th=1&psc=1">View Product</a></div><div class="product"><a href="https://www.amazon.com/dp/B0CQQFFQKJ?tag=eloabder-20&linkCode=osi&th=1&psc=1"><img src="https://m.media-amazon.com/images/I/41tQNekOelL._SL500_.jpg" alt="Product Image"></a><p>Momcozy Bottle Sterilizer and Dryer, 8-in-1 Electric Steam Baby Bottle Sterilizer for Baby Bottles, Baby stuffs & Breast Pump Accessories</p><p> -36% 0FF </p><p>$63.99</p><a href="https://www.amazon.com/dp/B0CQQFFQKJ?tag=eloabder-20&linkCode=osi&th=1&psc=1">View Product</a></div><div class="product"><a href="https://www.amazon.com/dp/B09HH7HSGV?tag=eloabder-20&linkCode=osi&th=1&psc=1"><img src="https://m.media-amazon.com/images/I/31tOSRxwFYL._SL500_.jpg" alt="Product Image"></a><p>GROWNSY Bottle Sterilizer and Dryer, 2024 Compact Electric Steam Baby Bottle Sterilizer (Esterilizador de Biberones), Bottle Sanitizer for Baby Bottles, Pacifiers, Pump Parts</p><p> -33% 0FF </p><p>$59.99</p><a href="https://www.amazon.com/dp/B09HH7HSGV?tag=eloabder-20&linkCode=osi&th=1&psc=1">View Product</a></div>
<div class="product"><a href="https://www.amazon.com/dp/B07G4KBQJ7?tag=eloabder-20&linkCode=osi&th=1&psc=1"><img src="https://m.media-amazon.com/images/I/41WM4mOjQiL._SL500_.jpg" alt="Product Image"></a><p>Evenflo Feeding Classic Tinted Plastic Standard Neck Bottles for Baby, Infant and Newborn, Pink/Lavender/Teal, 8 Ounce (Pack of 12)</p><p> -27% 0FF </p><p>$10.19</p><a href="https://www.amazon.com/dp/B07G4KBQJ7?tag=eloabder-20&linkCode=osi&th=1&psc=1">View Product</a></div><div class="product"><a href="https://www.amazon.com/dp/B00N9X4YZW?tag=eloabder-20&linkCode=osi&th=1&psc=1"><img src="https://m.media-amazon.com/images/I/51kDCJ8oQmL._SL500_.jpg" alt="Product Image"></a><p>Evenflo Feeding Classic Tinted Plastic Standard Neck Bottles for Baby, Infant and Newborn - Teal/Green/Blue, 8 Ounce (Pack of 12)</p><p> -31% 0FF </p><p>$9.68</p><a href="https://www.amazon.com/dp/B00N9X4YZW?tag=eloabder-20&linkCode=osi&th=1&psc=1">View Product</a></div><div class="product"><a href="https://www.amazon.com/dp/B07DCQKC33?tag=eloabder-20&linkCode=osi&th=1&psc=1"><img src="https://m.media-amazon.com/images/I/41jfe6zVMgL._SL500_.jpg" alt="Product Image"></a><p>Dr. Brown's Anti-Colic Baby Feeding Set with Slow Flow Nipples, Travel Caps, Silicone Pacifier - Pink</p><p> -20% 0FF </p><p>$18.41</p><a href="https://www.amazon.com/dp/B07DCQKC33?tag=eloabder-20&linkCode=osi&th=1&psc=1">View Product</a></div>
<div class="product"><a href="https://www.amazon.com/dp/B095F28Q6J?tag=eloabder-20&linkCode=osi&th=1&psc=1"><img src="https://m.media-amazon.com/images/I/311FVQReZOL._SL500_.jpg" alt="Product Image"></a><p>Baby Delight Alpine Deluxe Portable Bouncer, Infant, 0-6 Months, 100% GOTS Certified Cotton Fabrics, Organic Oat</p><p> -22% 0FF </p><p>$69.99</p><a href="https://www.amazon.com/dp/B095F28Q6J?tag=eloabder-20&linkCode=osi&th=1&psc=1">View Product</a></div><div class="product"><a href="https://www.amazon.com/dp/B0BLP5G5FJ?tag=eloabder-20&linkCode=osi&th=1&psc=1"><img src="https://m.media-amazon.com/images/I/41F7YHDOEGL._SL500_.jpg" alt="Product Image"></a><p>Bright Starts Playful Paradise Comfy Baby Bouncer Seat with Soothing Vibration and Toys, Unisex, 0-6 Months</p><p> -26% 0FF </p><p>$22.11</p><a href="https://www.amazon.com/dp/B0BLP5G5FJ?tag=eloabder-20&linkCode=osi&th=1&psc=1">View Product</a></div><div class="product"><a href="https://www.amazon.com/dp/B016DAWD3W?tag=eloabder-20&linkCode=osi&th=1&psc=1"><img src="https://m.media-amazon.com/images/I/31SssXA+BHL._SL500_.jpg" alt="Product Image"></a><p>BabyBjörn Bouncer Balance Soft, Cotton/Jersey, Dark Gray/Gray (005084US)</p><p> -14% 0FF </p><p>$179.99</p><a href="https://www.amazon.com/dp/B016DAWD3W?tag=eloabder-20&linkCode=osi&th=1&psc=1">View Product</a></div><div class="product"><a href="https://www.amazon.com/dp/B07C9ZR2VC?tag=eloabder-20&linkCode=osi&th=1&psc=1"><img src="https://m.media-amazon.com/images/I/41wSBC1+j4L._SL500_.jpg" alt="Product Image"></a><p>Smart Steps Trend EZ Bouncer, Bluebell</p><p> -45% 0FF </p><p>$29.99</p><a href="https://www.amazon.com/dp/B07C9ZR2VC?tag=eloabder-20&linkCode=osi&th=1&psc=1">View Product</a></div>
<div class="product"><a href="https://www.amazon.com/dp/B07XMN3SK6?tag=eloabder-20&linkCode=osi&th=1&psc=1"><img src="https://m.media-amazon.com/images/I/41bHS4nTJ2L._SL500_.jpg" alt="Product Image"></a><p>Infantino Flip 4-in-1 Carrier - Ergonomic for Newborns and Older Babies 8-32 lbs</p><p> -21% 0FF </p><p>$29.99</p><a href="https://www.amazon.com/dp/B07XMN3SK6?tag=eloabder-20&linkCode=osi&th=1&psc=1">View Product</a></div><div class="product"><a href="https://www.amazon.com/dp/B0743L6R1T?tag=eloabder-20&linkCode=osi&th=1&psc=1"><img src="https://m.media-amazon.com/images/I/31ZGsR+w+1L._SL500_.jpg" alt="Product Image"></a><p>Ergobaby Omni 360 All-Position Baby Carrier for Newborn to Toddler with Lumbar Support (7-45 Pounds), Pearl Grey, One Size (Pack of 1)</p><p> -39% 0FF </p><p>$110.00</p><a href="https://www.amazon.com/dp/B0743L6R1T?tag=eloabder-20&linkCode=osi&th=1&psc=1">View Product</a></div><div class="product"><a href="https://www.amazon.com/dp/B0CDQ1XH6W?tag=eloabder-20&linkCode=osi&th=1&psc=1"><img src="https://m.media-amazon.com/images/I/41kAV5NXZBL._SL500_.jpg" alt="Product Image"></a><p>Momcozy Baby Carrier Newborn to Toddler - Ergonomic, Cozy and Lightweight Infant Carrier for 7-44lbs, Effortless to Put On, Ideal for Hands-Free Parenting, Enhanced Lumbar Support, Leopard</p><p> -8% 0FF </p><p>$59.99</p><a href="https://www.amazon.com/dp/B0CDQ1XH6W?tag=eloabder-20&linkCode=osi&th=1&psc=1">View Product</a></div><div class="product"><a href="https://www.amazon.com/dp/B005SP2LWW?tag=eloabder-20&linkCode=osi&th=1&psc=1"><img src="https://m.media-amazon.com/images/I/31fYPOjdFrL._SL500_.jpg" alt="Product Image"></a><p>Boba Baby Wrap Carrier - Original Baby Carrier Wrap Sling for Newborns - Baby Wearing Essentials - Newborn Wrap Swaddle Holder, Newborn to Toddler Infant Sling (Grey)</p><p> -19% 0FF </p><p>$32.49</p><a href="https://www.amazon.com/dp/B005SP2LWW?tag=eloabder-20&linkCode=osi&th=1&psc=1">View Product</a></div><div class="product"><a href="https://www.amazon.com/dp/B098X8WS7Y?tag=eloabder-20&linkCode=osi&th=1&psc=1"><img src="https://m.media-amazon.com/images/I/41az3xS82UL._SL500_.jpg" alt="Product Image"></a><p>Momcozy Baby Wrap Carrier, Easy to Wear Infant Carrier Slings, Lightweight Hands Free Baby Sling, Adjustable Baby Carriers for Newborn to Toddler 8-35 lbs, Black</p><p> -28% 0FF </p><p>$32.99</p><a href="https://www.amazon.com/dp/B098X8WS7Y?tag=eloabder-20&linkCode=osi&th=1&psc=1">View Product</a></div>
<div class="product"><a href="https://www.amazon.com/dp/B01N3MYVZM?tag=eloabder-20&linkCode=osi&th=1&psc=1"><img src="https://m.media-amazon.com/images/I/41CLrlYJDnL._SL500_.jpg" alt="Product Image"></a><p>Graco SlimFit 3-in-1 Convertible Car Seat, Ultra-Space-Saving Design, Darcie, Suitable for Rear and Forward-Facing, Highback Booster Seat with 10-Position Headrest</p><p> -21% 0FF </p><p>$157.99</p><a href="https://www.amazon.com/dp/B01N3MYVZM?tag=eloabder-20&linkCode=osi&th=1&psc=1">View Product</a></div><div class="product"><a href="https://www.amazon.com/dp/B07J37RTPG?tag=eloabder-20&linkCode=osi&th=1&psc=1"><img src="https://m.media-amazon.com/images/I/41fGAx7LcGL._SL500_.jpg" alt="Product Image"></a><p>Graco 4Ever DLX 4-in-1 Car Seat, Grey, Infant to Toddler Car Seat, with 10 Years of Use, Rear-facing, Forward-facing and Booster Modes, Safe, Comfortable and Convenient</p><p> -7% 0FF </p><p>$279.00</p><a href="https://www.amazon.com/dp/B07J37RTPG?tag=eloabder-20&linkCode=osi&th=1&psc=1">View Product</a></div><div class="product"><a href="https://www.amazon.com/dp/B07R9H1JC9?tag=eloabder-20&linkCode=osi&th=1&psc=1"><img src="https://m.media-amazon.com/images/I/41NwO9xrBGL._SL500_.jpg" alt="Product Image"></a><p>Graco Grows4Me 4-in-1 Car Seat, Convertible Infant to Toddler Car Seat and Booster, West Point Design, for 10 Years of Safe, Comfortable Journeys</p><p> -29% 0FF </p><p>$199.99</p><a href="https://www.amazon.com/dp/B07R9H1JC9?tag=eloabder-20&linkCode=osi&th=1&psc=1">View Product</a></div>
<div class="product"><a href="https://www.amazon.com/dp/B08RN8G58P?tag=eloabder-20&linkCode=osi&th=1&psc=1"><img src="https://m.media-amazon.com/images/I/41Qid-FWhYL._SL500_.jpg" alt="Product Image"></a><p>Baby Portable Changing Pad Travel - Waterproof Compact Diaper Changing Mat with Built-in Pillow - Lightweight & Foldable Changing Station, Newborn Shower Gifts</p><p> -29% 0FF </p><p>$9.99</p><a href="https://www.amazon.com/dp/B08RN8G58P?tag=eloabder-20&linkCode=osi&th=1&psc=1">View Product</a></div><div class="product"><a href="https://www.amazon.com/dp/B089XVKJSL?tag=eloabder-20&linkCode=osi&th=1&psc=1"><img src="https://m.media-amazon.com/images/I/51qlzLJHUWL._SL500_.jpg" alt="Product Image"></a><p>Portable Diaper Changing Pad - Waterproof Foldable Baby Changing Mat - Travel Diaper Change Mat - Lightweight Changing Pads for Baby - Baby Changer - Machine Washable (Black Geo)</p><p> -7% 0FF </p><p>$12.96</p><a href="https://www.amazon.com/dp/B089XVKJSL?tag=eloabder-20&linkCode=osi&th=1&psc=1">View Product</a></div><div class="product"><a href="https://www.amazon.com/dp/B08PH9Y6QS?tag=eloabder-20&linkCode=osi&th=1&psc=1"><img src="https://m.media-amazon.com/images/I/21cBsus1AHL._SL500_.jpg" alt="Product Image"></a><p>Regalo Baby Basics Infant Changing Pad, White , 31x16x4 Inch (Pack of 1)</p><p> -33% 0FF </p><p>$19.99</p><a href="https://www.amazon.com/dp/B08PH9Y6QS?tag=eloabder-20&linkCode=osi&th=1&psc=1">View Product</a></div>
<div class="product"><a href="https://www.amazon.com/dp/B07GFNVLS2?tag=eloabder-20&linkCode=osi&th=1&psc=1"><img src="https://m.media-amazon.com/images/I/31T-p4V5gsL._SL500_.jpg" alt="Product Image"></a><p>Gerber Unisex Baby Multi-Pack Long-Sleeve Onesies Bodysuit Mitten Cuff Sizes 6-Pack Mitten Cuff 0-3 Months</p><p> -12% 0FF </p><p>$15.81</p><a href="https://www.amazon.com/dp/B07GFNVLS2?tag=eloabder-20&linkCode=osi&th=1&psc=1">View Product</a></div><div class="product"><a href="https://www.amazon.com/dp/B0CP3NQCN3?tag=eloabder-20&linkCode=osi&th=1&psc=1"><img src="https://m.media-amazon.com/images/I/41MpsB3rYcL._SL500_.jpg" alt="Product Image"></a><p>Kaipiclos Newborn Infant Girl Clothes Rib Knit Romper Daisy Print Pants Headband Baby Clothes for Girls 0 3 6 12 18 24 Months</p><p> -10% 0FF </p><p>$14.99</p><a href="https://www.amazon.com/dp/B0CP3NQCN3?tag=eloabder-20&linkCode=osi&th=1&psc=1">View Product</a></div><div class="product"><a href="https://www.amazon.com/dp/B0D88Z7VLZ?tag=eloabder-20&linkCode=osi&th=1&psc=1"><img src="https://m.media-amazon.com/images/I/41Au0yzblbL._SL500_.jpg" alt="Product Image"></a><p>Burt's Bees Baby Baby Boys Pajamas, Sleep and Play Loose Fit, 100% Organic Cotton, Soft One-piece PJs, Diagonal Zip Up Jumpsuit Newborn Essentials with Interior Zipper Guard in sizes NB to 6-9 Months</p><p> -49% 0FF </p><p>$7.60</p><a href="https://www.amazon.com/dp/B0D88Z7VLZ?tag=eloabder-20&linkCode=osi&th=1&psc=1">View Product</a></div>
<div class="product"><a href="https://www.amazon.com/dp/B002FQK8IQ?tag=eloabder-20&linkCode=osi&th=1&psc=1"><img src="https://m.media-amazon.com/images/I/41WTSrhkJ4L._SL500_.jpg" alt="Product Image"></a><p>Safety 1st Easy Grip Brush and Comb, Colors May Vary</p><p> -23% 0FF </p><p>$4.59</p><a href="https://www.amazon.com/dp/B002FQK8IQ?tag=eloabder-20&linkCode=osi&th=1&psc=1">View Product</a></div><div class="product"><a href="https://www.amazon.com/dp/B07T16DQ31?tag=eloabder-20&linkCode=osi&th=1&psc=1"><img src="https://m.media-amazon.com/images/I/41Grt+V3Q7L._SL500_.jpg" alt="Product Image"></a><p>Frida Baby The 3-Step Cradle Cap System, DermaFrida The FlakeFixer, Sponge, Brush, Comb and Storage Stand for Babies with Cradle Cap, White-Blue</p><p> -15% 0FF </p><p>$14.44</p><a href="https://www.amazon.com/dp/B07T16DQ31?tag=eloabder-20&linkCode=osi&th=1&psc=1">View Product</a></div>
<div class="product"><a href="https://www.amazon.com/dp/B071K5T5Q2?tag=eloabder-20&linkCode=osi&th=1&psc=1"><img src="https://m.media-amazon.com/images/I/21rvQFmQBLL._SL500_.jpg" alt="Product Image"></a><p>The Honest Company Silicone-Free Conditioner | Gentle for Baby | Naturally Derived, Tear-free, Hypoallergenic | Fragrance Free Sensitive, 10 fl oz</p><p> -16% 0FF </p><p>$10.10 ($1.01 / Fl Oz)</p><a href="https://www.amazon.com/dp/B071K5T5Q2?tag=eloabder-20&linkCode=osi&th=1&psc=1">View Product</a></div><div class="product"><a href="https://www.amazon.com/dp/B07DGJ57P7?tag=eloabder-20&linkCode=osi&th=1&psc=1"><img src="https://m.media-amazon.com/images/I/31AEfjD6FyL._SL500_.jpg" alt="Product Image"></a><p>Johnson's Baby No More Tangles 2-in-1 Detangling Hair Shampoo & Conditioner for Kids & Toddlers, Gentle & Tear-Free, Hypoallergenic & Free of Parabens, Phthalates, Sulfates & Dyes, 20.3 fl. oz</p><p> -7% 0FF </p><p>$6.29 ($0.31 / Fl Oz)</p><a href="https://www.amazon.com/dp/B07DGJ57P7?tag=eloabder-20&linkCode=osi&th=1&psc=1">View Product</a></div><div class="product"><a href="https://www.amazon.com/dp/B07S89SL7D?tag=eloabder-20&linkCode=osi&th=1&psc=1"><img src="https://m.media-amazon.com/images/I/313C69-mF6L._SL500_.jpg" alt="Product Image"></a><p>Johnson's Baby Curl Defining Tear-Free Kids' Leave-in Conditioner with Shea Butter, Paraben-, Sulfate- & Dye-Free Formula, Hypoallergenic & Gentle for Toddlers' Hair, 6.8 fl. Oz</p><p> -28% 0FF </p><p>$6.11 ($0.90 / Fl Oz)</p><a href="https://www.amazon.com/dp/B07S89SL7D?tag=eloabder-20&linkCode=osi&th=1&psc=1">View Product</a></div><div class="product"><a href="https://www.amazon.com/dp/B07S7BPB2Q?tag=eloabder-20&linkCode=osi&th=1&psc=1"><img src="https://m.media-amazon.com/images/I/31DemfdZoNL._SL500_.jpg" alt="Product Image"></a><p>Johnson's Baby Shiny & Soft Tear-Free Kids' Hair Conditioning Spray with Argan Oil & Silk Proteins, Paraben, Sulfate & Dye-Free Formula, Hypoallergenic & Gentle for Toddlers, 10 Fl Oz</p><p> -33% 0FF </p><p>$5.66 ($0.57 / Fl Oz)</p><a href="https://www.amazon.com/dp/B07S7BPB2Q?tag=eloabder-20&linkCode=osi&th=1&psc=1">View Product</a></div><div class="product"><a href="https://www.amazon.com/dp/B0CJP91HN7?tag=eloabder-20&linkCode=osi&th=1&psc=1"><img src="https://m.media-amazon.com/images/I/41Z4G7wsFWL._SL500_.jpg" alt="Product Image"></a><p>ECOLATIÈR Kids Hair Balm Easy Detangling 3+ - Toddler Hair Conditioner, Tear-Free, 96.8% Natural, Vegan, Strengthens & Softens Kids' Hair, No Irritation - 8.5 Fl Oz</p><p> -14% 0FF </p><p>$9.49 ($1.12 / Ounce)</p><a href="https://www.amazon.com/dp/B0CJP91HN7?tag=eloabder-20&linkCode=osi&th=1&psc=1">View Product</a></div>
<div class="product"><a href="https://www.amazon.com/dp/B07Y3WQHZ6?tag=eloabder-20&linkCode=osi&th=1&psc=1"><img src="https://m.media-amazon.com/images/I/41Ai-kbx6LL._SL500_.jpg" alt="Product Image"></a><p>Delta Children Essex 4-in-1 Convertible Baby Crib, Bianca White with Natural Legs</p><p> -34% 0FF </p><p>$145.96</p><a href="https://www.amazon.com/dp/B07Y3WQHZ6?tag=eloabder-20&linkCode=osi&th=1&psc=1">View Product</a></div><div class="product"><a href="https://www.amazon.com/dp/B00LFP61PW?tag=eloabder-20&linkCode=osi&th=1&psc=1"><img src="https://m.media-amazon.com/images/I/41jj-ehw-vL._SL500_.jpg" alt="Product Image"></a><p>Graco Benton 5-in-1 Convertible Crib (White) – GREENGUARD Gold Certified, Converts from Baby Crib to Toddler Bed, Daybed and Full-Size Bed, Fits Standard Full-Size Crib Mattress</p><p> -20% 0FF </p><p>$159.99</p><a href="https://www.amazon.com/dp/B00LFP61PW?tag=eloabder-20&linkCode=osi&th=1&psc=1">View Product</a></div><div class="product"><a href="https://www.amazon.com/dp/B00EANJX5Q?tag=eloabder-20&linkCode=osi&th=1&psc=1"><img src="https://m.media-amazon.com/images/I/41+kxqP4icL._SL500_.jpg" alt="Product Image"></a><p>Dream On Me Synergy 5-In-1 Convertible Crib In White, Greenguard Gold Certified</p><p> -31% 0FF </p><p>$137.20</p><a href="https://www.amazon.com/dp/B00EANJX5Q?tag=eloabder-20&linkCode=osi&th=1&psc=1">View Product</a></div><div class="product"><a href="https://www.amazon.com/dp/B08D4N5RKW?tag=eloabder-20&linkCode=osi&th=1&psc=1"><img src="https://m.media-amazon.com/images/I/41sUNWg3sBL._SL500_.jpg" alt="Product Image"></a><p>Graco Hadley 5-in-1 Convertible Crib and Changer with Drawer (White) – GREENGUARD Gold Certified, Crib and Changing -Table Combo with Drawer, Includes Baby Changing Pad, Converts to Full-Size Bed</p><p> -18% 0FF </p><p>$359.99</p><a href="https://www.amazon.com/dp/B08D4N5RKW?tag=eloabder-20&linkCode=osi&th=1&psc=1">View Product</a></div><div class="product"><a href="https://www.amazon.com/dp/B08PMJBN33?tag=eloabder-20&linkCode=osi&th=1&psc=1"><img src="https://m.media-amazon.com/images/I/416ZYsREZOL._SL500_.jpg" alt="Product Image"></a><p>Oxford Baby North Bay 4-in-1 Convertible Baby Crib, Dove Gray, GreenGuard Gold Certified</p><p> -18% 0FF </p><p>$188.09</p><a href="https://www.amazon.com/dp/B08PMJBN33?tag=eloabder-20&linkCode=osi&th=1&psc=1">View Product</a></div><div class="product"><a href="https://www.amazon.com/dp/B078WTVBVW?tag=eloabder-20&linkCode=osi&th=1&psc=1"><img src="https://m.media-amazon.com/images/I/41NpHX4YnfL._SL500_.jpg" alt="Product Image"></a><p>Dream On Me Jayden 4-in-1 Mini Convertible Crib And Changer in Storm Grey, Greenguard Gold Certified, Non-Toxic Finish, New Zealand Pinewood, 1" Mattress Pad</p><p> -35% 0FF </p><p>$259.99</p><a href="https://www.amazon.com/dp/B078WTVBVW?tag=eloabder-20&linkCode=osi&th=1&psc=1">View Product</a></div>
<div class="product"><a href="https://www.amazon.com/dp/B01M4QMQ4B?tag=eloabder-20&linkCode=osi&th=1&psc=1"><img src="https://m.media-amazon.com/images/I/317ardc5Y-L._SL500_.jpg" alt="Product Image"></a><p>The Honest Company 2-in-1 Cleansing Shampoo + Body Wash | Gentle for Baby | Naturally Derived, Tear-free, Hypoallergenic | Lavender Calm, 10 fl oz</p><p> -8% 0FF </p><p>$10.99 ($1.10 / Fl Oz)</p><a href="https://www.amazon.com/dp/B01M4QMQ4B?tag=eloabder-20&linkCode=osi&th=1&psc=1">View Product</a></div><div class="product"><a href="https://www.amazon.com/dp/B09MVMNW5M?tag=eloabder-20&linkCode=osi&th=1&psc=1"><img src="https://m.media-amazon.com/images/I/41GDxpQsmOL._SL500_.jpg" alt="Product Image"></a><p>Cetaphil Baby Wash & Shampoo, 13.5oz Pack of 2, Hypoallergenic, Gentle Enough for Everyday Use, Soap Free</p><p> -10% 0FF </p><p>$16.99</p><a href="https://www.amazon.com/dp/B09MVMNW5M?tag=eloabder-20&linkCode=osi&th=1&psc=1">View Product</a></div><div class="product"><a href="https://www.amazon.com/dp/B0CZY44GD2?tag=eloabder-20&linkCode=osi&th=1&psc=1"><img src="https://m.media-amazon.com/images/I/31Gh3bZjFXL._SL500_.jpg" alt="Product Image"></a><p>Aveeno Baby Healthy Start Nourishing Newborn Wash, Hypoallergenic Baby Body Wash with Prebiotic Oat Gently Cleanses Delicate Newborn Skin, Fragrance-Free, Tear-Free, Paraben-Free, 8 fl. oz</p><p> -21% 0FF </p><p>$7.01 ($0.88 / Fl Oz)</p><a href="https://www.amazon.com/dp/B0CZY44GD2?tag=eloabder-20&linkCode=osi&th=1&psc=1">View Product</a></div>
<div class="product"><a href="https://www.amazon.com/dp/B07M6FL57T?tag=eloabder-20&linkCode=osi&th=1&psc=1"><img src="https://m.media-amazon.com/images/I/51iE4BjVpYL._SL500_.jpg" alt="Product Image"></a><p>Huggies Newborn Diapers, Little Snugglers Baby Diapers, Size Newborn (up to 10 lbs), 31 Count</p><p> -19% 0FF </p><p>$9.94 ($0.32 / Count)</p><a href="https://www.amazon.com/dp/B07M6FL57T?tag=eloabder-20&linkCode=osi&th=1&psc=1">View Product</a></div><div class="product"><a href="https://www.amazon.com/dp/B0CHGCDYJJ?tag=eloabder-20&linkCode=osi&th=1&psc=1"><img src="https://m.media-amazon.com/images/I/41csgXalIEL._SL500_.jpg" alt="Product Image"></a><p>Huggies Size Newborn Diapers, Skin Essentials Baby Diapers, Size Newborn (6-9 lbs), 31 Count</p><p> -19% 0FF </p><p>$9.94 ($0.32 / Count)</p><a href="https://www.amazon.com/dp/B0CHGCDYJJ?tag=eloabder-20&linkCode=osi&th=1&psc=1">View Product</a></div><div class="product"><a href="https://www.amazon.com/dp/B082QBHW74?tag=eloabder-20&linkCode=osi&th=1&psc=1"><img src="https://m.media-amazon.com/images/I/41z+Jw1td2L._SL500_.jpg" alt="Product Image"></a><p>Pampers Pure Protection Diapers Newborn - Size 0, 76 Count, Hypoallergenic Premium Disposable Baby Diapers</p><p> -19% 0FF </p><p>$22.79 ($0.30 / Count)</p><a href="https://www.amazon.com/dp/B082QBHW74?tag=eloabder-20&linkCode=osi&th=1&psc=1">View Product</a></div><div class="product"><a href="https://www.amazon.com/dp/B07M6FL9V2?tag=eloabder-20&linkCode=osi&th=1&psc=1"><img src="https://m.media-amazon.com/images/I/51JPrk+N-RL._SL500_.jpg" alt="Product Image"></a><p>Huggies Size 4 Diapers, Little Movers Baby Diapers, Size 4 (22-37 lbs), 22 Count (Packaging May Vary)</p><p> -19% 0FF </p><p>$9.94 ($0.45 / Count)</p><a href="https://www.amazon.com/dp/B07M6FL9V2?tag=eloabder-20&linkCode=osi&th=1&psc=1">View Product</a></div><div class="product"><a href="https://www.amazon.com/dp/B07T2QM32L?tag=eloabder-20&linkCode=osi&th=1&psc=1"><img src="https://m.media-amazon.com/images/I/41w5IxTMsnL._SL500_.jpg" alt="Product Image"></a><p>Amazon Brand - Mama Bear Gentle Touch Diapers, Hypoallergenic, Size 6, 27 Count, White</p><p> -10% 0FF </p><p>$11.32</p><a href="https://www.amazon.com/dp/B07T2QM32L?tag=eloabder-20&linkCode=osi&th=1&psc=1">View Product</a></div>
<div class="product"><a href="https://www.amazon.com/dp/B001OC5UMQ?tag=eloabder-20&linkCode=osi&th=1&psc=1"><img src="https://m.media-amazon.com/images/I/413nT5TZ9sL._SL500_.jpg" alt="Product Image"></a><p>Regalo Easy Step 38.5-Inch Wide Walk Thru Baby Gate, Includes 6-Inch Extension Kit, Pressure Mount Kit, Wall Cups</p><p> -22% 0FF </p><p>$34.99</p><a href="https://www.amazon.com/dp/B001OC5UMQ?tag=eloabder-20&linkCode=osi&th=1&psc=1">View Product</a></div><div class="product"><a href="https://www.amazon.com/dp/B075XQ2XYV?tag=eloabder-20&linkCode=osi&th=1&psc=1"><img src="https://m.media-amazon.com/images/I/51+9Fa+FH3L._SL500_.jpg" alt="Product Image"></a><p>Evenflo Position & Lock Baby Gate, Pressure-Mounted, Farmhouse Collection</p><p> -9% 0FF </p><p>$19.98</p><a href="https://www.amazon.com/dp/B075XQ2XYV?tag=eloabder-20&linkCode=osi&th=1&psc=1">View Product</a></div><div class="product"><a href="https://www.amazon.com/dp/B01BTUNHSQ?tag=eloabder-20&linkCode=osi&th=1&psc=1"><img src="https://m.media-amazon.com/images/I/31nuC-O3n9L._SL500_.jpg" alt="Product Image"></a><p>Safety 1st Easy Install 28" High Walk Thru Gate, Fits Between 29" and 38"</p><p> -10% 0FF </p><p>$44.99</p><a href="https://www.amazon.com/dp/B01BTUNHSQ?tag=eloabder-20&linkCode=osi&th=1&psc=1">View Product</a></div><div class="product"><a href="https://www.amazon.com/dp/B07WFZSW72?tag=eloabder-20&linkCode=osi&th=1&psc=1"><img src="https://m.media-amazon.com/images/I/41nc627IqxL._SL500_.jpg" alt="Product Image"></a><p>Cumbor 29.7-46" Baby Gate for Stairs, Mom's Choice Awards Winner-Auto Close Dog Gate for the House, Easy Install Pressure Mounted Pet Gates for Doorways, Easy Walk Thru Wide Safety Gate for Dog, Black</p><p> -10% 0FF </p><p>$89.99</p><a href="https://www.amazon.com/dp/B07WFZSW72?tag=eloabder-20&linkCode=osi&th=1&psc=1">View Product</a></div><div class="product"><a href="https://www.amazon.com/dp/B09F36M2T5?tag=eloabder-20&linkCode=osi&th=1&psc=1"><img src="https://m.media-amazon.com/images/I/416tulkEC2L._SL500_.jpg" alt="Product Image"></a><p>COMOMY 36" Extra Tall Baby Gate for Stairs Doorways, Fits Openings 29.5" to 48.8" Wide, Auto Close Extra Wide Dog Gate for House, Pressure Mounted Easy Walk Through Pet Gate with Door, Black</p><p> -13% 0FF </p><p>$69.99</p><a href="https://www.amazon.com/dp/B09F36M2T5?tag=eloabder-20&linkCode=osi&th=1&psc=1">View Product</a></div><div class="product"><a href="https://www.amazon.com/dp/B01EMK5JQI?tag=eloabder-20&linkCode=osi&th=1&psc=1"><img src="https://m.media-amazon.com/images/I/417uxACGTTL._SL500_.jpg" alt="Product Image"></a><p>Regalo Easy Step 49-Inch Extra Wide Baby Gate, Includes 4-Inch and 12-Inch Extension Kit, 4 Pack of Pressure Mount Kit and 4 Pack of Wall Mount Kit, Black</p><p> -20% 0FF </p><p>$39.99</p><a href="https://www.amazon.com/dp/B01EMK5JQI?tag=eloabder-20&linkCode=osi&th=1&psc=1">View Product</a></div><div class="product"><a href="https://www.amazon.com/dp/B07JGDGG23?tag=eloabder-20&linkCode=osi&th=1&psc=1"><img src="https://m.media-amazon.com/images/I/51eFFFBIYUL._SL500_.jpg" alt="Product Image"></a><p>Toddleroo by North States Superyard 6 Panel Baby Play Yard. Playpen or Extra Wide Baby Gate, Wall Mount Kit Included. Made in USA. 38.5" - 201" wide, 5.5 ft corner to corner play yard (26" tall, Gray)</p><p> -29% 0FF </p><p>$61.46</p><a href="https://www.amazon.com/dp/B07JGDGG23?tag=eloabder-20&linkCode=osi&th=1&psc=1">View Product</a></div>
<div class="product"><a href="https://www.amazon.com/dp/B0D8J8RGMN?tag=eloabder-20&linkCode=osi&th=1&psc=1"><img src="https://m.media-amazon.com/images/I/51IQYrOgXVL._SL500_.jpg" alt="Product Image"></a><p>3 Pack Baby Beanie Hats with Earflaps, 2 Size Baby Winter Hat for Newborn Infant Toddler Kids Children with Cute Smiley Face, Soft Warm Fleece Lined Knit Hat for Girls Boys-01</p><p> -47% 0FF </p><p>$15.99</p><a href="https://www.amazon.com/dp/B0D8J8RGMN?tag=eloabder-20&linkCode=osi&th=1&psc=1">View Product</a></div><div class="product"><a href="https://www.amazon.com/dp/B08V4HJF5T?tag=eloabder-20&linkCode=osi&th=1&psc=1"><img src="https://m.media-amazon.com/images/I/41JnGlILpnL._SL500_.jpg" alt="Product Image"></a><p>6 Pieces Newborn Baby Hat Bear Ears Infant Caps Baby Boy Girl Toddler Hats Infant Beanie Caps for 0-3 Months (Black White, Black, Navy Blue, Black Gray, Gray, White,Classic)</p><p> -8% 0FF </p><p>$11.99</p><a href="https://www.amazon.com/dp/B08V4HJF5T?tag=eloabder-20&linkCode=osi&th=1&psc=1">View Product</a></div><div class="product"><a href="https://www.amazon.com/dp/B091D4KRJS?tag=eloabder-20&linkCode=osi&th=1&psc=1"><img src="https://m.media-amazon.com/images/I/41IspZQwuhL._SL500_.jpg" alt="Product Image"></a><p>Baby Boy Sun Hat Bucket Hats for Toddler 6-12,12-24 months</p><p> -20% 0FF </p><p>$14.39</p><a href="https://www.amazon.com/dp/B091D4KRJS?tag=eloabder-20&linkCode=osi&th=1&psc=1">View Product</a></div>
<div class="product"><a href="https://www.amazon.com/dp/B07BVN1YMN?tag=eloabder-20&linkCode=osi&th=1&psc=1"><img src="https://m.media-amazon.com/images/I/41+i0x5p4TL._SL500_.jpg" alt="Product Image"></a><p>Baby Trend Tot Spot 3-in-1 High Chair, Bluebell</p><p> -40% 0FF </p><p>$59.99</p><a href="https://www.amazon.com/dp/B07BVN1YMN?tag=eloabder-20&linkCode=osi&th=1&psc=1">View Product</a></div><div class="product"><a href="https://www.amazon.com/dp/B01JRY07BQ?tag=eloabder-20&linkCode=osi&th=1&psc=1"><img src="https://m.media-amazon.com/images/I/41zyGMxJY0L._SL500_.jpg" alt="Product Image"></a><p>Cosco Simple Fold High Chair, Comet</p><p> -23% 0FF </p><p>$49.99</p><a href="https://www.amazon.com/dp/B01JRY07BQ?tag=eloabder-20&linkCode=osi&th=1&psc=1">View Product</a></div><div class="product"><a href="https://www.amazon.com/dp/B017VNNWXA?tag=eloabder-20&linkCode=osi&th=1&psc=1"><img src="https://m.media-amazon.com/images/I/41VGIO1sPhL._SL500_.jpg" alt="Product Image"></a><p>Cosco Simple Fold Deluxe High Chair with 3-Position Tray, Monster Syd</p><p> -17% 0FF </p><p>$49.99</p><a href="https://www.amazon.com/dp/B017VNNWXA?tag=eloabder-20&linkCode=osi&th=1&psc=1">View Product</a></div><div class="product"><a href="https://www.amazon.com/dp/B089PKYWJ8?tag=eloabder-20&linkCode=osi&th=1&psc=1"><img src="https://m.media-amazon.com/images/I/31MgSLR6W8L._SL500_.jpg" alt="Product Image"></a><p>Dream On Me Portable 2-in-1 Tabletalk High Chair, Convertible Compact High Chair, Light Weight Portable Highchair, Aqua</p><p> -45% 0FF </p><p>$55.13</p><a href="https://www.amazon.com/dp/B089PKYWJ8?tag=eloabder-20&linkCode=osi&th=1&psc=1">View Product</a></div><div class="product"><a href="https://www.amazon.com/dp/B0CPXDDPDY?tag=eloabder-20&linkCode=osi&th=1&psc=1"><img src="https://m.media-amazon.com/images/I/41qNrW3wklL._SL500_.jpg" alt="Product Image"></a><p>Fodoss 3-in-1 Wooden High Chair for Babies and Toddlers,Convertible Easy Clean Infant Highchair,Silla Modern Design para Comer De Bebe</p><p> -10% 0FF </p><p>$80.98</p><a href="https://www.amazon.com/dp/B0CPXDDPDY?tag=eloabder-20&linkCode=osi&th=1&psc=1">View Product</a></div>
<div class="product"><a href="https://www.amazon.com/dp/B0BG7B1GHP?tag=eloabder-20&linkCode=osi&th=1&psc=1"><img src="https://m.media-amazon.com/images/I/51MRfMlZsSL._SL500_.jpg" alt="Product Image"></a><p>Yoofoss Hooded Baby Towels for Newborn 2 Pack 100% Muslin Cotton Baby Bath Towel with Hood for Babies, Infant, Toddler and Kids, Large 32x32Inch, Soft and Absorbent Newborn Essential</p><p> -20% 0FF </p><p>$15.99</p><a href="https://www.amazon.com/dp/B0BG7B1GHP?tag=eloabder-20&linkCode=osi&th=1&psc=1">View Product</a></div><div class="product"><a href="https://www.amazon.com/dp/B0C6RKZLXW?tag=eloabder-20&linkCode=osi&th=1&psc=1"><img src="https://m.media-amazon.com/images/I/51HX88nmMOL._SL500_.jpg" alt="Product Image"></a><p>Gerber Baby 4 Piece Animal Character Hooded Towel and Washcloth Set, Brown Lion, One Size</p><p> -49% 0FF </p><p>$9.24</p><a href="https://www.amazon.com/dp/B0C6RKZLXW?tag=eloabder-20&linkCode=osi&th=1&psc=1">View Product</a></div><div class="product"><a href="https://www.amazon.com/dp/B0CKXKR1RV?tag=eloabder-20&linkCode=osi&th=1&psc=1"><img src="https://m.media-amazon.com/images/I/41PjOK7YCBL._SL500_.jpg" alt="Product Image"></a><p>Momcozy Baby Hooded Towel, 2 Pack Baby Towel Set, Super Soft Bath Towel with Original Design, Shower Gifts for Infant, Toddler (28 X 28 Inch, Lemon Leaves)</p><p> -19% 0FF </p><p>$21.99</p><a href="https://www.amazon.com/dp/B0CKXKR1RV?tag=eloabder-20&linkCode=osi&th=1&psc=1">View Product</a></div><div class="product"><a href="https://www.amazon.com/dp/B00X21O4L0?tag=eloabder-20&linkCode=osi&th=1&psc=1"><img src="https://m.media-amazon.com/images/I/51fEvVAVyfL._SL500_.jpg" alt="Product Image"></a><p>Luvable Friends Unisex Baby Hooded Towel with Five Washcloths, Boy Fox, One Size</p><p> -17% 0FF </p><p>$9.99</p><a href="https://www.amazon.com/dp/B00X21O4L0?tag=eloabder-20&linkCode=osi&th=1&psc=1">View Product</a></div>
<div class="product"><a href="https://www.amazon.com/dp/B07DGKXBD7?tag=eloabder-20&linkCode=osi&th=1&psc=1"><img src="https://m.media-amazon.com/images/I/31FyDL3570L._SL500_.jpg" alt="Product Image"></a><p>Johnson's Moisturizing Mild Pink Baby Lotion with Coconut Oil for Delicate Baby Skin, Paraben-, Phthalate- & Dye-Free, Hypoallergenic & Dermatologist-Tested, Baby Skin Care, 27.1 Fl. Oz</p><p> -33% 0FF </p><p>$7.19 ($0.27 / Fl Oz)</p><a href="https://www.amazon.com/dp/B07DGKXBD7?tag=eloabder-20&linkCode=osi&th=1&psc=1">View Product</a></div><div class="product"><a href="https://www.amazon.com/dp/B00JF3RYPM?tag=eloabder-20&linkCode=osi&th=1&psc=1"><img src="https://m.media-amazon.com/images/I/31n9VJQSijL._SL500_.jpg" alt="Product Image"></a><p>CeraVe Baby Lotion | Gentle Baby Skin Care with Ceramides, Niacinamide & Vitamin E | Fragrance, Paraben, Dye & Phthalates Free | Lightweight Baby Moisturizer | 8 Ounce | Packaging May Vary</p><p> -10% 0FF </p><p>$8.97 ($1.12 / Fl Oz)</p><a href="https://www.amazon.com/dp/B00JF3RYPM?tag=eloabder-20&linkCode=osi&th=1&psc=1">View Product</a></div><div class="product"><a href="https://www.amazon.com/dp/B094RH4GHC?tag=eloabder-20&linkCode=osi&th=1&psc=1"><img src="https://m.media-amazon.com/images/I/31xi7tuBJAL._SL500_.jpg" alt="Product Image"></a><p>Johnson's Baby Moisturizing Mild Pink Baby Lotion with Coconut Oil for Delicate Baby Skin, Paraben-, Phthalate- & Dye-Free, Hypoallergenic & Dermatologist-Tested, Baby Skin Care, 13.6 Fl. Oz</p><p> -34% 0FF </p><p>$4.49 ($0.33 / Fl Oz)</p><a href="https://www.amazon.com/dp/B094RH4GHC?tag=eloabder-20&linkCode=osi&th=1&psc=1">View Product</a></div><div class="product"><a href="https://www.amazon.com/dp/B0030UF6EW?tag=eloabder-20&linkCode=osi&th=1&psc=1"><img src="https://m.media-amazon.com/images/I/31RKFp5lxLL._SL500_.jpg" alt="Product Image"></a><p>Aveeno Baby Daily Moisture Body Lotion for Sensitive Skin, Hypoallergenic Moisturizing Baby Lotion with Nourishing Oatmeal to Deeply Moisturize Baby's Skin, Fragrance-Free, 18 fl. oz</p><p> -32% 0FF </p><p>$11.06</p><a href="https://www.amazon.com/dp/B0030UF6EW?tag=eloabder-20&linkCode=osi&th=1&psc=1">View Product</a></div><div class="product"><a href="https://www.amazon.com/dp/B00U2VQW72?tag=eloabder-20&linkCode=osi&th=1&psc=1"><img src="https://m.media-amazon.com/images/I/31nMuDcXtPL._SL500_.jpg" alt="Product Image"></a><p>Aveeno Baby Calming Comfort Moisturizing Body Lotion with Relaxing Lavender & Vanilla Scents, Non-Greasy Baby Lotion, Nourishing Prebiotic Oatmeal, Paraben- & Phthalate-Free, 18 fl. oz</p><p> -29% 0FF </p><p>$11.69 ($0.65 / Fl Oz)</p><a href="https://www.amazon.com/dp/B00U2VQW72?tag=eloabder-20&linkCode=osi&th=1&psc=1">View Product</a></div><div class="product"><a href="https://www.amazon.com/dp/B07DGL23H4?tag=eloabder-20&linkCode=osi&th=1&psc=1"><img src="https://m.media-amazon.com/images/I/31YO49z1TsL._SL500_.jpg" alt="Product Image"></a><p>Johnson's Moisturizing Bedtime Baby Lotion with Coconut Oil & NaturalCalm Aromas to Help Relax Baby, Hypoallergenic & Free of Parabens, Phthalates & Dyes, Mild Baby Skin Care, 27.1 fl. oz</p><p> -36% 0FF </p><p>$9.50 ($0.35 / Fl Oz)</p><a href="https://www.amazon.com/dp/B07DGL23H4?tag=eloabder-20&linkCode=osi&th=1&psc=1">View Product</a></div><div class="product"><a href="https://www.amazon.com/dp/B01A59VMSO?tag=eloabder-20&linkCode=osi&th=1&psc=1"><img src="https://m.media-amazon.com/images/I/31P-2Bf0eYL._SL500_.jpg" alt="Product Image"></a><p>Eucerin Baby Body Lotion, Hypoallergenic and Fragrance Free Baby Lotion, Baby Moisturizer with Pro-Vitamin B5 and Shea Butter, 13.5 Fl Oz Bottle</p><p> -17% 0FF </p><p>$9.78 ($0.72 / Fl Oz)</p><a href="https://www.amazon.com/dp/B01A59VMSO?tag=eloabder-20&linkCode=osi&th=1&psc=1">View Product</a></div><div class="product"><a href="https://www.amazon.com/dp/B07DGKXBDD?tag=eloabder-20&linkCode=osi&th=1&psc=1"><img src="https://m.media-amazon.com/images/I/31IvagYz0ML._SL500_.jpg" alt="Product Image"></a><p>Johnson's Baby CottonTouch Newborn Baby Face and Body Lotion, Hypoallergenic and Paraben-Free Moisturization for Baby's Sensitive Skin, Made with Real Cotton, 27.1 fl. oz</p><p> -37% 0FF </p><p>$9.35 ($0.35 / Fl Oz)</p><a href="https://www.amazon.com/dp/B07DGKXBDD?tag=eloabder-20&linkCode=osi&th=1&psc=1">View Product</a></div>
<div class="product"><a href="https://www.amazon.com/dp/B08HSNXSM6?tag=eloabder-20&linkCode=osi&th=1&psc=1"><img src="https://m.media-amazon.com/images/I/4193Km1SQcL._SL500_.jpg" alt="Product Image"></a><p>The Peanutshell Crib Mobile for Boys or Girls - White Musical Baby Crib Mobile with 12 Lullabies, Jungle Animal, Baby Mobile Crib Safari Animals Nursery Decor</p><p> -11% 0FF </p><p>$39.99</p><a href="https://www.amazon.com/dp/B08HSNXSM6?tag=eloabder-20&linkCode=osi&th=1&psc=1">View Product</a></div><div class="product"><a href="https://www.amazon.com/dp/B088TCNZ52?tag=eloabder-20&linkCode=osi&th=1&psc=1"><img src="https://m.media-amazon.com/images/I/41Nuh1UJwkL._SL500_.jpg" alt="Product Image"></a><p>EVERLOVE Montessori Mobile Baby for Crib (TINITIGIES) - Black and White Mobile Give Visual Stimulation to Engage Your Newborn - Baby Crib Mobile for Boys & Girls - Baby Mobile for Crib</p><p> -12% 0FF </p><p>$37.99</p><a href="https://www.amazon.com/dp/B088TCNZ52?tag=eloabder-20&linkCode=osi&th=1&psc=1">View Product</a></div><div class="product"><a href="https://www.amazon.com/dp/B07DM86Z43?tag=eloabder-20&linkCode=osi&th=1&psc=1"><img src="https://m.media-amazon.com/images/I/41wBVQgCTUL._SL500_.jpg" alt="Product Image"></a><p>Baby Einstein Sea Dreams Soother Musical Crib Toy and Sound Machine, Newborn and up</p><p> -15% 0FF </p><p>$33.90</p><a href="https://www.amazon.com/dp/B07DM86Z43?tag=eloabder-20&linkCode=osi&th=1&psc=1">View Product</a></div><div class="product"><a href="https://www.amazon.com/dp/B0B38G1MBD?tag=eloabder-20&linkCode=osi&th=1&psc=1"><img src="https://m.media-amazon.com/images/I/51ES4bHBHqL._SL500_.jpg" alt="Product Image"></a><p>Eners Baby Crib Mobile with Music and Lights, Mobile for Crib with Remote Control, Rotation, Moon and Star Projection, Baby Crib Toys for Boys Girls (Blue)</p><p> -6% 0FF </p><p>$33.99</p><a href="https://www.amazon.com/dp/B0B38G1MBD?tag=eloabder-20&linkCode=osi&th=1&psc=1">View Product</a></div>
<div class="product"><a href="https://www.amazon.com/dp/B09GM8JZM9?tag=eloabder-20&linkCode=osi&th=1&psc=1"><img src="https://m.media-amazon.com/images/I/41XmH3g0-aL._SL500_.jpg" alt="Product Image"></a><p>HelloBaby Upgrade Baby Monitor, 5'' Screen with 30-Hour Battery, Pan-Tilt-Zoom Video Baby Monitor with Camera and Audio, Night Vision, VOX, 2-Way Talk, 8 Lullabies and 1000ft Range No WiFi</p><p> -20% 0FF </p><p>$79.99</p><a href="https://www.amazon.com/dp/B09GM8JZM9?tag=eloabder-20&linkCode=osi&th=1&psc=1">View Product</a></div><div class="product"><a href="https://www.amazon.com/dp/B00JEV5UI8?tag=eloabder-20&linkCode=osi&th=1&psc=1"><img src="https://m.media-amazon.com/images/I/41va56lWJ6L._SL500_.jpg" alt="Product Image"></a><p>VTech Upgraded Audio Baby Monitor with Rechargeable Battery, Long Range, and Crystal-Clear Sound</p><p> -9% 0FF </p><p>$19.99</p><a href="https://www.amazon.com/dp/B00JEV5UI8?tag=eloabder-20&linkCode=osi&th=1&psc=1">View Product</a></div><div class="product"><a href="https://www.amazon.com/dp/B0BZ8BN87L?tag=eloabder-20&linkCode=osi&th=1&psc=1"><img src="https://m.media-amazon.com/images/I/41Bi8mMjlBL._SL500_.jpg" alt="Product Image"></a><p>OKAIDI Video Baby Monitor with Camera and Audio, 5" Display Baby Monitor No WiFi, 30H Battery and 1000ft Range Baby Monitor, Remote Pan-Tilt-Zoom Baby Camera, Night Vision, 2-Way Talk, VOX,Temperature</p><p> -25% 0FF </p><p>$44.99</p><a href="https://www.amazon.com/dp/B0BZ8BN87L?tag=eloabder-20&linkCode=osi&th=1&psc=1">View Product</a></div><div class="product"><a href="https://www.amazon.com/dp/B0B316NPZ6?tag=eloabder-20&linkCode=osi&th=1&psc=1"><img src="https://m.media-amazon.com/images/I/41IWDeVuDfL._SL500_.jpg" alt="Product Image"></a><p>HelloBaby Monitor with Camera and Audio, 1000ft Long Range Video Baby Monitor-No WiFi, Night Vision, VOX Mode-Power Saving, 2.4'' Portable Travel Screen, Baby Safety Camera, for Baby/Pet, Plug & Play</p><p> -10% 0FF </p><p>$29.98</p><a href="https://www.amazon.com/dp/B0B316NPZ6?tag=eloabder-20&linkCode=osi&th=1&psc=1">View Product</a></div><div class="product"><a href="https://www.amazon.com/dp/B0CYCDTZ6G?tag=eloabder-20&linkCode=osi&th=1&psc=1"><img src="https://m.media-amazon.com/images/I/41PTcAHdqoL._SL500_.jpg" alt="Product Image"></a><p>HelloBaby Baby Monitor with Camera and Audio, 6'' World First IPS Screen Baby Camera Monitor No WiFi, 30-Hrs Battery, ECO, VOX, 2-Way Talk, Night Vision, 1000ft, Video Baby Monitor Portable</p><p> -25% 0FF </p><p>$89.99</p><a href="https://www.amazon.com/dp/B0CYCDTZ6G?tag=eloabder-20&linkCode=osi&th=1&psc=1">View Product</a></div><div class="product"><a href="https://www.amazon.com/dp/B007NG5UF4?tag=eloabder-20&linkCode=osi&th=1&psc=1"><img src="https://m.media-amazon.com/images/I/41SdqvzVNuL._SL500_.jpg" alt="Product Image"></a><p>VTech DM221 Audio Baby Monitor with up to 1,000 ft of Range, Vibrating Sound-Alert, Talk Back Intercom & Night Light Loop, White/Silver</p><p> -13% 0FF </p><p>$33.95</p><a href="https://www.amazon.com/dp/B007NG5UF4?tag=eloabder-20&linkCode=osi&th=1&psc=1">View Product</a></div><div class="product"><a href="https://www.amazon.com/dp/B0CZDYF95R?tag=eloabder-20&linkCode=osi&th=1&psc=1"><img src="https://m.media-amazon.com/images/I/41hYOyPQ9dL._SL500_.jpg" alt="Product Image"></a><p>VTimes Baby Monitor with Camera and Audio, Video Baby Monitor No WiFi Night Vision, 2.4" LCD Screen Portable Baby Camera VOX Mode Pan-Tilt-Zoom Alarm and 1000ft Range, Ideal for Baby/Elderly/Pet</p><p> -40% 0FF </p><p>$29.99</p><a href="https://www.amazon.com/dp/B0CZDYF95R?tag=eloabder-20&linkCode=osi&th=1&psc=1">View Product</a></div>
<div class="product"><a href="https://www.amazon.com/dp/B0119493OY?tag=eloabder-20&linkCode=osi&th=1&psc=1"><img src="https://m.media-amazon.com/images/I/31o0TllpwAL._SL500_.jpg" alt="Product Image"></a><p>Safety 1st Fold-Up Nail Clippers - 2pk</p><p> -25% 0FF </p><p>$2.99</p><a href="https://www.amazon.com/dp/B0119493OY?tag=eloabder-20&linkCode=osi&th=1&psc=1">View Product</a></div><div class="product"><a href="https://www.amazon.com/dp/B01644OCVS?tag=eloabder-20&linkCode=osi&th=1&psc=1"><img src="https://m.media-amazon.com/images/I/41oX5dLMB1L._SL500_.jpg" alt="Product Image"></a><p>Frida Baby NailFrida The SnipperClipper Set, Baby Nail Clippers & Nail Filer, Baby Essential Nail Kit for Newborns and Up</p><p> -36% 0FF </p><p>$8.31</p><a href="https://www.amazon.com/dp/B01644OCVS?tag=eloabder-20&linkCode=osi&th=1&psc=1">View Product</a></div><div class="product"><a href="https://www.amazon.com/dp/B084JZ27SM?tag=eloabder-20&linkCode=osi&th=1&psc=1"><img src="https://m.media-amazon.com/images/I/31JsNl8WpML._SL500_.jpg" alt="Product Image"></a><p>Safety 1st Light Zoom Nail Clippers, One Size</p><p> -27% 0FF </p><p>$7.29</p><a href="https://www.amazon.com/dp/B084JZ27SM?tag=eloabder-20&linkCode=osi&th=1&psc=1">View Product</a></div><div class="product"><a href="https://www.amazon.com/dp/B0D9BCJWC7?tag=eloabder-20&linkCode=osi&th=1&psc=1"><img src="https://m.media-amazon.com/images/I/41vknqnodfL._SL500_.jpg" alt="Product Image"></a><p>Yeeeasy Baby Nail Clippers Kit Baby Grooming Set with Nail Clippers, Scissors, Nail File & Tweezers Baby Care Kit Fingernail Cutter for Baby,Newborn,Infant,Toddler,Kid(Purple)</p><p> -55% 0FF </p><p>$4.49</p><a href="https://www.amazon.com/dp/B0D9BCJWC7?tag=eloabder-20&linkCode=osi&th=1&psc=1">View Product</a></div>
<div class="product"><a href="https://www.amazon.com/dp/B08CMWHD3B?tag=eloabder-20&linkCode=osi&th=1&psc=1"><img src="https://m.media-amazon.com/images/I/41+F2Dv0iiL._SL500_.jpg" alt="Product Image"></a><p>GROWNSY Nasal Aspirator for Baby, Baby Nose Sucker Pro with 3 Soft Silicone Tips, Adjustable Suction, Electric Nose Suction for Baby, Built-in Music & Light Soothing</p><p> -20% 0FF </p><p>$39.99 ($39.99 / Count)</p><a href="https://www.amazon.com/dp/B08CMWHD3B?tag=eloabder-20&linkCode=osi&th=1&psc=1">View Product</a></div><div class="product"><a href="https://www.amazon.com/dp/B00RP0GHBO?tag=eloabder-20&linkCode=osi&th=1&psc=1"><img src="https://m.media-amazon.com/images/I/41pIJoWu-UL._SL500_.jpg" alt="Product Image"></a><p>Frida Baby NoseFrida SnotSucker Nasal Aspirator for Baby, Baby Nose Sucker with 24 Extra Hygiene Filters, Baby Congestion Relief, FSA/HSA Eligible</p><p> -25% 0FF </p><p>$14.99</p><a href="https://www.amazon.com/dp/B00RP0GHBO?tag=eloabder-20&linkCode=osi&th=1&psc=1">View Product</a></div><div class="product"><a href="https://www.amazon.com/dp/B0C3CHQHJP?tag=eloabder-20&linkCode=osi&th=1&psc=1"><img src="https://m.media-amazon.com/images/I/51IO9JHchbL._SL500_.jpg" alt="Product Image"></a><p>X-Bosak Baby Nasal Aspirator, Electric Nose Sucker with 5 Levels Suction, Soothing Light & Nursery Rhymes</p><p> -18% 0FF </p><p>$30.99</p><a href="https://www.amazon.com/dp/B0C3CHQHJP?tag=eloabder-20&linkCode=osi&th=1&psc=1">View Product</a></div><div class="product"><a href="https://www.amazon.com/dp/B094Z43BQF?tag=eloabder-20&linkCode=osi&th=1&psc=1"><img src="https://m.media-amazon.com/images/I/41elOKysySL._SL500_.jpg" alt="Product Image"></a><p>Frida Baby Electric NoseFrida Nasal Aspirator for Baby, Nose Sucker for Baby & Toddler, Nasal Aspirator for Congestion Relief with 3 Suction Levels, 2 Silicone Tips, USB Rechargeable</p><p> -13% 0FF </p><p>$34.99</p><a href="https://www.amazon.com/dp/B094Z43BQF?tag=eloabder-20&linkCode=osi&th=1&psc=1">View Product</a></div><div class="product"><a href="https://www.amazon.com/dp/B01N093BYV?tag=eloabder-20&linkCode=osi&th=1&psc=1"><img src="https://m.media-amazon.com/images/I/316hpVBAmNL._SL500_.jpg" alt="Product Image"></a><p>Frida Baby Nasal Aspirator for Baby, NoseFrida Baby Nose Sucker with 10 Extra Filters + All-Natural Saline Nasal Spray for Babies, Nasal Spray Decongestant, 0.68 fl oz</p><p> -15% 0FF </p><p>$16.97</p><a href="https://www.amazon.com/dp/B01N093BYV?tag=eloabder-20&linkCode=osi&th=1&psc=1">View Product</a></div><div class="product"><a href="https://www.amazon.com/dp/B0BSVG8S59?tag=eloabder-20&linkCode=osi&th=1&psc=1"><img src="https://m.media-amazon.com/images/I/31Rju6jEphL._SL500_.jpg" alt="Product Image"></a><p>Dr. Talbot's Nasal Aspirator for Babies - Silicone - Includes Storage Case - Clear</p><p> -20% 0FF </p><p>$6.39</p><a href="https://www.amazon.com/dp/B0BSVG8S59?tag=eloabder-20&linkCode=osi&th=1&psc=1">View Product</a></div>
<div class="product"><a href="https://www.amazon.com/dp/B00WEBVM5U?tag=eloabder-20&linkCode=osi&th=1&psc=1"><img src="https://m.media-amazon.com/images/I/31oMSFi3dGL._SL500_.jpg" alt="Product Image"></a><p>Johnson's Baby Oil, Mineral Oil Enriched with Shea & Cocoa Butter to Prevent Moisture Loss, Hypoallergenic, 20 fl. oz</p><p> -35% 0FF </p><p>$5.90 ($0.30 / Fl Oz)</p><a href="https://www.amazon.com/dp/B00WEBVM5U?tag=eloabder-20&linkCode=osi&th=1&psc=1">View Product</a></div><div class="product"><a href="https://www.amazon.com/dp/B00J51Q1IA?tag=eloabder-20&linkCode=osi&th=1&psc=1"><img src="https://m.media-amazon.com/images/I/31WSLNGqaEL._SL500_.jpg" alt="Product Image"></a><p>Johnson & Johnson SLC (Cosmetics) Baby Oil, 20 Fl Oz</p><p> -33% 0FF </p><p>$6.02 ($0.30 / Fl Oz)</p><a href="https://www.amazon.com/dp/B00J51Q1IA?tag=eloabder-20&linkCode=osi&th=1&psc=1">View Product</a></div><div class="product"><a href="https://www.amazon.com/dp/B00LPC15FQ?tag=eloabder-20&linkCode=osi&th=1&psc=1"><img src="https://m.media-amazon.com/images/I/315PcqnZ4qL._SL500_.jpg" alt="Product Image"></a><p>Johnson's Baby Johnson & Johnson Baby Oil, Aloe Vera & Vitamin E, Multicolor, 14 Fl Oz</p><p> -23% 0FF </p><p>$5.49 ($0.39 / Fl Oz)</p><a href="https://www.amazon.com/dp/B00LPC15FQ?tag=eloabder-20&linkCode=osi&th=1&psc=1">View Product</a></div><div class="product"><a href="https://www.amazon.com/dp/B001UAA2UC?tag=eloabder-20&linkCode=osi&th=1&psc=1"><img src="https://m.media-amazon.com/images/I/31-74Q7XbxL._SL500_.jpg" alt="Product Image"></a><p>Johnson's Baby Oil Gel, Moisturizing Baby Massage Mineral Oil Enriched with Shea & Cocoa Butter, Dry Skin Relief for Babies, Kids & Adults, Nourishing & Gentle on Delicate Skin, 6.5 fl. oz</p><p> -16% 0FF </p><p>$5.98 ($0.92 / Fl Oz)</p><a href="https://www.amazon.com/dp/B001UAA2UC?tag=eloabder-20&linkCode=osi&th=1&psc=1">View Product</a></div>
<div class="product"><a href="https://www.amazon.com/dp/B0D88Y4955?tag=eloabder-20&linkCode=osi&th=1&psc=1"><img src="https://m.media-amazon.com/images/I/41Au0yzblbL._SL500_.jpg" alt="Product Image"></a><p>Burt's Bees Baby Baby Boys Pajamas, Sleep and Play Loose Fit, 100% Organic Cotton, Soft One-piece PJs, Diagonal Zip Up Jumpsuit Newborn Essentials with Interior Zipper Guard in sizes NB to 6-9 Months</p><p> -49% 0FF </p><p>$7.60</p><a href="https://www.amazon.com/dp/B0D88Y4955?tag=eloabder-20&linkCode=osi&th=1&psc=1">View Product</a></div><div class="product"><a href="https://www.amazon.com/dp/B08GHLBW8P?tag=eloabder-20&linkCode=osi&th=1&psc=1"><img src="https://m.media-amazon.com/images/I/512q+TZZ2UL._SL500_.jpg" alt="Product Image"></a><p>Gerber Baby Boys' 4-Pack Footed Pajamas, Dinosaurs Space Grey, 18 Months</p><p> -9% 0FF </p><p>$29.98</p><a href="https://www.amazon.com/dp/B08GHLBW8P?tag=eloabder-20&linkCode=osi&th=1&psc=1">View Product</a></div>
<div class="product"><a href="https://www.amazon.com/dp/B09XHGG4B8?tag=eloabder-20&linkCode=osi&th=1&psc=1"><img src="https://m.media-amazon.com/images/I/51drx-WonLL._SL500_.jpg" alt="Product Image"></a><p>Yeeeasy Tummy Time Water Mat丨Inflatable Tummy Time Water Play Mat for Babies, Infants and Toddlers 3 to 12 Months Promote Development Toys Baby Gifts</p><p> -33% 0FF </p><p>$9.99</p><a href="https://www.amazon.com/dp/B09XHGG4B8?tag=eloabder-20&linkCode=osi&th=1&psc=1">View Product</a></div>
<div class="product"><a href="https://www.amazon.com/dp/B0009STDJW?tag=eloabder-20&linkCode=osi&th=1&psc=1"><img src="https://m.media-amazon.com/images/I/31XlMHyMw4L._SL500_.jpg" alt="Product Image"></a><p>Johnson's Baby Powder, Naturally Derived Cornstarch with Aloe & Vitamin E for Delicate Skin, Hypoallergenic and Free of Parabens, Phthalates, and Dyes for Gentle Baby Skin Care, 15 oz</p><p> -31% 0FF </p><p>$4.98 ($0.33 / Ounce)</p><a href="https://www.amazon.com/dp/B0009STDJW?tag=eloabder-20&linkCode=osi&th=1&psc=1">View Product</a></div><div class="product"><a href="https://www.amazon.com/dp/B005IHT880?tag=eloabder-20&linkCode=osi&th=1&psc=1"><img src="https://m.media-amazon.com/images/I/31Yy8plMS3L._SL500_.jpg" alt="Product Image"></a><p>Johnson's Baby Naturally Derived Cornstarch Baby Powder with Aloe and Vitamin E for Delicate Skin, Hypoallergenic and Free of Parabens, Phthalates, and Dyes for Gentle Baby Skin Care, 1.5 oz</p><p> -31% 0FF </p><p>$1.97 ($1.31 / Ounce)</p><a href="https://www.amazon.com/dp/B005IHT880?tag=eloabder-20&linkCode=osi&th=1&psc=1">View Product</a></div><div class="product"><a href="https://www.amazon.com/dp/B00I5MVFB8?tag=eloabder-20&linkCode=osi&th=1&psc=1"><img src="https://m.media-amazon.com/images/I/41kU-erHU1L._SL500_.jpg" alt="Product Image"></a><p>Johnson's Baby Powder, Pure Cornstarch, Aloe & Vitamin E, 22 Ounce (Pack of 3) - Packaging May Vary</p><p> -31% 0FF </p><p>$18.87 ($0.29 / Ounce)</p><a href="https://www.amazon.com/dp/B00I5MVFB8?tag=eloabder-20&linkCode=osi&th=1&psc=1">View Product</a></div><div class="product"><a href="https://www.amazon.com/dp/B004Z4MNGQ?tag=eloabder-20&linkCode=osi&th=1&psc=1"><img src="https://m.media-amazon.com/images/I/31szXN97ucL._SL500_.jpg" alt="Product Image"></a><p>Johnson's Baby Powder with Naturally Derived Cornstarch Aloe & Vitamin E, Hypoallergenic, 9 oz</p><p> -26% 0FF </p><p>$3.95 ($0.44 / Ounce)</p><a href="https://www.amazon.com/dp/B004Z4MNGQ?tag=eloabder-20&linkCode=osi&th=1&psc=1">View Product</a></div><div class="product"><a href="https://www.amazon.com/dp/B0CCPK861Q?tag=eloabder-20&linkCode=osi&th=1&psc=1"><img src="https://m.media-amazon.com/images/I/51jIdMql0FL._SL500_.jpg" alt="Product Image"></a><p>Burt's Bees Christmas Gifts, Baby Dusting Powder, 100% Natural Origin, Talc-Free, Pediatrician Tested Stocking Stuffers, 7.5 Ounces, Pack of 3, Pack May Vary</p><p> -29% 0FF </p><p>$19.17 ($0.85 / Ounce)</p><a href="https://www.amazon.com/dp/B0CCPK861Q?tag=eloabder-20&linkCode=osi&th=1&psc=1">View Product</a></div><div class="product"><a href="https://www.amazon.com/dp/B012FUZ8NG?tag=eloabder-20&linkCode=osi&th=1&psc=1"><img src="https://m.media-amazon.com/images/I/41t4DM92+aL._SL500_.jpg" alt="Product Image"></a><p>Gold Bond Comfort Body Powder, 10 oz., Talc-Free, Fresh Clean Scent With Aloe & Chamomile</p><p> -7% 0FF </p><p>$6.79 ($0.68 / Ounce)</p><a href="https://www.amazon.com/dp/B012FUZ8NG?tag=eloabder-20&linkCode=osi&th=1&psc=1">View Product</a></div>
<div class="product"><a href="https://www.amazon.com/dp/B00JHKTDQG?tag=eloabder-20&linkCode=osi&th=1&psc=1"><img src="https://m.media-amazon.com/images/I/41u2OOs0uOL._SL500_.jpg" alt="Product Image"></a><p>Safety 1st Plug Protectors, 36 Count</p><p> -22% 0FF </p><p>$3.49</p><a href="https://www.amazon.com/dp/B00JHKTDQG?tag=eloabder-20&linkCode=osi&th=1&psc=1">View Product</a></div><div class="product"><a href="https://www.amazon.com/dp/B0CZRKFS5Z?tag=eloabder-20&linkCode=osi&th=1&psc=1"><img src="https://m.media-amazon.com/images/I/413bGIIY4WL._SL500_.jpg" alt="Product Image"></a><p>Baby Proofing Kit, Oven Door Lock Child proof Safety Product for Kitchen, Double Button, Heat-Resistant, Easy to Install (1 Pack,Grey)</p><p> -20% 0FF </p><p>$7.99</p><a href="https://www.amazon.com/dp/B0CZRKFS5Z?tag=eloabder-20&linkCode=osi&th=1&psc=1">View Product</a></div><div class="product"><a href="https://www.amazon.com/dp/B00YKG2YS6?tag=eloabder-20&linkCode=osi&th=1&psc=1"><img src="https://m.media-amazon.com/images/I/41+wB4D0smL._SL500_.jpg" alt="Product Image"></a><p>Safety 1st Safety Essentials Kit , White , 1 Count</p><p> -38% 0FF </p><p>$7.48</p><a href="https://www.amazon.com/dp/B00YKG2YS6?tag=eloabder-20&linkCode=osi&th=1&psc=1">View Product</a></div>
<div class="product"><a href="https://www.amazon.com/dp/B000BNCA4K?tag=eloabder-20&linkCode=osi&th=1&psc=1"><img src="https://m.media-amazon.com/images/I/51+hwco0h6L._SL500_.jpg" alt="Product Image"></a><p>Manhattan Toy Winkel Rattle & Sensory Teether Toy, Blue/Green/Orange, 5 Inch x 4 Inch x 3.5 Inch</p><p> -29% 0FF </p><p>$9.99</p><a href="https://www.amazon.com/dp/B000BNCA4K?tag=eloabder-20&linkCode=osi&th=1&psc=1">View Product</a></div><div class="product"><a href="https://www.amazon.com/dp/B000FMQWS2?tag=eloabder-20&linkCode=osi&th=1&psc=1"><img src="https://m.media-amazon.com/images/I/4108+CwoQfL._SL500_.jpg" alt="Product Image"></a><p>Bright Starts Grab & Spin Baby Rattle & BPA-Free Teether Toy, Ages 3 Months+</p><p> -15% 0FF </p><p>$2.97</p><a href="https://www.amazon.com/dp/B000FMQWS2?tag=eloabder-20&linkCode=osi&th=1&psc=1">View Product</a></div><div class="product"><a href="https://www.amazon.com/dp/B071YCHDX1?tag=eloabder-20&linkCode=osi&th=1&psc=1"><img src="https://m.media-amazon.com/images/I/512uBUjyccL._SL500_.jpg" alt="Product Image"></a><p>iPlay, iLearn 10pcs Baby Rattles Toys Set, Infant Grab Shake Rattle, Sensory Teether, Babies Development Learning Music Toy, Newborn First Christmas Gifts 0 1 2 3 4 5 6 7 8 9 10 12 Month Boy Girl</p><p> -15% 0FF </p><p>$22.99</p><a href="https://www.amazon.com/dp/B071YCHDX1?tag=eloabder-20&linkCode=osi&th=1&psc=1">View Product</a></div><div class="product"><a href="https://www.amazon.com/dp/B019ICFYNI?tag=eloabder-20&linkCode=osi&th=1&psc=1"><img src="https://m.media-amazon.com/images/I/51oYX33BlzL._SL500_.jpg" alt="Product Image"></a><p>VTech Baby Rattle and Sing Puppy</p><p> -18% 0FF </p><p>$8.99</p><a href="https://www.amazon.com/dp/B019ICFYNI?tag=eloabder-20&linkCode=osi&th=1&psc=1">View Product</a></div><div class="product"><a href="https://www.amazon.com/dp/B000V2Y5BW?tag=eloabder-20&linkCode=osi&th=1&psc=1"><img src="https://m.media-amazon.com/images/I/41Bz5Kz2OzL._SL500_.jpg" alt="Product Image"></a><p>The First Years First Keys Infant and Baby Toy</p><p> -67% 0FF </p><p>$2.44</p><a href="https://www.amazon.com/dp/B000V2Y5BW?tag=eloabder-20&linkCode=osi&th=1&psc=1">View Product</a></div>
<div class="product"><a href="https://www.amazon.com/dp/B005SPESKK?tag=eloabder-20&linkCode=osi&th=1&psc=1"><img src="https://m.media-amazon.com/images/I/410ZKnRS3aL._SL500_.jpg" alt="Product Image"></a><p>Aveeno Baby Bathtime Solutions Baby & Me Gift Set with Baby Wash & Shampoo, Calming Baby Bath, Baby Daily Moisturizing Lotion & Stress Relief Body Wash for Mom, Oatmeal, 4 Items</p><p> -35% 0FF </p><p>$20.69</p><a href="https://www.amazon.com/dp/B005SPESKK?tag=eloabder-20&linkCode=osi&th=1&psc=1">View Product</a></div><div class="product"><a href="https://www.amazon.com/dp/B005UEB96K?tag=eloabder-20&linkCode=osi&th=1&psc=1"><img src="https://m.media-amazon.com/images/I/41irWX472ZL._SL500_.jpg" alt="Product Image"></a><p>Aquaphor Baby Healing Ointment Advanced Therapy Skin Protectant, Dry Skin and Diaper Rash Ointment, 14 Oz Jar</p><p> -8% 0FF </p><p>$18.37</p><a href="https://www.amazon.com/dp/B005UEB96K?tag=eloabder-20&linkCode=osi&th=1&psc=1">View Product</a></div><div class="product"><a href="https://www.amazon.com/dp/B0CNXKT6S7?tag=eloabder-20&linkCode=osi&th=1&psc=1"><img src="https://m.media-amazon.com/images/I/41UPubKIJYL._SL500_.jpg" alt="Product Image"></a><p>Blissful Diary Baby Diaper Caddy Organizer, Stylish Nursery Storage Basket - Gift for Baby Shower, Baby Registry Must Have, Newborn Essentials - Baby Caddy Organizer for Diaper Station - Sage Green</p><p> -7% 0FF </p><p>$22.99</p><a href="https://www.amazon.com/dp/B0CNXKT6S7?tag=eloabder-20&linkCode=osi&th=1&psc=1">View Product</a></div><div class="product"><a href="https://www.amazon.com/dp/B07RX5BD32?tag=eloabder-20&linkCode=osi&th=1&psc=1"><img src="https://m.media-amazon.com/images/I/41p16YTuexL._SL500_.jpg" alt="Product Image"></a><p>Portable Diaper Changing Pad, Portable Changing pad for Newborn Girl & Boy - Baby Changing Pad with Smart Wipes Pocket – Waterproof Travel Changing Kit - Baby Gift by Kopi Baby</p><p> -42% 0FF </p><p>$21.89</p><a href="https://www.amazon.com/dp/B07RX5BD32?tag=eloabder-20&linkCode=osi&th=1&psc=1">View Product</a></div>
<div class="product"><a href="https://www.amazon.com/dp/B07DGKWFJM?tag=eloabder-20&linkCode=osi&th=1&psc=1"><img src="https://m.media-amazon.com/images/I/313M7YzzHPL._SL500_.jpg" alt="Product Image"></a><p>Johnson's Baby Shampoo with Tear-Free Formula, Shampoo for Baby's Delicate Scalp & Skin, Gently Washes Away Dirt & Germs, Paraben-, Phthalate-, Sulfate- & Dye-Free, 20.3 fl. oz</p><p> -35% 0FF </p><p>$5.90 ($0.29 / Fl Oz)</p><a href="https://www.amazon.com/dp/B07DGKWFJM?tag=eloabder-20&linkCode=osi&th=1&psc=1">View Product</a></div><div class="product"><a href="https://www.amazon.com/dp/B07DGK9FQG?tag=eloabder-20&linkCode=osi&th=1&psc=1"><img src="https://m.media-amazon.com/images/I/31ZmgkaoecL._SL500_.jpg" alt="Product Image"></a><p>Johnson's Baby Tear Free Shampoo, No Parabens/Phthalates/Sulfates/Dyes, Fresh, 13.6 Fl Oz</p><p> -30% 0FF </p><p>$4.78 ($0.35 / Fl Oz)</p><a href="https://www.amazon.com/dp/B07DGK9FQG?tag=eloabder-20&linkCode=osi&th=1&psc=1">View Product</a></div><div class="product"><a href="https://www.amazon.com/dp/B07D2JMJPS?tag=eloabder-20&linkCode=osi&th=1&psc=1"><img src="https://m.media-amazon.com/images/I/31GFcXvNoSL._SL500_.jpg" alt="Product Image"></a><p>Johnson's Head-to-Toe Gentle Tear-Free Baby & Newborn Wash & Shampoo, Sulfate-, Paraben- Phthalate- & Dye-Free, Hypoallergenic Wash for Sensitive Skin & Hair, 27.1 fl. Oz</p><p> -33% 0FF </p><p>$7.19 ($0.27 / Fl Oz)</p><a href="https://www.amazon.com/dp/B07D2JMJPS?tag=eloabder-20&linkCode=osi&th=1&psc=1">View Product</a></div><div class="product"><a href="https://www.amazon.com/dp/B07NSBTZ22?tag=eloabder-20&linkCode=osi&th=1&psc=1"><img src="https://m.media-amazon.com/images/I/316UK0+xv+L._SL500_.jpg" alt="Product Image"></a><p>Aveeno Baby Daily Moisture Gentle Bath Wash & Shampoo with Natural Oat Extract, Hypoallergenic, Tear-Free & Paraben-Free Formula For Sensitive Hair & Skin, Lightly Scented, 33 fl. oz</p><p> -43% 0FF </p><p>$13.98 ($0.42 / Fl Oz)</p><a href="https://www.amazon.com/dp/B07NSBTZ22?tag=eloabder-20&linkCode=osi&th=1&psc=1">View Product</a></div><div class="product"><a href="https://www.amazon.com/dp/B07DGPL4Y7?tag=eloabder-20&linkCode=osi&th=1&psc=1"><img src="https://m.media-amazon.com/images/I/310oJnMMURS._SL500_.jpg" alt="Product Image"></a><p>Johnson's Baby Calming Baby Shampoo with Soothing NaturalCalm Scent, Hypoallergenic & Tear-Free Baby Hair Shampoo, Free of Parabens, Phthalates, Sulfates & Dyes, 20.3 fl. oz</p><p> -9% 0FF </p><p>$5.39 ($0.27 / Fl Oz)</p><a href="https://www.amazon.com/dp/B07DGPL4Y7?tag=eloabder-20&linkCode=osi&th=1&psc=1">View Product</a></div><div class="product"><a href="https://www.amazon.com/dp/B072QXWXS6?tag=eloabder-20&linkCode=osi&th=1&psc=1"><img src="https://m.media-amazon.com/images/I/31nATTwRNrL._SL500_.jpg" alt="Product Image"></a><p>The Honest Company 2-in-1 Cleansing Shampoo + Body Wash | Gentle for Baby | Naturally Derived, Tear-free, Hypoallergenic | Fragrance Free Sensitive, 10 fl oz</p><p> -8% 0FF </p><p>$10.99 ($1.10 / Fl Oz)</p><a href="https://www.amazon.com/dp/B072QXWXS6?tag=eloabder-20&linkCode=osi&th=1&psc=1">View Product</a></div><div class="product"><a href="https://www.amazon.com/dp/B0BXB874ZB?tag=eloabder-20&linkCode=osi&th=1&psc=1"><img src="https://m.media-amazon.com/images/I/61I9qaFfznL._SL500_.jpg" alt="Product Image"></a><p>SheaMoisture Baby Shampoo & Bath Milk Manuka Honey & Lavender for Delicate Hair and Skin Nighttime Skin and Hair Care Regimen 13 oz</p><p> -10% 0FF </p><p>$8.97 ($0.69 / Fl Oz)</p><a href="https://www.amazon.com/dp/B0BXB874ZB?tag=eloabder-20&linkCode=osi&th=1&psc=1">View Product</a></div>
<div class="product"><a href="https://www.amazon.com/dp/B07JP112TD?tag=eloabder-20&linkCode=osi&th=1&psc=1"><img src="https://m.media-amazon.com/images/I/31-1TtUqz2L._SL500_.jpg" alt="Product Image"></a><p>Stride Rite Baby Girls Sr Taye 2.0 First Walker Shoe, Pink, 3 Infant US</p><p> -30% 0FF </p><p>$25.72</p><a href="https://www.amazon.com/dp/B07JP112TD?tag=eloabder-20&linkCode=osi&th=1&psc=1">View Product</a></div><div class="product"><a href="https://www.amazon.com/dp/B08M5M2ZNJ?tag=eloabder-20&linkCode=osi&th=1&psc=1"><img src="https://m.media-amazon.com/images/I/31qHgEG+WSL._SL500_.jpg" alt="Product Image"></a><p>Baby Booties 6-12 Months Unisex Cozy Fleece Newborn Booties Non-Slip Newborn First Walkers Shoes Toddler Slippers for Baby Boys & Baby Girls Gifts, Black</p><p> -33% 0FF </p><p>$9.99</p><a href="https://www.amazon.com/dp/B08M5M2ZNJ?tag=eloabder-20&linkCode=osi&th=1&psc=1">View Product</a></div><div class="product"><a href="https://www.amazon.com/dp/B0BV2J28DN?tag=eloabder-20&linkCode=osi&th=1&psc=1"><img src="https://m.media-amazon.com/images/I/41n15Z33RlL._SL500_.jpg" alt="Product Image"></a><p>Baby Walking Shoes First Boy Girl Walker Infant Sock Tennis Mesh Sneakers Breathable 6 9 12 18 24 Months Camel Size 6-12 Months Infant</p><p> -18% 0FF </p><p>$26.99</p><a href="https://www.amazon.com/dp/B0BV2J28DN?tag=eloabder-20&linkCode=osi&th=1&psc=1">View Product</a></div><div class="product"><a href="https://www.amazon.com/dp/B0C9ZTGHWF?tag=eloabder-20&linkCode=osi&th=1&psc=1"><img src="https://m.media-amazon.com/images/I/41jzu4SNmLL._SL500_.jpg" alt="Product Image"></a><p>BMCiTYBM Baby Boy Girl Shoes Infant First Walker Shoes Breathable Walking Shoes Lightweight Non-Slip Sneakers 6 9 12 18 24 Months Gray Size 12-18 Months Infant</p><p> -12% 0FF </p><p>$29.99</p><a href="https://www.amazon.com/dp/B0C9ZTGHWF?tag=eloabder-20&linkCode=osi&th=1&psc=1">View Product</a></div>
<div class="product"><a href="https://www.amazon.com/dp/B0B6Z9SVXG?tag=eloabder-20&linkCode=osi&th=1&psc=1"><img src="https://m.media-amazon.com/images/I/41yQhQfpuJL._SL500_.jpg" alt="Product Image"></a><p>Shiaon Baby Sling Carrier Newborn to Toddler, Lightweight Baby Carrier Sling, Baby Wrap Sling, Baby Hip Seat Carrier for Toddler Sling, Baby Holder Carrier, Nursing Sling, Carrying 7-45 lbs, Grey</p><p> -20% 0FF </p><p>$32.99</p><a href="https://www.amazon.com/dp/B0B6Z9SVXG?tag=eloabder-20&linkCode=osi&th=1&psc=1">View Product</a></div><div class="product"><a href="https://www.amazon.com/dp/B07SK6GVCJ?tag=eloabder-20&linkCode=osi&th=1&psc=1"><img src="https://m.media-amazon.com/images/I/41o7bWiYEUL._SL500_.jpg" alt="Product Image"></a><p>CUBY Water Baby Sling Carrier Breathable Mesh Baby Wraps Carrier Adjustable Ring Sling Baby Carrier Infant Carrier for Summer Swimming Pool Beach (Light Grey)</p><p> -27% 0FF </p><p>$18.99</p><a href="https://www.amazon.com/dp/B07SK6GVCJ?tag=eloabder-20&linkCode=osi&th=1&psc=1">View Product</a></div><div class="product"><a href="https://www.amazon.com/dp/B07YQYRVDX?tag=eloabder-20&linkCode=osi&th=1&psc=1"><img src="https://m.media-amazon.com/images/I/41nKHqgPniL._SL500_.jpg" alt="Product Image"></a><p>Baby Sling and Ring Sling 100% Cotton Muslin Infant Carrier, Front and Chest Newborn Carrier Wrap, Toddler Carrier – Grey</p><p> -31% 0FF </p><p>$44.95</p><a href="https://www.amazon.com/dp/B07YQYRVDX?tag=eloabder-20&linkCode=osi&th=1&psc=1">View Product</a></div>
<div class="product"><a href="https://www.amazon.com/dp/B07N13W76L?tag=eloabder-20&linkCode=osi&th=1&psc=1"><img src="https://m.media-amazon.com/images/I/41d8emuEA8L._SL500_.jpg" alt="Product Image"></a><p>Baby Dove Sensitive Skin Care Baby Wash Calming Moisture For a Calming Bath Wash Hypoallergenic and Tear-Free, Washes Away Bacteria 13 oz</p><p> -6% 0FF </p><p>$7.99 ($0.61 / Ounce)</p><a href="https://www.amazon.com/dp/B07N13W76L?tag=eloabder-20&linkCode=osi&th=1&psc=1">View Product</a></div><div class="product"><a href="https://www.amazon.com/dp/B097NRRRNT?tag=eloabder-20&linkCode=osi&th=1&psc=1"><img src="https://m.media-amazon.com/images/I/31qcQUGmwRS._SL500_.jpg" alt="Product Image"></a><p>Johnson's Skin Nourishing Moisture Baby Body Wash With Vanilla & Oat Scents, Hypoallergenic & Tear Free Baby Bath Wash, Paraben-, Dye-, Sulfate & Phthalate-Free, 20.3 fl. oz</p><p> -26% 0FF </p><p>$6.78 ($0.33 / Fl Oz)</p><a href="https://www.amazon.com/dp/B097NRRRNT?tag=eloabder-20&linkCode=osi&th=1&psc=1">View Product</a></div><div class="product"><a href="https://www.amazon.com/dp/B07D2G6CLG?tag=eloabder-20&linkCode=osi&th=1&psc=1"><img src="https://m.media-amazon.com/images/I/31EQ6Pb153L._SL500_.jpg" alt="Product Image"></a><p>Johnson's Bedtime Baby Bath with Soothing NaturalCalm Aromas, Hypoallergenic & Tear Free Formula, 27.1 fl. oz</p><p> -33% 0FF </p><p>$9.98 ($0.37 / Fl Oz)</p><a href="https://www.amazon.com/dp/B07D2G6CLG?tag=eloabder-20&linkCode=osi&th=1&psc=1">View Product</a></div>
<div class="product"><a href="https://www.amazon.com/dp/B006VB29D8?tag=eloabder-20&linkCode=osi&th=1&psc=1"><img src="https://m.media-amazon.com/images/I/41avOtC2ssL._SL500_.jpg" alt="Product Image"></a><p>Munchkin® Soft Tip™ Baby Spoons, BPA Free, 12 Pack</p><p> -17% 0FF </p><p>$6.98</p><a href="https://www.amazon.com/dp/B006VB29D8?tag=eloabder-20&linkCode=osi&th=1&psc=1">View Product</a></div><div class="product"><a href="https://www.amazon.com/dp/B0CKJXWM44?tag=eloabder-20&linkCode=osi&th=1&psc=1"><img src="https://m.media-amazon.com/images/I/41n4jr8b6VL._SL500_.jpg" alt="Product Image"></a><p>Nuby Baby's First Spoons Set - (3-Pack) Feeding Utensils for Babies - 6+ Months</p><p> -40% 0FF </p><p>$5.97</p><a href="https://www.amazon.com/dp/B0CKJXWM44?tag=eloabder-20&linkCode=osi&th=1&psc=1">View Product</a></div><div class="product"><a href="https://www.amazon.com/dp/B0CKWJNQP4?tag=eloabder-20&linkCode=osi&th=1&psc=1"><img src="https://m.media-amazon.com/images/I/413epEJW7PL._SL500_.jpg" alt="Product Image"></a><p>Munchkin® Gentle Dip™ Multistage First Spoon Set for Baby Led Weaning, Self Feeding, Solids & Purees, 3 Pack, Coral/Purple</p><p> -35% 0FF </p><p>$6.49</p><a href="https://www.amazon.com/dp/B0CKWJNQP4?tag=eloabder-20&linkCode=osi&th=1&psc=1">View Product</a></div><div class="product"><a href="https://www.amazon.com/dp/B08MVST7H1?tag=eloabder-20&linkCode=osi&th=1&psc=1"><img src="https://m.media-amazon.com/images/I/319zTmlUj8L._SL500_.jpg" alt="Product Image"></a><p>PrimaStella Silicone Chew Spoon Set for Babies and Toddlers | Safety Tested | BPA Free | Microwave, Dishwasher and Freezer Safe</p><p> -33% 0FF </p><p>$7.99</p><a href="https://www.amazon.com/dp/B08MVST7H1?tag=eloabder-20&linkCode=osi&th=1&psc=1">View Product</a></div>
<div class="product"><a href="https://www.amazon.com/dp/B0D5Q2GKMX?tag=eloabder-20&linkCode=osi&th=1&psc=1"><img src="https://m.media-amazon.com/images/I/51PSbL1vo1L._SL500_.jpg" alt="Product Image"></a><p>Accombe 2 in 1 Baby Stroller, Convertible Bassinet Pushchair for Infants and Newborns 0-36 Months</p><p> -23% 0FF </p><p>$154.99</p><a href="https://www.amazon.com/dp/B0D5Q2GKMX?tag=eloabder-20&linkCode=osi&th=1&psc=1">View Product</a></div><div class="product"><a href="https://www.amazon.com/dp/B01FCDWZFC?tag=eloabder-20&linkCode=osi&th=1&psc=1"><img src="https://m.media-amazon.com/images/I/41jrn+R3+0L._SL500_.jpg" alt="Product Image"></a><p>Baby Trend Range Jogger Stroller, Millennium</p><p> -36% 0FF </p><p>$90.08</p><a href="https://www.amazon.com/dp/B01FCDWZFC?tag=eloabder-20&linkCode=osi&th=1&psc=1">View Product</a></div><div class="product"><a href="https://www.amazon.com/dp/B0BSP4K34F?tag=eloabder-20&linkCode=osi&th=1&psc=1"><img src="https://m.media-amazon.com/images/I/41zs0EAVv0L._SL500_.jpg" alt="Product Image"></a><p>Summer by Ingenuity 3Dquickclose CS+ Compact Fold Stroller, Car-Seat Compatible, Lightweight Stroller with Oversized Canopy, Extra-Large Storage</p><p> -19% 0FF </p><p>$80.74</p><a href="https://www.amazon.com/dp/B0BSP4K34F?tag=eloabder-20&linkCode=osi&th=1&psc=1">View Product</a></div><div class="product"><a href="https://www.amazon.com/dp/B08K2YFNDW?tag=eloabder-20&linkCode=osi&th=1&psc=1"><img src="https://m.media-amazon.com/images/I/41USzhsByBL._SL500_.jpg" alt="Product Image"></a><p>Graco Ready2Grow LX 2.0 Double Stroller Features Bench Seat and Standing Platform Options, Clark</p><p> -20% 0FF </p><p>$215.99</p><a href="https://www.amazon.com/dp/B08K2YFNDW?tag=eloabder-20&linkCode=osi&th=1&psc=1">View Product</a></div><div class="product"><a href="https://www.amazon.com/dp/B09FL82SRC?tag=eloabder-20&linkCode=osi&th=1&psc=1"><img src="https://m.media-amazon.com/images/I/41oWEq1J+SL._SL500_.jpg" alt="Product Image"></a><p>Mompush Wiz 2-in-1 Convertible Baby Stroller with Bassinet Mode - Foldable Infant Stroller to Explore More as a Family - Toddler Stroller with Reversible Stroller Seat</p><p> -30% 0FF </p><p>$159.99</p><a href="https://www.amazon.com/dp/B09FL82SRC?tag=eloabder-20&linkCode=osi&th=1&psc=1">View Product</a></div><div class="product"><a href="https://www.amazon.com/dp/B01JRY00C2?tag=eloabder-20&linkCode=osi&th=1&psc=1"><img src="https://m.media-amazon.com/images/I/41oyBwt71IL._SL500_.jpg" alt="Product Image"></a><p>Safety 1st Smooth Ride Travel System Stroller and Car Seat OnBoard™ FLX - Efficient Infant Car Seat Stroller and Infant Car Seat and Stroller Combo, Monument</p><p> -9% 0FF </p><p>$199.99</p><a href="https://www.amazon.com/dp/B01JRY00C2?tag=eloabder-20&linkCode=osi&th=1&psc=1">View Product</a></div>
<div class="product"><a href="https://www.amazon.com/dp/B08K2CN246?tag=eloabder-20&linkCode=osi&th=1&psc=1"><img src="https://m.media-amazon.com/images/I/41kw6Z5JVpL._SL500_.jpg" alt="Product Image"></a><p>Graco Soothe My Way with Removable Rocker, Madden - Versatile Baby Swing & Portable Rocker</p><p> -5% 0FF </p><p>$199.99</p><a href="https://www.amazon.com/dp/B08K2CN246?tag=eloabder-20&linkCode=osi&th=1&psc=1">View Product</a></div><div class="product"><a href="https://www.amazon.com/dp/B0CPTD1PS8?tag=eloabder-20&linkCode=osi&th=1&psc=1"><img src="https://m.media-amazon.com/images/I/31mjNCs4A0L._SL500_.jpg" alt="Product Image"></a><p>Maxi-Cosi Cassia Baby Swings for Infants: Smart Portable Baby Swing with Music, Lightweight & Foldable Baby Swing, 360 Rotation Infant Swing, Classic Oat</p><p> -14% 0FF </p><p>$172.65</p><a href="https://www.amazon.com/dp/B0CPTD1PS8?tag=eloabder-20&linkCode=osi&th=1&psc=1">View Product</a></div>
<div class="product"><a href="https://www.amazon.com/dp/B0795ZW85G?tag=eloabder-20&linkCode=osi&th=1&psc=1"><img src="https://m.media-amazon.com/images/I/41MJ3gfs90L._SL500_.jpg" alt="Product Image"></a><p>Kinsa Smart,Fever, Digital Medical Baby, Kid and Adult Termometro - Accurate, Fast, FDA Cleared Thermometer for Oral, Armpit or Rectal Temperature Reading - QuickCare</p><p> -27% 0FF </p><p>$21.97</p><a href="https://www.amazon.com/dp/B0795ZW85G?tag=eloabder-20&linkCode=osi&th=1&psc=1">View Product</a></div>
<div class="product"><a href="https://www.amazon.com/dp/B0866RV9SM?tag=eloabder-20&linkCode=osi&th=1&psc=1"><img src="https://m.media-amazon.com/images/I/41n5jaf1l8L._SL500_.jpg" alt="Product Image"></a><p>Dr. Brown's Infant-to-Toddler Training Toothbrush Set with Fluoride-Free Baby Toothpaste, Strawberry - Giraffe - 1.4oz - 0-3 years</p><p> -9% 0FF </p><p>$8.19</p><a href="https://www.amazon.com/dp/B0866RV9SM?tag=eloabder-20&linkCode=osi&th=1&psc=1">View Product</a></div>
<div class="product"><a href="https://www.amazon.com/dp/B079KV58DJ?tag=eloabder-20&linkCode=osi&th=1&psc=1"><img src="https://m.media-amazon.com/images/I/31a0bFQr94L._SL500_.jpg" alt="Product Image"></a><p>Dr. Talbot's Baby Toothpaste Naturally Inspired with Citroganix and Silicone Finger Gum Massager, Vanilla Milk Flavor</p><p> -35% 0FF </p><p>$3.87</p><a href="https://www.amazon.com/dp/B079KV58DJ?tag=eloabder-20&linkCode=osi&th=1&psc=1">View Product</a></div><div class="product"><a href="https://www.amazon.com/dp/B07GT9YRXD?tag=eloabder-20&linkCode=osi&th=1&psc=1"><img src="https://m.media-amazon.com/images/I/416EJX6PtPL._SL500_.jpg" alt="Product Image"></a><p>Baby Toothpaste 6 to 12 Months - Rain Fluoride Free Tooth Paste Gel for Infant Toddler Kids 0-6 Years and Up, Safe to Swallow, 2.8 Oz, Babies Training, Xylitol, Vitamin C, Vegan, SLS Free, Gluten Free</p><p> -25% 0FF </p><p>$13.94</p><a href="https://www.amazon.com/dp/B07GT9YRXD?tag=eloabder-20&linkCode=osi&th=1&psc=1">View Product</a></div>
<div class="product"><a href="https://www.amazon.com/dp/B0B9BMFS4X?tag=eloabder-20&linkCode=osi&th=1&psc=1"><img src="https://m.media-amazon.com/images/I/51QOy--SVyL._SL500_.jpg" alt="Product Image"></a><p>HOMEXCEL Baby Washcloths 24 Pack-Microfiber Coral Fleece Baby Bath Face Towel 7 x 9 Inch Extra Absorbent and Soft Burp Cloth and Wash Cloths for Newborn-Infants and Toddlers-Gentle On Sensitive Skin</p><p> -10% 0FF </p><p>$8.99</p><a href="https://www.amazon.com/dp/B0B9BMFS4X?tag=eloabder-20&linkCode=osi&th=1&psc=1">View Product</a></div>
<div class="product"><a href="https://www.amazon.com/dp/B00M2AAYG6?tag=eloabder-20&linkCode=osi&th=1&psc=1"><img src="https://m.media-amazon.com/images/I/41fixA-oZyL._SL500_.jpg" alt="Product Image"></a><p>Smart Steps 3.0 Activity Walker, Emily</p><p> -20% 0FF </p><p>$39.98</p><a href="https://www.amazon.com/dp/B00M2AAYG6?tag=eloabder-20&linkCode=osi&th=1&psc=1">View Product</a></div><div class="product"><a href="https://www.amazon.com/dp/B0C4PB4QN3?tag=eloabder-20&linkCode=osi&th=1&psc=1"><img src="https://m.media-amazon.com/images/I/41a0CSHVcBL._SL500_.jpg" alt="Product Image"></a><p>Wismind Baby Walker Foldable with 9 Adjustable Heights, Baby Walkers and Activity Center for Boys Girls Babies 7-18 Months, Baby Walker with Wheels Portable</p><p> -30% 0FF </p><p>$69.99</p><a href="https://www.amazon.com/dp/B0C4PB4QN3?tag=eloabder-20&linkCode=osi&th=1&psc=1">View Product</a></div><div class="product"><a href="https://www.amazon.com/dp/B074ZDNJBD?tag=eloabder-20&linkCode=osi&th=1&psc=1"><img src="https://m.media-amazon.com/images/I/41WJhym-67L._SL500_.jpg" alt="Product Image"></a><p>Fisher-Price Baby Toy Laugh & Learn Smart Stages Learn with Puppy Walker with Music Lights & Activities for Infants Ages 6+ Months</p><p> -20% 0FF </p><p>$19.97</p><a href="https://www.amazon.com/dp/B074ZDNJBD?tag=eloabder-20&linkCode=osi&th=1&psc=1">View Product</a></div><div class="product"><a href="https://www.amazon.com/dp/B0CPP7HFVY?tag=eloabder-20&linkCode=osi&th=1&psc=1"><img src="https://m.media-amazon.com/images/I/51L9TuZYYDL._SL500_.jpg" alt="Product Image"></a><p>Tiny Land Wooden Baby Walker, Baby Push Walker, Montessori Walker Toy, Adjustable Speed Baby Walker for Boys and Girls, Baby Activity Center, Push Toys for Kids Development</p><p> -6% 0FF </p><p>$79.99</p><a href="https://www.amazon.com/dp/B0CPP7HFVY?tag=eloabder-20&linkCode=osi&th=1&psc=1">View Product</a></div><div class="product"><a href="https://www.amazon.com/dp/B09QNK7BD9?tag=eloabder-20&linkCode=osi&th=1&psc=1"><img src="https://m.media-amazon.com/images/I/417kGxszQCL._SL500_.jpg" alt="Product Image"></a><p>Bright Starts Disney Baby Minnie Mouse Forever Besties 2-in-1 Baby Activity Walker - Easy Fold Frame and Removable -Toy Station, 6 Months and up</p><p> -17% 0FF </p><p>$49.98</p><a href="https://www.amazon.com/dp/B09QNK7BD9?tag=eloabder-20&linkCode=osi&th=1&psc=1">View Product</a></div>
<div class="product"><a href="https://www.amazon.com/dp/B078XYF78X?tag=eloabder-20&linkCode=osi&th=1&psc=1"><img src="https://m.media-amazon.com/images/I/41cDmYF13wL._SL500_.jpg" alt="Product Image"></a><p>Huggies Simply Clean Fragrance-Free Baby Wipes, Unscented Diaper Wipes, 1 Flip-Top Pack (64 Wipes Total)</p><p> -21% 0FF </p><p>$2.17 ($3.39 / 100 Count)</p><a href="https://www.amazon.com/dp/B078XYF78X?tag=eloabder-20&linkCode=osi&th=1&psc=1">View Product</a></div><div class="product"><a href="https://www.amazon.com/dp/B08QRT84WJ?tag=eloabder-20&linkCode=osi&th=1&psc=1"><img src="https://m.media-amazon.com/images/I/51vfRHDV3QL._SL500_.jpg" alt="Product Image"></a><p>Huggies Natural Care Sensitive Baby Wipes, Unscented, Hypoallergenic, 6 Flip-Top Packs (288 Wipes Total)</p><p> -15% 0FF </p><p>$11.33 ($3.93 / 100 Count)</p><a href="https://www.amazon.com/dp/B08QRT84WJ?tag=eloabder-20&linkCode=osi&th=1&psc=1">View Product</a></div><div class="product"><a href="https://www.amazon.com/dp/B0CNSCVGPH?tag=eloabder-20&linkCode=osi&th=1&psc=1"><img src="https://m.media-amazon.com/images/I/51oFmARUYLL._SL500_.jpg" alt="Product Image"></a><p>Huggies Simply Clean Fresh Scent Baby Wipes, 3 Flip-Top Packs of 64 (192 Wipes Total)</p><p> -13% 0FF </p><p>$6.77 ($3.53 / 100 Count)</p><a href="https://www.amazon.com/dp/B0CNSCVGPH?tag=eloabder-20&linkCode=osi&th=1&psc=1">View Product</a></div><div class="product"><a href="https://www.amazon.com/dp/B07KGL6L56?tag=eloabder-20&linkCode=osi&th=1&psc=1"><img src="https://m.media-amazon.com/images/I/41mNPe9fqbL._SL500_.jpg" alt="Product Image"></a><p>Pampers Baby Clean Wipes, Baby Fresh Scented Baby Wipes, 72 Baby Wipes Total (1 Flip-Top Pack)</p><p> -27% 0FF </p><p>$2.49 ($3.46 / 100 Count)</p><a href="https://www.amazon.com/dp/B07KGL6L56?tag=eloabder-20&linkCode=osi&th=1&psc=1">View Product</a></div><div class="product"><a href="https://www.amazon.com/dp/B07XMFVN95?tag=eloabder-20&linkCode=osi&th=1&psc=1"><img src="https://m.media-amazon.com/images/I/51-VIf1JGuL._SL500_.jpg" alt="Product Image"></a><p>Amazon Brand - Mama Bear Gentle Fragrance Free Baby Wipes, Hypoallergenic, Sensitive Skin, Unscented, 800 Count (8 Packs of 100)</p><p> -11% 0FF </p><p>$20.59</p><a href="https://www.amazon.com/dp/B07XMFVN95?tag=eloabder-20&linkCode=osi&th=1&psc=1">View Product</a></div>
<div class="product"><a href="https://www.amazon.com/dp/B082PSKBXV?tag=eloabder-20&linkCode=osi&th=1&psc=1"><img src="https://m.media-amazon.com/images/I/41e-U+REwlL._SL500_.jpg" alt="Product Image"></a><p>Baby Wrap Carrier Jeroray Hands Free Infant Carrier,Lightweight,Breathable,Softness,Heather Grey</p><p> -11% 0FF </p><p>$19.59</p><a href="https://www.amazon.com/dp/B082PSKBXV?tag=eloabder-20&linkCode=osi&th=1&psc=1">View Product</a></div>
<div class="product"><a href="https://www.amazon.com/dp/B0771L5HN5?tag=eloabder-20&linkCode=osi&th=1&psc=1"><img src="https://m.media-amazon.com/images/I/51pAl1My4tL._SL500_.jpg" alt="Product Image"></a><p>Corner Protector for Baby, Protectors Guards, Furniture Corner Guard & Edge Safety Bumpers - Baby Proof Bumper Cushion - Clear & Transparent (12 Pack)</p><p> -11% 0FF </p><p>$7.98 ($0.66 / Count)</p><a href="https://www.amazon.com/dp/B0771L5HN5?tag=eloabder-20&linkCode=osi&th=1&psc=1">View Product</a></div><div class="product"><a href="https://www.amazon.com/dp/B07CNS8W5Y?tag=eloabder-20&linkCode=osi&th=1&psc=1"><img src="https://m.media-amazon.com/images/I/41Hxr+wFkkL._SL500_.jpg" alt="Product Image"></a><p>12 Pack Corner Guards Corner Protectors Baby Proof Furniture Corner & Edge Safety Bumpers, Table Corner Protector for Furniture Corner Covers Baby Safety</p><p> -17% 0FF </p><p>$4.99</p><a href="https://www.amazon.com/dp/B07CNS8W5Y?tag=eloabder-20&linkCode=osi&th=1&psc=1">View Product</a></div>
<div class="product"><a href="https://www.amazon.com/dp/B0BDFB3LW6?tag=eloabder-20&linkCode=osi&th=1&psc=1"><img src="https://m.media-amazon.com/images/I/31HyDb7637L._SL500_.jpg" alt="Product Image"></a><p>Baby Proofing Cabinets,Cabinet Locks for Babies,U-Shaped Child Locks for Cabinets, Child Proof Cabinet Latches,Child Safety Cabinet Locks with Adjustable by SPISPI (Pack of 2)</p><p> -30% 0FF </p><p>$6.99</p><a href="https://www.amazon.com/dp/B0BDFB3LW6?tag=eloabder-20&linkCode=osi&th=1&psc=1">View Product</a></div><div class="product"><a href="https://www.amazon.com/dp/B07GRNTXJZ?tag=eloabder-20&linkCode=osi&th=1&psc=1"><img src="https://m.media-amazon.com/images/I/41WR7vsRvML._SL500_.jpg" alt="Product Image"></a><p>Upgraded Invisible Baby Proofing Cabinet Latch Locks (10 Pack) - No Drilling or Tools Required for Installation, Works with Most Cabinets and Drawers, Works with Countertop Overhangs, Highly Secure</p><p> -33% 0FF </p><p>$19.99</p><a href="https://www.amazon.com/dp/B07GRNTXJZ?tag=eloabder-20&linkCode=osi&th=1&psc=1">View Product</a></div><div class="product"><a href="https://www.amazon.com/dp/B07TV9QY16?tag=eloabder-20&linkCode=osi&th=1&psc=1"><img src="https://m.media-amazon.com/images/I/31CzUhfEf9S._SL500_.jpg" alt="Product Image"></a><p>Child Safety Cabinet Locks - (10 Pack) Baby Proofing Latches to Drawer Door Fridge Oven Toilet Seat Kitchen Cupboard Appliance Trash Can with 3M Adhesive - Adjustable Strap No Drill No Tool</p><p> -25% 0FF </p><p>$14.99</p><a href="https://www.amazon.com/dp/B07TV9QY16?tag=eloabder-20&linkCode=osi&th=1&psc=1">View Product</a></div><div class="product"><a href="https://www.amazon.com/dp/B0D7W79D9T?tag=eloabder-20&linkCode=osi&th=1&psc=1"><img src="https://m.media-amazon.com/images/I/31awaiU9CVL._SL500_.jpg" alt="Product Image"></a><p>Baby Proofing Cabinets, Sliding Cabinet Locks for Babies, Adjustable U Shaped Baby Safety Locks, Childproof Cabinet Latch for Kitchen, Bathroom, Drawer, Cupboard Doors Knobs & Handles (2Pack White)</p><p> -25% 0FF </p><p>$2.99</p><a href="https://www.amazon.com/dp/B0D7W79D9T?tag=eloabder-20&linkCode=osi&th=1&psc=1">View Product</a></div><div class="product"><a href="https://www.amazon.com/dp/B07K2PWN19?tag=eloabder-20&linkCode=osi&th=1&psc=1"><img src="https://m.media-amazon.com/images/I/41UlC3lEJaS._SL500_.jpg" alt="Product Image"></a><p>Cabinet Locks - Adoric Life Child Safety Locks 4 Pack - Baby Safety Cabinet Locks - Baby Proofing Cabinet Kitchen System with Strong Adhesive Tape</p><p> -46% 0FF </p><p>$6.99</p><a href="https://www.amazon.com/dp/B07K2PWN19?tag=eloabder-20&linkCode=osi&th=1&psc=1">View Product</a></div>
<div class="product"><a href="https://www.amazon.com/dp/B007IUOG5A?tag=eloabder-20&linkCode=osi&th=1&psc=1"><img src="https://m.media-amazon.com/images/I/31+8zGGzplL._SL500_.jpg" alt="Product Image"></a><p>Safety Innovations Twin Door Baby Safety Outlet Cover Box for Babyproofing Outlets - More Interior Space for Extra Large Electrical Plugs and Adapters - Easy to Install - Easy to Use, (1-Pack)</p><p> -33% 0FF </p><p>$9.95</p><a href="https://www.amazon.com/dp/B007IUOG5A?tag=eloabder-20&linkCode=osi&th=1&psc=1">View Product</a></div><div class="product"><a href="https://www.amazon.com/dp/B000HKVG9C?tag=eloabder-20&linkCode=osi&th=1&psc=1"><img src="https://m.media-amazon.com/images/I/41RdFKMVyCL._SL500_.jpg" alt="Product Image"></a><p>Safety 1st Outlet Cover with Cord Shortener for Baby Proofing</p><p> -9% 0FF </p><p>$4.98</p><a href="https://www.amazon.com/dp/B000HKVG9C?tag=eloabder-20&linkCode=osi&th=1&psc=1">View Product</a></div><div class="product"><a href="https://www.amazon.com/dp/B01N7H7J47?tag=eloabder-20&linkCode=osi&th=1&psc=1"><img src="https://m.media-amazon.com/images/I/414dT3xocLL._SL500_.jpg" alt="Product Image"></a><p>Outlet Covers Baby Proofing (50 Pack) Safe & Secure Electric Plug Protectors | Sturdy Childproof Socket Covers for Home & Office | Easy Installation | Protect Toddlers & Babies | White</p><p> -31% 0FF </p><p>$8.99</p><a href="https://www.amazon.com/dp/B01N7H7J47?tag=eloabder-20&linkCode=osi&th=1&psc=1">View Product</a></div>
<div class="product"><a href="https://www.amazon.com/dp/B08SQYKXCH?tag=eloabder-20&linkCode=osi&th=1&psc=1"><img src="https://m.media-amazon.com/images/I/51NMUNJ6CmL._SL500_.jpg" alt="Product Image"></a><p>Baby Proofing Edge Corner Protector, Table Bumper Guard, Soft Rubber Foam Guard, 3M Pre-Taped Corners, 20.5 ft (18.1ft Edge + 8 Corners) Baby Proof Corner Guard Heavy-Duty (18.1ft, Cream White)</p><p> -5% 0FF </p><p>$15.75</p><a href="https://www.amazon.com/dp/B08SQYKXCH?tag=eloabder-20&linkCode=osi&th=1&psc=1">View Product</a></div>
<div class="product"><a href="https://www.amazon.com/dp/B082LN53Y4?tag=eloabder-20&linkCode=osi&th=1&psc=1"><img src="https://m.media-amazon.com/images/I/51MQ1RC2tuL._SL500_.jpg" alt="Product Image"></a><p>Baby Car Mirror Most Stable Backseat Mirror with Premium Matte Finish-Super Clear PMMA Material Mirror-Safe, Secure and Shatterproof,Black</p><p> -53% 0FF </p><p>$7.99</p><a href="https://www.amazon.com/dp/B082LN53Y4?tag=eloabder-20&linkCode=osi&th=1&psc=1">View Product</a></div><div class="product"><a href="https://www.amazon.com/dp/B07MT8HXVC?tag=eloabder-20&linkCode=osi&th=1&psc=1"><img src="https://m.media-amazon.com/images/I/51lvNQUNxjL._SL500_.jpg" alt="Product Image"></a><p>Baby Car Mirror, DARVIQS Seat Safely Monitor Infant Child in Rear Facing Seat, Wide View Shatterproof Adjustable Acrylic 360°for Backseat, Crash Tested and Certified for Safety</p><p> -15% 0FF </p><p>$12.69</p><a href="https://www.amazon.com/dp/B07MT8HXVC?tag=eloabder-20&linkCode=osi&th=1&psc=1">View Product</a></div><div class="product"><a href="https://www.amazon.com/dp/B01K478YBA?tag=eloabder-20&linkCode=osi&th=1&psc=1"><img src="https://m.media-amazon.com/images/I/413tQ4nkWHL._SL500_.jpg" alt="Product Image"></a><p>Shynerk Baby Car Mirror, Rear Facing Car Seat Mirror Safety for Infant Newborn, Baby Mirror with Wide Rearview & 360° Rotation, Shatterproof & Easy Assembled Crash Tested</p><p> -38% 0FF </p><p>$15.99</p><a href="https://www.amazon.com/dp/B01K478YBA?tag=eloabder-20&linkCode=osi&th=1&psc=1">View Product</a></div><div class="product"><a href="https://www.amazon.com/dp/B08FLH1SHC?tag=eloabder-20&linkCode=osi&th=1&psc=1"><img src="https://m.media-amazon.com/images/I/31HQAIIlPlL._SL500_.jpg" alt="Product Image"></a><p>Munchkin® Brica® 360 Pivot Baby in-Sight® Wide Angle Adjustable Car Mirror, Crash Tested and Shatter Resistant, Black</p><p> -11% 0FF </p><p>$20.52</p><a href="https://www.amazon.com/dp/B08FLH1SHC?tag=eloabder-20&linkCode=osi&th=1&psc=1">View Product</a></div><div class="product"><a href="https://www.amazon.com/dp/B0DD43HCBS?tag=eloabder-20&linkCode=osi&th=1&psc=1"><img src="https://m.media-amazon.com/images/I/411RbPJWuRL._SL500_.jpg" alt="Product Image"></a><p>WZBB Baby Car Mirror with Light - Remote Control, 360° Adjustable, Shatter Resistant, Clear Night Vision, Easy Installation for Rear Facing Infants and Toddlers</p><p> -22% 0FF </p><p>$27.98</p><a href="https://www.amazon.com/dp/B0DD43HCBS?tag=eloabder-20&linkCode=osi&th=1&psc=1">View Product</a></div>
<div class="product"><a href="https://www.amazon.com/dp/B000JVCJDQ?tag=eloabder-20&linkCode=osi&th=1&psc=1"><img src="https://m.media-amazon.com/images/I/41o-rEGfj5L._SL500_.jpg" alt="Product Image"></a><p>Earth Mama Organic Diaper Balm | Diaper Cream with Calendula | Calm Skin Baby Essentials for Diaper Bag |Multipurpose Baby Ointment, 2-Fluid Ounce (2-Pack)</p><p> -30% 0FF </p><p>$26.58</p><a href="https://www.amazon.com/dp/B000JVCJDQ?tag=eloabder-20&linkCode=osi&th=1&psc=1">View Product</a></div><div class="product"><a href="https://www.amazon.com/dp/B006YTX0HQ?tag=eloabder-20&linkCode=osi&th=1&psc=1"><img src="https://m.media-amazon.com/images/I/41WJwvRm5aL._SL500_.jpg" alt="Product Image"></a><p>Burt's Bees Christmas Gifts, Baby 100% Natural Multipurpose Healing Ointment, Face & Body Baby Ointment – 7.5 Ounce Tub</p><p> -16% 0FF </p><p>$7.59 ($1.01 / Ounce)</p><a href="https://www.amazon.com/dp/B006YTX0HQ?tag=eloabder-20&linkCode=osi&th=1&psc=1">View Product</a></div><div class="product"><a href="https://www.amazon.com/dp/B01HI7VY84?tag=eloabder-20&linkCode=osi&th=1&psc=1"><img src="https://m.media-amazon.com/images/I/41tnCnueEWL._SL500_.jpg" alt="Product Image"></a><p>Aveeno Baby Eczema Therapy Nighttime Moisturizing Body Balm, Nourishing Skin Protectant Soothes & Relieves Dry, Itchy Skin from Eczema, Hypoallergenic, Fragrance- & Steroid-Free, 11 oz</p><p> -28% 0FF </p><p>$19.37 ($1.76 / Ounce)</p><a href="https://www.amazon.com/dp/B01HI7VY84?tag=eloabder-20&linkCode=osi&th=1&psc=1">View Product</a></div><div class="product"><a href="https://www.amazon.com/dp/B078B9JPLX?tag=eloabder-20&linkCode=osi&th=1&psc=1"><img src="https://m.media-amazon.com/images/I/31V-kg6EG5L._SL500_.jpg" alt="Product Image"></a><p>Earth Mama Organic Baby Face Nose & Cheek Balm | Moisturizer with Calendula Oil for Dry Skin Care, Natural Petroleum Jelly Alternative (2-Fluid Ounce)</p><p> -9% 0FF </p><p>$9.99 ($5.00 / Ounce)</p><a href="https://www.amazon.com/dp/B078B9JPLX?tag=eloabder-20&linkCode=osi&th=1&psc=1">View Product</a></div>
<div class="product"><a href="https://www.amazon.com/dp/B0C6V4KH59?tag=eloabder-20&linkCode=osi&th=1&psc=1"><img src="https://m.media-amazon.com/images/I/41-m52lOZwL._SL500_.jpg" alt="Product Image"></a><p>HALO Baby Flex BassiNest, Adjustable Travel Bassinet, Easy Folding, Lightweight with Mattress and Carrying Bag, Morning Mist</p><p> -50% 0FF </p><p>$49.99</p><a href="https://www.amazon.com/dp/B0C6V4KH59?tag=eloabder-20&linkCode=osi&th=1&psc=1">View Product</a></div><div class="product"><a href="https://www.amazon.com/dp/B0C7VRMHYY?tag=eloabder-20&linkCode=osi&th=1&psc=1"><img src="https://m.media-amazon.com/images/I/41XOT8oQMML._SL500_.jpg" alt="Product Image"></a><p>AirClub Bassinet Bedside Sleeper, Baby Crib for Newborn, Baby Bassinets Bedside Sleeper with 4 Auto-Lock & Adjustable Height, Breathable Mesh & Mattress, Bedside Bassinet</p><p> -25% 0FF </p><p>$149.99</p><a href="https://www.amazon.com/dp/B0C7VRMHYY?tag=eloabder-20&linkCode=osi&th=1&psc=1">View Product</a></div><div class="product"><a href="https://www.amazon.com/dp/B0CB3HVPL7?tag=eloabder-20&linkCode=osi&th=1&psc=1"><img src="https://m.media-amazon.com/images/I/41AO8J-9fZL._SL500_.jpg" alt="Product Image"></a><p>Fodoss Baby Bassinets Bedside Sleeper - All Mesh Bedside Bassinet with Wheels, 7 Height Adjustable Baby Bassinet for Infants, Beige</p><p> -10% 0FF </p><p>$89.99</p><a href="https://www.amazon.com/dp/B0CB3HVPL7?tag=eloabder-20&linkCode=osi&th=1&psc=1">View Product</a></div><div class="product"><a href="https://www.amazon.com/dp/B0CXG8NVBP?tag=eloabder-20&linkCode=osi&th=1&psc=1"><img src="https://m.media-amazon.com/images/I/3173PjIYwrL._SL500_.jpg" alt="Product Image"></a><p>Graco® SmartSense™ Soothing Baby Bassinet – Smart Newborn Bassinet Detects and Automatically Responds to Baby's Cries – for Newborn Babies to 6 Months</p><p> -20% 0FF </p><p>$319.99</p><a href="https://www.amazon.com/dp/B0CXG8NVBP?tag=eloabder-20&linkCode=osi&th=1&psc=1">View Product</a></div><div class="product"><a href="https://www.amazon.com/dp/B08K3314ZL?tag=eloabder-20&linkCode=osi&th=1&psc=1"><img src="https://m.media-amazon.com/images/I/41pUDfJ9dAL._SL500_.jpg" alt="Product Image"></a><p>Graco Pack 'n Play Close2Baby Bassinet Playard Features Portable Bassinet Diaper Changer and More, Derby</p><p> -6% 0FF </p><p>$188.09</p><a href="https://www.amazon.com/dp/B08K3314ZL?tag=eloabder-20&linkCode=osi&th=1&psc=1">View Product</a></div><div class="product"><a href="https://www.amazon.com/dp/B0CTKT6641?tag=eloabder-20&linkCode=osi&th=1&psc=1"><img src="https://m.media-amazon.com/images/I/31pNKDUBgDL._SL500_.jpg" alt="Product Image"></a><p>Baby Delight Beside Me Dreamer Bassinet | Bedside Sleeper & Baby Bassinet | 6-Position Height Adjustment | 100% GOTS Certified Organic Cotton Fabric | Organic Mocha</p><p> -22% 0FF </p><p>$139.99</p><a href="https://www.amazon.com/dp/B0CTKT6641?tag=eloabder-20&linkCode=osi&th=1&psc=1">View Product</a></div><div class="product"><a href="https://www.amazon.com/dp/B09XHKL683?tag=eloabder-20&linkCode=osi&th=1&psc=1"><img src="https://m.media-amazon.com/images/I/611wEYRVaUL._SL500_.jpg" alt="Product Image"></a><p>Baby Bassinet Bedside Sleeper, besrey Bedside Bassinet for Newborn Infant with Comfy Mattress, 9 Height Positions, Adjustable Bedside Crib with 360° Swivel Wheels Bassinet for Baby with Storage Basket</p><p> -27% 0FF </p><p>$153.99</p><a href="https://www.amazon.com/dp/B09XHKL683?tag=eloabder-20&linkCode=osi&th=1&psc=1">View Product</a></div>
<div class="product"><a href="https://www.amazon.com/dp/B08CNM6DZT?tag=eloabder-20&linkCode=osi&th=1&psc=1"><img src="https://m.media-amazon.com/images/I/51D5+ArDsWL._SL500_.jpg" alt="Product Image"></a><p>Comfortable Bath Kneeler and Elbow Kneeling Rest Pad for Baby Bathing Parents - Painless Foam Mat with Toy Organizer Pockets - Quick Drying, Foldable, Non-Slip for Baby and Toddler Bathing</p><p> -20% 0FF </p><p>$41.97</p><a href="https://www.amazon.com/dp/B08CNM6DZT?tag=eloabder-20&linkCode=osi&th=1&psc=1">View Product</a></div><div class="product"><a href="https://www.amazon.com/dp/B07FK58QB1?tag=eloabder-20&linkCode=osi&th=1&psc=1"><img src="https://m.media-amazon.com/images/I/41qpzgGaHVL._SL500_.jpg" alt="Product Image"></a><p>Skip Hop Moby Bath Kneeler, Grey</p><p> -20% 0FF </p><p>$14.39</p><a href="https://www.amazon.com/dp/B07FK58QB1?tag=eloabder-20&linkCode=osi&th=1&psc=1">View Product</a></div><div class="product"><a href="https://www.amazon.com/dp/B081T5449V?tag=eloabder-20&linkCode=osi&th=1&psc=1"><img src="https://m.media-amazon.com/images/I/41bxm5Tx9BL._SL500_.jpg" alt="Product Image"></a><p>Toodly Baby Bath Kneeler and Elbow Rest Pad Set - Baby Bath Support for Knees and Elbows - Bath Kneeler Pad with Memory Foam and Bath Toys Organizer - Ideal Bath Kneeling Pad for Bathing Baby - Grey</p><p> -33% 0FF </p><p>$39.99</p><a href="https://www.amazon.com/dp/B081T5449V?tag=eloabder-20&linkCode=osi&th=1&psc=1">View Product</a></div><div class="product"><a href="https://www.amazon.com/dp/B07K1W7WN5?tag=eloabder-20&linkCode=osi&th=1&psc=1"><img src="https://m.media-amazon.com/images/I/31c0BxxJKZL._SL500_.jpg" alt="Product Image"></a><p>Skip Hop Baby Bath All-in-One Elbow Saver and Kneeler, Moby, Grey</p><p> -22% 0FF </p><p>$29.49</p><a href="https://www.amazon.com/dp/B07K1W7WN5?tag=eloabder-20&linkCode=osi&th=1&psc=1">View Product</a></div><div class="product"><a href="https://www.amazon.com/dp/B0CP48MH77?tag=eloabder-20&linkCode=osi&th=1&psc=1"><img src="https://m.media-amazon.com/images/I/41hoDZTiOEL._SL500_.jpg" alt="Product Image"></a><p>Efforest Baby Bath Kneeler and Elbow Rest Pad Set, 1.5" Thick Kneeling Pad for Baby Bath, Bathtub Kneeling pad with Toy Organizer for Knee & Arm Support, Non-Slip Mat for Baby & Toddler Bath</p><p> -50% 0FF </p><p>$17.48</p><a href="https://www.amazon.com/dp/B0CP48MH77?tag=eloabder-20&linkCode=osi&th=1&psc=1">View Product</a></div><div class="product"><a href="https://www.amazon.com/dp/B07WQTV19X?tag=eloabder-20&linkCode=osi&th=1&psc=1"><img src="https://m.media-amazon.com/images/I/41KGpUoWZ-S._SL500_.jpg" alt="Product Image"></a><p>Bath Kneeler and Elbow Rest Pad, 1.75 inch Extra Thick Baby Bath Kneeling Pad and Elbow Pad for Bathtub. Bath Tub Elbow Pad with Infant Toy and Baby Accessories Organizer, Grey</p><p> -13% 0FF </p><p>$34.99</p><a href="https://www.amazon.com/dp/B07WQTV19X?tag=eloabder-20&linkCode=osi&th=1&psc=1">View Product</a></div>
<div class="product"><a href="https://www.amazon.com/dp/B00I3K25R0?tag=eloabder-20&linkCode=osi&th=1&psc=1"><img src="https://m.media-amazon.com/images/I/41wucHZw+xL._SL500_.jpg" alt="Product Image"></a><p>Munchkin® Float & Play Bubbles™ Baby and Toddler Bath Toy, 4 Count</p><p> -35% 0FF </p><p>$6.15</p><a href="https://www.amazon.com/dp/B00I3K25R0?tag=eloabder-20&linkCode=osi&th=1&psc=1">View Product</a></div><div class="product"><a href="https://www.amazon.com/dp/B0C3VFVWYB?tag=eloabder-20&linkCode=osi&th=1&psc=1"><img src="https://m.media-amazon.com/images/I/41Cr35zwy4L._SL500_.jpg" alt="Product Image"></a><p>XY-WQ Bath Toys No Hole, for Infants 6-12& Toddlers 1-3, No Hole Bathtub Toys (Animal Ⅱ, 8 Pcs with Mesh Bag)</p><p> -25% 0FF </p><p>$11.99</p><a href="https://www.amazon.com/dp/B0C3VFVWYB?tag=eloabder-20&linkCode=osi&th=1&psc=1">View Product</a></div><div class="product"><a href="https://www.amazon.com/dp/B0D95ZDWD3?tag=eloabder-20&linkCode=osi&th=1&psc=1"><img src="https://m.media-amazon.com/images/I/51J3Myxu1lL._SL500_.jpg" alt="Product Image"></a><p>candyfouse Baby Whale Bath Toys,Whale Bath Toy Sprinkler, Light Up Bath Toys for Toddlers 1-3, Four Water Spray Patterns, Waterproof Design, Bathtub Fountain Spray Toy, Baby Birthday Shower Gifts</p><p> -40% 0FF </p><p>$5.99</p><a href="https://www.amazon.com/dp/B0D95ZDWD3?tag=eloabder-20&linkCode=osi&th=1&psc=1">View Product</a></div><div class="product"><a href="https://www.amazon.com/dp/B07Z22YMPN?tag=eloabder-20&linkCode=osi&th=1&psc=1"><img src="https://m.media-amazon.com/images/I/5101dLkJnoL._SL500_.jpg" alt="Product Image"></a><p>Toy Boat Bath Toys for Toddlers with 4 Mini Car Toys and 4 Bath Boat Squirters, Kids Ferry Boat for Bathtub Bathroom Pool Beach Toys</p><p> -50% 0FF </p><p>$13.47</p><a href="https://www.amazon.com/dp/B07Z22YMPN?tag=eloabder-20&linkCode=osi&th=1&psc=1">View Product</a></div><div class="product"><a href="https://www.amazon.com/dp/B0C72TGNHL?tag=eloabder-20&linkCode=osi&th=1&psc=1"><img src="https://m.media-amazon.com/images/I/51AOyTHwqrL._SL500_.jpg" alt="Product Image"></a><p>SplashEZ Mold Free Bath Toys for Babies & Toddlers, Car No Hole Bath Toys, Non Squirting Bath Toys No Mold for Tub, Beach, Pool, BPA-Free, Safe, Fun Infant Baby Bath Toys No Holes 0 1 3 6 12 18 Months</p><p> -38% 0FF </p><p>$9.99</p><a href="https://www.amazon.com/dp/B0C72TGNHL?tag=eloabder-20&linkCode=osi&th=1&psc=1">View Product</a></div>
<div class="product"><a href="https://www.amazon.com/dp/B078941ZC8?tag=eloabder-20&linkCode=osi&th=1&psc=1"><img src="https://m.media-amazon.com/images/I/31ltY+yutGL._SL500_.jpg" alt="Product Image"></a><p>Summer by Ingenuity My Bath Seat for Sit-Up Baby Bathing, Sure & Secure Suction Cups, ASTM Safety Tested & Approved, Backrest for Assisted Sitting, Easy Setup & Storage, Aqua</p><p> -34% 0FF </p><p>$23.16</p><a href="https://www.amazon.com/dp/B078941ZC8?tag=eloabder-20&linkCode=osi&th=1&psc=1">View Product</a></div><div class="product"><a href="https://www.amazon.com/dp/B0DCZ4F9MT?tag=eloabder-20&linkCode=osi&th=1&psc=1"><img src="https://m.media-amazon.com/images/I/31BF+egPyoL._SL500_.jpg" alt="Product Image"></a><p>Baby Bath Seat for Babies 6 Months & Up, Bath Seats for Babies Sitting Up, 3 Baby Bath Toys, Open Design, Non-Slip, Compact Toddler Bath Seat.</p><p> -6% 0FF </p><p>$39.99</p><a href="https://www.amazon.com/dp/B0DCZ4F9MT?tag=eloabder-20&linkCode=osi&th=1&psc=1">View Product</a></div><div class="product"><a href="https://www.amazon.com/dp/B0CSCYM2NW?tag=eloabder-20&linkCode=osi&th=1&psc=1"><img src="https://m.media-amazon.com/images/I/31Vbrx5q63L._SL500_.jpg" alt="Product Image"></a><p>Trankerloop Baby Bath Seat, Bath Seat for Baby 6 Month & up, Baby Bath tub Seat with Suction Cups, Non-Slip, Detachable, Pink</p><p> -11% 0FF </p><p>$39.99</p><a href="https://www.amazon.com/dp/B0CSCYM2NW?tag=eloabder-20&linkCode=osi&th=1&psc=1">View Product</a></div><div class="product"><a href="https://www.amazon.com/dp/B0CJF7WSCV?tag=eloabder-20&linkCode=osi&th=1&psc=1"><img src="https://m.media-amazon.com/images/I/41r0TqNTb+L._SL500_.jpg" alt="Product Image"></a><p>BKFEDLU Infant Bath Seat with Thermometer, Suction Cups, Toys - Toddler Bath Chair for Babies 6 Months & Up</p><p> -50% 0FF </p><p>$19.99</p><a href="https://www.amazon.com/dp/B0CJF7WSCV?tag=eloabder-20&linkCode=osi&th=1&psc=1">View Product</a></div><div class="product"><a href="https://www.amazon.com/dp/B0CRYFHT1G?tag=eloabder-20&linkCode=osi&th=1&psc=1"><img src="https://m.media-amazon.com/images/I/41nKT+O2y1L._SL500_.jpg" alt="Product Image"></a><p>Baby Bath Seat LDIIDII Baby Bathtub Seat Infant Bath Seat for Babies 6 Months&Up Sit Up Bathing in Tub,Toddler Bath Seat with Water Thermometer/4 Strong Suction Cup/3 Bath Toys/Shower Cap (Grey)</p><p> -50% 0FF </p><p>$19.99</p><a href="https://www.amazon.com/dp/B0CRYFHT1G?tag=eloabder-20&linkCode=osi&th=1&psc=1">View Product</a></div><div class="product"><a href="https://www.amazon.com/dp/B0D9VMXND1?tag=eloabder-20&linkCode=osi&th=1&psc=1"><img src="https://m.media-amazon.com/images/I/41UIJrNYB2L._SL500_.jpg" alt="Product Image"></a><p>Baby Bath Seat for Babies 6 Months & Up, Non-Slip Toddler Bath Seat for Baby Sitting Up, Safe Baby Bath tub Seat with Suction Cups, Soft Cushion, Baby Bath Chair, Gray</p><p> -13% 0FF </p><p>$39.99</p><a href="https://www.amazon.com/dp/B0D9VMXND1?tag=eloabder-20&linkCode=osi&th=1&psc=1">View Product</a></div><div class="product"><a href="https://www.amazon.com/dp/B0CR78TDQS?tag=eloabder-20&linkCode=osi&th=1&psc=1"><img src="https://m.media-amazon.com/images/I/41nFTXKoQGL._SL500_.jpg" alt="Product Image"></a><p>Wddbb Baby Bath Seat, Bath seat for Babies 6 Months & up, with Thermometer Bath Seats for Babies Sitting up, Non-Slip Toddler Bath Seat for Baby,Baby Bathtub Baby Bath Seats 6-24 Months (Gray)</p><p> -50% 0FF </p><p>$19.98</p><a href="https://www.amazon.com/dp/B0CR78TDQS?tag=eloabder-20&linkCode=osi&th=1&psc=1">View Product</a></div>
<div class="product"><a href="https://www.amazon.com/dp/B073GGVN3Q?tag=eloabder-20&linkCode=osi&th=1&psc=1"><img src="https://m.media-amazon.com/images/I/31vxBAs9CqL._SL500_.jpg" alt="Product Image"></a><p>b&h Baby Thermometer, The Infant Baby Bath Floating Toy Safety Temperature Water Thermometer (Classic Duck)</p><p> -6% 0FF </p><p>$15.99</p><a href="https://www.amazon.com/dp/B073GGVN3Q?tag=eloabder-20&linkCode=osi&th=1&psc=1">View Product</a></div><div class="product"><a href="https://www.amazon.com/dp/B0CBVTGRW2?tag=eloabder-20&linkCode=osi&th=1&psc=1"><img src="https://m.media-amazon.com/images/I/415ogBhdwML._SL500_.jpg" alt="Product Image"></a><p>Nuby Bath and Room Digital Thermometer - Baby Thermometer for Safe and Cozy Bath and Room Temperatures - Penguin</p><p> -20% 0FF </p><p>$11.99</p><a href="https://www.amazon.com/dp/B0CBVTGRW2?tag=eloabder-20&linkCode=osi&th=1&psc=1">View Product</a></div><div class="product"><a href="https://www.amazon.com/dp/B08HWBT9YD?tag=eloabder-20&linkCode=osi&th=1&psc=1"><img src="https://m.media-amazon.com/images/I/31SEPnY30NL._SL500_.jpg" alt="Product Image"></a><p>Doli Yearning Upgrade Baby Bath Thermometer Room Temperature| Water Thermometer|Kids' Bathroom Safety Products| Baby Bath(Seal Shape)℃/℉, LCD</p><p> -28% 0FF </p><p>$12.99</p><a href="https://www.amazon.com/dp/B08HWBT9YD?tag=eloabder-20&linkCode=osi&th=1&psc=1">View Product</a></div><div class="product"><a href="https://www.amazon.com/dp/B0CNCVSKWJ?tag=eloabder-20&linkCode=osi&th=1&psc=1"><img src="https://m.media-amazon.com/images/I/413jcI7ZoZL._SL500_.jpg" alt="Product Image"></a><p>Baby Bath Thermometer, Digital Water Temperature Thermometer with 3 Color Backlit and Temperature Warning, Safety Bath Tube Thermometer Floating Toy for Infant, Toddler</p><p> -7% 0FF </p><p>$12.99</p><a href="https://www.amazon.com/dp/B0CNCVSKWJ?tag=eloabder-20&linkCode=osi&th=1&psc=1">View Product</a></div><div class="product"><a href="https://www.amazon.com/dp/B01MY98912?tag=eloabder-20&linkCode=osi&th=1&psc=1"><img src="https://m.media-amazon.com/images/I/41HQEQLxeCL._SL500_.jpg" alt="Product Image"></a><p>Bath Thermometer - Bath Water Thermometer for Bathtub Baby Safety Water Temperature for Baby Bath - Easy to Use Bath Temperature Thermometer</p><p> -12% 0FF </p><p>$5.25</p><a href="https://www.amazon.com/dp/B01MY98912?tag=eloabder-20&linkCode=osi&th=1&psc=1">View Product</a></div><div class="product"><a href="https://www.amazon.com/dp/B0CYLVX1ZJ?tag=eloabder-20&linkCode=osi&th=1&psc=1"><img src="https://m.media-amazon.com/images/I/41xhSGYiopL._SL500_.jpg" alt="Product Image"></a><p>Pircaath Baby Bath Thermometer & Swimming Turtle Floating Bath Toys, BPA-Free Bath Thermometer Baby Safety, Backlit Display Bathtub Thermometer Baby Water Thermometer, Bath Temperature Toy for Infant</p><p> -17% 0FF </p><p>$9.99</p><a href="https://www.amazon.com/dp/B0CYLVX1ZJ?tag=eloabder-20&linkCode=osi&th=1&psc=1">View Product</a></div><div class="product"><a href="https://www.amazon.com/dp/B07GC7H86T?tag=eloabder-20&linkCode=osi&th=1&psc=1"><img src="https://m.media-amazon.com/images/I/414jIzev-VL._SL500_.jpg" alt="Product Image"></a><p>Baby Bath Thermometer with Room Thermometer - Famidoc FDTH-V0-22 New Upgraded Sensor Technology for Baby Health Bath Tub Thermometer Floating Toy Thermometer (Blue)</p><p> -12% 0FF </p><p>$14.99</p><a href="https://www.amazon.com/dp/B07GC7H86T?tag=eloabder-20&linkCode=osi&th=1&psc=1">View Product</a></div>
<div class="product"><a href="https://www.amazon.com/dp/B00G0KPLZI?tag=eloabder-20&linkCode=osi&th=1&psc=1"><img src="https://m.media-amazon.com/images/I/41X53ExW5-S._SL500_.jpg" alt="Product Image"></a><p>Spasilk Hooded Terry Bathrobe with Booties, Blue Plane, One Size</p><p> -14% 0FF </p><p>$11.99</p><a href="https://www.amazon.com/dp/B00G0KPLZI?tag=eloabder-20&linkCode=osi&th=1&psc=1">View Product</a></div><div class="product"><a href="https://www.amazon.com/dp/B09N7BB9Y6?tag=eloabder-20&linkCode=osi&th=1&psc=1"><img src="https://m.media-amazon.com/images/I/41iGc7gTxlL._SL500_.jpg" alt="Product Image"></a><p>ROMASA Baby Bath Towel Ultra Soft Hooded Towel Highly Absorbent Bathrobe Blanket Toddlers Shower Gifts for Boys Girls- 27.5" x 55" (Yellow)</p><p> -20% 0FF </p><p>$14.39 ($1.27 / Ounce)</p><a href="https://www.amazon.com/dp/B09N7BB9Y6?tag=eloabder-20&linkCode=osi&th=1&psc=1">View Product</a></div>
<div class="product"><a href="https://www.amazon.com/dp/B0C9Q8MXWW?tag=eloabder-20&linkCode=osi&th=1&psc=1"><img src="https://m.media-amazon.com/images/I/31aI3dosJJL._SL500_.jpg" alt="Product Image"></a><p>Baby Bathtub Faucet Cover, Bath Faucet Cover for Kids, Baby Bath Spout Cover, Soft Silicone Bathtub Faucet Safety Toys, Cute Whale, Universal Fit, Make Your Baby's Bath Time Fun and Love It</p><p> -46% 0FF </p><p>$6.99</p><a href="https://www.amazon.com/dp/B0C9Q8MXWW?tag=eloabder-20&linkCode=osi&th=1&psc=1">View Product</a></div><div class="product"><a href="https://www.amazon.com/dp/B07D98DLDV?tag=eloabder-20&linkCode=osi&th=1&psc=1"><img src="https://m.media-amazon.com/images/I/21f3AzvkYLL._SL500_.jpg" alt="Product Image"></a><p>Skip Hop Baby Bath Spout Cover, Universal Fit, Moby, Grey</p><p> -7% 0FF </p><p>$12.99</p><a href="https://www.amazon.com/dp/B07D98DLDV?tag=eloabder-20&linkCode=osi&th=1&psc=1">View Product</a></div><div class="product"><a href="https://www.amazon.com/dp/B0CSYJQ9D6?tag=eloabder-20&linkCode=osi&th=1&psc=1"><img src="https://m.media-amazon.com/images/I/314iWaEh9xL._SL500_.jpg" alt="Product Image"></a><p>Baby Bathtub Faucet Cover, Baby Safety Protection Silicone Toys, Bath Spout Cover Baby Bathtub, Faucet Cover Baby Bathtub Silicone Whale for Kids, Toddler, Infant, Grey Whale</p><p> -20% 0FF </p><p>$7.99</p><a href="https://www.amazon.com/dp/B0CSYJQ9D6?tag=eloabder-20&linkCode=osi&th=1&psc=1">View Product</a></div>
<div class="product"><a href="https://www.amazon.com/dp/B0070WGV9K?tag=eloabder-20&linkCode=osi&th=1&psc=1"><img src="https://m.media-amazon.com/images/I/41pqg6p2q0L._SL500_.jpg" alt="Product Image"></a><p>Regalo Swing Down Bed Rail Guard, with Reinforced Anchor Safety System</p><p> -8% 0FF </p><p>$23.99</p><a href="https://www.amazon.com/dp/B0070WGV9K?tag=eloabder-20&linkCode=osi&th=1&psc=1">View Product</a></div><div class="product"><a href="https://www.amazon.com/dp/B0CWS2NZ3K?tag=eloabder-20&linkCode=osi&th=1&psc=1"><img src="https://m.media-amazon.com/images/I/41OVQSq+N9L._SL500_.jpg" alt="Product Image"></a><p>NUTIKAS Baby Bed Rail Guard for Toddlers - 47" Toddler Bed Side Rails for Twin, Full, Queen Bunk Size Bed Swing Down Bedrail Extral Tall Child Safety Side Railing Guards for Kids</p><p> -27% 0FF </p><p>$35.98</p><a href="https://www.amazon.com/dp/B0CWS2NZ3K?tag=eloabder-20&linkCode=osi&th=1&psc=1">View Product</a></div><div class="product"><a href="https://www.amazon.com/dp/B00MTJWT68?tag=eloabder-20&linkCode=osi&th=1&psc=1"><img src="https://m.media-amazon.com/images/I/21FdaFkL+tL._SL500_.jpg" alt="Product Image"></a><p>Dream On Me Lightweight Mesh Security Adjustable Bed Rail for Toddler, Breathable Mesh Fabric, Suitable for All Types Of Beds, Reinforced Anchor System Bed Guard Rail, White</p><p> -50% 0FF </p><p>$19.98</p><a href="https://www.amazon.com/dp/B00MTJWT68?tag=eloabder-20&linkCode=osi&th=1&psc=1">View Product</a></div><div class="product"><a href="https://www.amazon.com/dp/B07JJP7S3Q?tag=eloabder-20&linkCode=osi&th=1&psc=1"><img src="https://m.media-amazon.com/images/I/41Rn7Sf-wLL._SL500_.jpg" alt="Product Image"></a><p>BANBALOO | Bed Bumper for Toddlers 53" | Bed Rails for Queen, King, Twin, Full-Size Bed | Toddler Bed Bumper | Bumpers for Bed | Bed Rail for Toddlers | Bed Barrier for Toddler | Foam Bumper</p><p> -23% 0FF </p><p>$26.99</p><a href="https://www.amazon.com/dp/B07JJP7S3Q?tag=eloabder-20&linkCode=osi&th=1&psc=1">View Product</a></div>
<div class="product"><a href="https://www.amazon.com/dp/B07SPT3D3J?tag=eloabder-20&linkCode=osi&th=1&psc=1"><img src="https://m.media-amazon.com/images/I/517zG-7ToEL._SL500_.jpg" alt="Product Image"></a><p>Teddy Soft Baby Book Activity Quiet Cloth Books Developmental Toys,Interactive Baby Books for Babies Toddlers Infants kids,Baby Boy Girls Machine Washable Toys Fabric Soft Book Goodnight Gift Box</p><p> -5% 0FF </p><p>$17.95</p><a href="https://www.amazon.com/dp/B07SPT3D3J?tag=eloabder-20&linkCode=osi&th=1&psc=1">View Product</a></div>
<div class="product"><a href="https://www.amazon.com/dp/B00JFTFPHK?tag=eloabder-20&linkCode=osi&th=1&psc=1"><img src="https://m.media-amazon.com/images/I/51O+qRW-KEL._SL500_.jpg" alt="Product Image"></a><p>25pcs 1" Pacifier Suspender Clips, Marrywindix Pacifier Clips for Making Pacifier Holders Bib Clips Toy Holder Silver</p><p> -33% 0FF </p><p>$5.99</p><a href="https://www.amazon.com/dp/B00JFTFPHK?tag=eloabder-20&linkCode=osi&th=1&psc=1">View Product</a></div><div class="product"><a href="https://www.amazon.com/dp/B00W94QLX0?tag=eloabder-20&linkCode=osi&th=1&psc=1"><img src="https://m.media-amazon.com/images/I/51O+qRW-KEL._SL500_.jpg" alt="Product Image"></a><p>50pcs 1" Pacifier Suspender Clips, Marrywindix Pacifier Clips for Making Pacifier Holders Bib Clips Toy Holder Silver</p><p> -40% 0FF </p><p>$8.99</p><a href="https://www.amazon.com/dp/B00W94QLX0?tag=eloabder-20&linkCode=osi&th=1&psc=1">View Product</a></div>
<div class="product"><a href="https://www.amazon.com/dp/B08G4SDDQC?tag=eloabder-20&linkCode=osi&th=1&psc=1"><img src="https://m.media-amazon.com/images/I/41HQSFX14bL._SL500_.jpg" alt="Product Image"></a><p>8-Pack Organic Baby Bandana Drool Bibs for Girls - Super Absorbent Baby Bibs for Baby Girls, Baby Boys, Soft Cotton Bandana Bibs, Baby Drool Bib, Teething Bibs for Infant, Toddler(Muted Pastel)</p><p> -26% 0FF </p><p>$16.96</p><a href="https://www.amazon.com/dp/B08G4SDDQC?tag=eloabder-20&linkCode=osi&th=1&psc=1">View Product</a></div>
<div class="product"><a href="https://www.amazon.com/dp/B08NNDN5GF?tag=eloabder-20&linkCode=osi&th=1&psc=1"><img src="https://m.media-amazon.com/images/I/41ocef4uVmL._SL500_.jpg" alt="Product Image"></a><p>Hudson Baby Unisex Baby Plush Sleeping Bag, Sack, Blanket, Gray Clouds, 18-24 Months</p><p> -37% 0FF </p><p>$10.08</p><a href="https://www.amazon.com/dp/B08NNDN5GF?tag=eloabder-20&linkCode=osi&th=1&psc=1">View Product</a></div><div class="product"><a href="https://www.amazon.com/dp/B0CQMHYCMX?tag=eloabder-20&linkCode=osi&th=1&psc=1"><img src="https://m.media-amazon.com/images/I/41vq0RvJ3yL._SL500_.jpg" alt="Product Image"></a><p>Gerber Baby Girls Flame Resistant Fleece Footed Pajamas 2-Pack, Purple Rainbows</p><p> -6% 0FF </p><p>$16.98</p><a href="https://www.amazon.com/dp/B0CQMHYCMX?tag=eloabder-20&linkCode=osi&th=1&psc=1">View Product</a></div>
<div class="product"><a href="https://www.amazon.com/dp/B0BDRKG478?tag=eloabder-20&linkCode=osi&th=1&psc=1"><img src="https://m.media-amazon.com/images/I/31LBn9SzD9L._SL500_.jpg" alt="Product Image"></a><p>Graco TurboBooster 2.0 Backless Booster Car Seat, Denton</p><p> -29% 0FF </p><p>$20.49</p><a href="https://www.amazon.com/dp/B0BDRKG478?tag=eloabder-20&linkCode=osi&th=1&psc=1">View Product</a></div><div class="product"><a href="https://www.amazon.com/dp/B07C2RNRCJ?tag=eloabder-20&linkCode=osi&th=1&psc=1"><img src="https://m.media-amazon.com/images/I/31CuULOPD4L._SL500_.jpg" alt="Product Image"></a><p>Graco Tranzitions 3 in 1 Harness Booster Seat</p><p> -21% 0FF </p><p>$94.49</p><a href="https://www.amazon.com/dp/B07C2RNRCJ?tag=eloabder-20&linkCode=osi&th=1&psc=1">View Product</a></div>
<div class="product"><a href="https://www.amazon.com/dp/B09H6Y14KH?tag=eloabder-20&linkCode=osi&th=1&psc=1"><img src="https://m.media-amazon.com/images/I/410cJD5cOBL._SL500_.jpg" alt="Product Image"></a><p>Mancro Breastmilk Cooler Bag with Ice Pack, Fits 6 Baby Bottles Up to 9 Ounce Insulated Bottle Bag, Breast Milk on The go Strap, for Nursing Mom Daycare, Black</p><p> -6% 0FF </p><p>$16.99</p><a href="https://www.amazon.com/dp/B09H6Y14KH?tag=eloabder-20&linkCode=osi&th=1&psc=1">View Product</a></div>
<div class="product"><a href="https://www.amazon.com/dp/B006SFUCV8?tag=eloabder-20&linkCode=osi&th=1&psc=1"><img src="https://m.media-amazon.com/images/I/31Uu2+3+7RL._SL500_.jpg" alt="Product Image"></a><p>Munchkin® High Capacity Drying Rack for Baby Bottles and Accessories, White</p><p> -6% 0FF </p><p>$13.75</p><a href="https://www.amazon.com/dp/B006SFUCV8?tag=eloabder-20&linkCode=osi&th=1&psc=1">View Product</a></div><div class="product"><a href="https://www.amazon.com/dp/B0CHJS27KB?tag=eloabder-20&linkCode=osi&th=1&psc=1"><img src="https://m.media-amazon.com/images/I/51CDxHsKEAL._SL500_.jpg" alt="Product Image"></a><p>Termichy Baby Bottle Drying Rack: Large Vertical Bottle Dryer Rack Holder - Space Saving Standing Drying Rack for Baby Bottles and Pump Part Cleaning (Gray)</p><p> -7% 0FF </p><p>$26.99</p><a href="https://www.amazon.com/dp/B0CHJS27KB?tag=eloabder-20&linkCode=osi&th=1&psc=1">View Product</a></div><div class="product"><a href="https://www.amazon.com/dp/B00RQ83N76?tag=eloabder-20&linkCode=osi&th=1&psc=1"><img src="https://m.media-amazon.com/images/I/31bE-Iv6B6L._SL500_.jpg" alt="Product Image"></a><p>Munchkin Fold Baby Bottle Drying Rack - Compact Design Folds Flat for Easy Storage, White/Grey</p><p> -8% 0FF </p><p>$7.76</p><a href="https://www.amazon.com/dp/B00RQ83N76?tag=eloabder-20&linkCode=osi&th=1&psc=1">View Product</a></div><div class="product"><a href="https://www.amazon.com/dp/B00HNVWGNS?tag=eloabder-20&linkCode=osi&th=1&psc=1"><img src="https://m.media-amazon.com/images/I/41oD0n0VKWL._SL500_.jpg" alt="Product Image"></a><p>Dr. Brown's Folding Baby Bottle Drying Rack for Easy Storage, Dry Nipples, Pacifiers and Other Baby Essentials, BPA-free</p><p> -34% 0FF </p><p>$11.89</p><a href="https://www.amazon.com/dp/B00HNVWGNS?tag=eloabder-20&linkCode=osi&th=1&psc=1">View Product</a></div><div class="product"><a href="https://www.amazon.com/dp/B0CMRV5CPZ?tag=eloabder-20&linkCode=osi&th=1&psc=1"><img src="https://m.media-amazon.com/images/I/41XhN13vG4L._SL500_.jpg" alt="Product Image"></a><p>Dr. Brown's Drying Tower, Stand-Up Drying Rack, Countertop Baby Bottle Drying with Organized Storage for Baby Essentials, Space Saving Vertical Rack</p><p> -32% 0FF </p><p>$19.98</p><a href="https://www.amazon.com/dp/B0CMRV5CPZ?tag=eloabder-20&linkCode=osi&th=1&psc=1">View Product</a></div>
<div class="product"><a href="https://www.amazon.com/dp/B0876T9DQZ?tag=eloabder-20&linkCode=osi&th=1&psc=1"><img src="https://m.media-amazon.com/images/I/41EvYRi2WLL._SL500_.jpg" alt="Product Image"></a><p>Philips Avent Premium Fast Bottle Warmer, with Smart Temperature Control, Water Bath Technology, Automatic Shut-Off, Model SCF358</p><p> -20% 0FF </p><p>$39.99</p><a href="https://www.amazon.com/dp/B0876T9DQZ?tag=eloabder-20&linkCode=osi&th=1&psc=1">View Product</a></div><div class="product"><a href="https://www.amazon.com/dp/B0D2X9276K?tag=eloabder-20&linkCode=osi&th=1&psc=1"><img src="https://m.media-amazon.com/images/I/31kRB6a3EoL._SL500_.jpg" alt="Product Image"></a><p>WITGER 8-in-1 Baby Bottle Warmer and Sterilizer - Fast Heating, Accurate Temperature Control, BPA-Free, Defrosting, Food Heating, and Constant Temperature Maintenance.</p><p> -14% 0FF </p><p>$29.99</p><a href="https://www.amazon.com/dp/B0D2X9276K?tag=eloabder-20&linkCode=osi&th=1&psc=1">View Product</a></div><div class="product"><a href="https://www.amazon.com/dp/B09XJBQWQZ?tag=eloabder-20&linkCode=osi&th=1&psc=1"><img src="https://m.media-amazon.com/images/I/41rEmiL1MDL._SL500_.jpg" alt="Product Image"></a><p>Dr. Brown’s™ Insta-Feed™ Bottle Warmer and Sterilizer</p><p> -14% 0FF </p><p>$24.99</p><a href="https://www.amazon.com/dp/B09XJBQWQZ?tag=eloabder-20&linkCode=osi&th=1&psc=1">View Product</a></div><div class="product"><a href="https://www.amazon.com/dp/B0B97M3PX2?tag=eloabder-20&linkCode=osi&th=1&psc=1"><img src="https://m.media-amazon.com/images/I/31D1jFeOavL._SL500_.jpg" alt="Product Image"></a><p>Momcozy Bottle Warmer, Fast Bottle Warmers for All Bottles with Timer, Accurate Temperature Control and Automatic Shut-Off, Multifunctional Bottle Warmer for Breastmilk</p><p> -43% 0FF </p><p>$33.99</p><a href="https://www.amazon.com/dp/B0B97M3PX2?tag=eloabder-20&linkCode=osi&th=1&psc=1">View Product</a></div><div class="product"><a href="https://www.amazon.com/dp/B07YJKWTYW?tag=eloabder-20&linkCode=osi&th=1&psc=1"><img src="https://m.media-amazon.com/images/I/31Rfvw7DMyL._SL500_.jpg" alt="Product Image"></a><p>Bottle Warmer, GROWNSY 8-in-1 Fast Baby Milk Warmer with Timer for Breastmilk or Formula, Accurate Temperature Control, with Defrost, Sterili-zing, Keep, Heat Baby Food Jars Function</p><p> -20% 0FF </p><p>$39.99</p><a href="https://www.amazon.com/dp/B07YJKWTYW?tag=eloabder-20&linkCode=osi&th=1&psc=1">View Product</a></div><div class="product"><a href="https://www.amazon.com/dp/B0BY26RDWQ?tag=eloabder-20&linkCode=osi&th=1&psc=1"><img src="https://m.media-amazon.com/images/I/412nEaDc-cL._SL500_.jpg" alt="Product Image"></a><p>Momcozy Nutri Bottle Warmer, 9-in-1 Baby Bottle Warmer with Night Light, Accurate Temperature to Preserve Fullest Nutrients in Breast Milk, Bottle Warmers for All Bottles with Breastmilk or Formula</p><p> -20% 0FF </p><p>$39.99</p><a href="https://www.amazon.com/dp/B0BY26RDWQ?tag=eloabder-20&linkCode=osi&th=1&psc=1">View Product</a></div><div class="product"><a href="https://www.amazon.com/dp/B00005BXKM?tag=eloabder-20&linkCode=osi&th=1&psc=1"><img src="https://m.media-amazon.com/images/I/31nh2NZoUTL._SL500_.jpg" alt="Product Image"></a><p>The First Years Baby Bottle Warmer and Sterilizer - Pacifier and Bottle Nipple Sanitizer - Feeding Baby Essentials for Formula or Breast Milk - Holds Multiple Sizes</p><p> -10% 0FF </p><p>$19.75</p><a href="https://www.amazon.com/dp/B00005BXKM?tag=eloabder-20&linkCode=osi&th=1&psc=1">View Product</a></div>
<div class="product"><a href="https://www.amazon.com/dp/B0C7FL2XSL?tag=eloabder-20&linkCode=osi&th=1&psc=1"><img src="https://m.media-amazon.com/images/I/3195BfbxF2L._SL500_.jpg" alt="Product Image"></a><p>Motif Medical, Milk Storage Bags, 6 oz Milk Freezer Bag with Easy Pour Spout, BPA Free, Write-On Label - 100 Count</p><p> -20% 0FF </p><p>$15.99</p><a href="https://www.amazon.com/dp/B0C7FL2XSL?tag=eloabder-20&linkCode=osi&th=1&psc=1">View Product</a></div>
<div class="product"><a href="https://www.amazon.com/dp/B08H9QJVNZ?tag=eloabder-20&linkCode=osi&th=1&psc=1"><img src="https://m.media-amazon.com/images/I/31XZwvFZhIL._SL500_.jpg" alt="Product Image"></a><p>Medela Manual breast pump with Flex Shields Harmony Single Hand for More Comfort and Expressing More Milk</p><p> -34% 0FF </p><p>$28.72</p><a href="https://www.amazon.com/dp/B08H9QJVNZ?tag=eloabder-20&linkCode=osi&th=1&psc=1">View Product</a></div><div class="product"><a href="https://www.amazon.com/dp/B0BXH3XF7X?tag=eloabder-20&linkCode=osi&th=1&psc=1"><img src="https://m.media-amazon.com/images/I/41GBdp47u+L._SL500_.jpg" alt="Product Image"></a><p>Momcozy Hands Free Breast Pump S9 Pro Updated, Wearable Breast Pump of Longer Battery Life & LED Display, Double Portable Electric Breast Pump with 2 Modes & 9 Levels - 24mm, 2 Pack Gray</p><p> -31% 0FF </p><p>$95.98</p><a href="https://www.amazon.com/dp/B0BXH3XF7X?tag=eloabder-20&linkCode=osi&th=1&psc=1">View Product</a></div><div class="product"><a href="https://www.amazon.com/dp/B0CNGJMQDD?tag=eloabder-20&linkCode=osi&th=1&psc=1"><img src="https://m.media-amazon.com/images/I/41XS8v-5dyL._SL500_.jpg" alt="Product Image"></a><p>Momcozy Breast Pump Hands Free M5, Wearable Breast Pump of Baby Mouth Double-Sealed Flange with 3 Modes & 9 Levels, Electric Breast Pump Portable - 24mm, 2 Pack Cozy Red</p><p> -23% 0FF </p><p>$199.99 ($100.00 / Count)</p><a href="https://www.amazon.com/dp/B0CNGJMQDD?tag=eloabder-20&linkCode=osi&th=1&psc=1">View Product</a></div><div class="product"><a href="https://www.amazon.com/dp/B0DK9VJCRK?tag=eloabder-20&linkCode=osi&th=1&psc=1"><img src="https://m.media-amazon.com/images/I/41RyWq3DsfL._SL500_.jpg" alt="Product Image"></a><p>Hands Free Breast Pump Wearable MY-375 - Strong Suction, Low Noise, Wearable Breastfeeding Pump with 4 Mode &12 Levels, Portable Electric Breast Pump - 19/21/24mm Insert/Flange, 2 Pack (White)</p><p> -33% 0FF </p><p>$99.99 ($50.00 / Count)</p><a href="https://www.amazon.com/dp/B0DK9VJCRK?tag=eloabder-20&linkCode=osi&th=1&psc=1">View Product</a></div>
<div class="product"><a href="https://www.amazon.com/dp/B0BTZTSMM7?tag=eloabder-20&linkCode=osi&th=1&psc=1"><img src="https://m.media-amazon.com/images/I/41E+gI3y2mL._SL500_.jpg" alt="Product Image"></a><p>Konssy Muslin Nursing Cover for Baby Breastfeeding, Breathable 100% Cotton Breastfeeding Cover with Rigid Hoop for Mother Nursing Apron, Multi-use Carseat Canopy (Summer Wheat)</p><p> -25% 0FF </p><p>$14.99</p><a href="https://www.amazon.com/dp/B0BTZTSMM7?tag=eloabder-20&linkCode=osi&th=1&psc=1">View Product</a></div><div class="product"><a href="https://www.amazon.com/dp/B0CRY93RSV?tag=eloabder-20&linkCode=osi&th=1&psc=1"><img src="https://m.media-amazon.com/images/I/31GF3tvRWjL._SL500_.jpg" alt="Product Image"></a><p>Konssy Knit Nursing Cover for Breastfeeding, 360 Full Privacy Breathable Breastfeeding Cover, Multi-use Carseat Canopy(Beige)</p><p> -25% 0FF </p><p>$14.99</p><a href="https://www.amazon.com/dp/B0CRY93RSV?tag=eloabder-20&linkCode=osi&th=1&psc=1">View Product</a></div><div class="product"><a href="https://www.amazon.com/dp/B0CYM1Y178?tag=eloabder-20&linkCode=osi&th=1&psc=1"><img src="https://m.media-amazon.com/images/I/41BlDYTW3hL._SL500_.jpg" alt="Product Image"></a><p>Comfy Cubs Nursing Cover for Baby Breastfeeding - 100% Muslin Cotton, Soft & Breathable Cotton, Breastfeeding Pumping Cover for Mom, with Rigid Hoop - Privacy Unisex Lightweight Wrap (Pacific Blue)</p><p> -48% 0FF </p><p>$12.99</p><a href="https://www.amazon.com/dp/B0CYM1Y178?tag=eloabder-20&linkCode=osi&th=1&psc=1">View Product</a></div><div class="product"><a href="https://www.amazon.com/dp/B074M6FRND?tag=eloabder-20&linkCode=osi&th=1&psc=1"><img src="https://m.media-amazon.com/images/I/51odoDcAZ9L._SL500_.jpg" alt="Product Image"></a><p>Baby Nursing Cover & Nursing Poncho - Multi Use Cover for Baby Car Seat Canopy, Shopping Cart Cover, Stroller Cover, 360° Full Privacy Breastfeeding Coverage, Baby Shower Gifts for Boy&Girl</p><p> -30% 0FF </p><p>$13.95</p><a href="https://www.amazon.com/dp/B074M6FRND?tag=eloabder-20&linkCode=osi&th=1&psc=1">View Product</a></div><div class="product"><a href="https://www.amazon.com/dp/B0CB15QFNL?tag=eloabder-20&linkCode=osi&th=1&psc=1"><img src="https://m.media-amazon.com/images/I/31GyAL5zSlL._SL500_.jpg" alt="Product Image"></a><p>Breathable Car Seat Cover for Babies – Multi-Purpose Soft Rayon Nursing Cover for Breastfeeding, High Stretchy Infant Carseat Canopy, Stroller Cover (Smooth Rayon, Blush)</p><p> -20% 0FF </p><p>$7.99</p><a href="https://www.amazon.com/dp/B0CB15QFNL?tag=eloabder-20&linkCode=osi&th=1&psc=1">View Product</a></div>
<div class="product"><a href="https://www.amazon.com/dp/B00PC3K7OE?tag=eloabder-20&linkCode=osi&th=1&psc=1"><img src="https://m.media-amazon.com/images/I/41Ysisnr8oL._SL500_.jpg" alt="Product Image"></a><p>My Brest Friend Nursing Pillow - Deluxe - Enhanced Comfort w/ Slipcover - Ergonomic Breastfeeding Pillow For Ultimate Support For Mom & Baby - Adjustable Pillow W/ Handy Side Pocket, Evening Grey</p><p> -6% 0FF </p><p>$49.99</p><a href="https://www.amazon.com/dp/B00PC3K7OE?tag=eloabder-20&linkCode=osi&th=1&psc=1">View Product</a></div><div class="product"><a href="https://www.amazon.com/dp/B0B2W7X465?tag=eloabder-20&linkCode=osi&th=1&psc=1"><img src="https://m.media-amazon.com/images/I/41TWXbEgaJL._SL500_.jpg" alt="Product Image"></a><p>Momcozy Nursing Pillow for Breastfeeding, Original Plus Size Breastfeeding Pillows for More Support for Mom and Baby, with Adjustable Waist Strap and Removable Cotton Cover, Grey</p><p> -17% 0FF </p><p>$39.99</p><a href="https://www.amazon.com/dp/B0B2W7X465?tag=eloabder-20&linkCode=osi&th=1&psc=1">View Product</a></div><div class="product"><a href="https://www.amazon.com/dp/B08LF56YHJ?tag=eloabder-20&linkCode=osi&th=1&psc=1"><img src="https://m.media-amazon.com/images/I/31pJjCYHNMS._SL500_.jpg" alt="Product Image"></a><p>My Brest Friend Super Deluxe Nursing Pillow - Enhanced Comfort & Ergonomic Breastfeeding Pillow for Ultimate Support For Mom & Baby - Adjustable and with Handy Side Pocket, Platinum</p><p> -8% 0FF </p><p>$59.99</p><a href="https://www.amazon.com/dp/B08LF56YHJ?tag=eloabder-20&linkCode=osi&th=1&psc=1">View Product</a></div><div class="product"><a href="https://www.amazon.com/dp/B0C3RWRCQM?tag=eloabder-20&linkCode=osi&th=1&psc=1"><img src="https://m.media-amazon.com/images/I/516Q+AKi5kL._SL500_.jpg" alt="Product Image"></a><p>PILLANI Nursing Pillow, Plus Size Breastfeeding Pillows for Enhanced Support & Comfort for Mom & Baby, Removable Cotton Cover, Adjustable Waist Strap, Breastfeeding Essentials, Baby Registry Search</p><p> -20% 0FF </p><p>$31.99</p><a href="https://www.amazon.com/dp/B0C3RWRCQM?tag=eloabder-20&linkCode=osi&th=1&psc=1">View Product</a></div><div class="product"><a href="https://www.amazon.com/dp/B0CPVDN3J3?tag=eloabder-20&linkCode=osi&th=1&psc=1"><img src="https://m.media-amazon.com/images/I/41sq3SZUjlL._SL500_.jpg" alt="Product Image"></a><p>Momcozy Original Nursing Pillow and Positioner, Plus Size Breast Feeding Pillow for More Support for Mom and Baby Boy or Girl，Baby Essentials for Nursing or Bottle Feeding and Removable Cotton Cover</p><p> -15% 0FF </p><p>$39.99</p><a href="https://www.amazon.com/dp/B0CPVDN3J3?tag=eloabder-20&linkCode=osi&th=1&psc=1">View Product</a></div><div class="product"><a href="https://www.amazon.com/dp/B00PC3JYQQ?tag=eloabder-20&linkCode=osi&th=1&psc=1"><img src="https://m.media-amazon.com/images/I/51AoteowPXL._SL500_.jpg" alt="Product Image"></a><p>My Brest Friend Original Nursing Pillow Enhanced Ergonomics Essential Breastfeeding Pillow Support For Mom & Baby W/ Convenient Side Pocket, Double Straps & slipcover, Midnight Poppy</p><p> -7% 0FF </p><p>$41.99</p><a href="https://www.amazon.com/dp/B00PC3JYQQ?tag=eloabder-20&linkCode=osi&th=1&psc=1">View Product</a></div>
<div class="product"><a href="https://www.amazon.com/dp/B09KRKGJ3S?tag=eloabder-20&linkCode=osi&th=1&psc=1"><img src="https://m.media-amazon.com/images/I/41fXKHSGeCL._SL500_.jpg" alt="Product Image"></a><p>Looxii Muslin Burp Cloths 100% Cotton Large 20''x10'' Extra Soft and Absorbent 6 Pack Baby Burping Cloth for Boys Girls (Dark Green)</p><p> -6% 0FF </p><p>$13.14</p><a href="https://www.amazon.com/dp/B09KRKGJ3S?tag=eloabder-20&linkCode=osi&th=1&psc=1">View Product</a></div><div class="product"><a href="https://www.amazon.com/dp/B0CLPGQWNB?tag=eloabder-20&linkCode=osi&th=1&psc=1"><img src="https://m.media-amazon.com/images/I/416sGTkqHRL._SL500_.jpg" alt="Product Image"></a><p>Comfy Cubs Muslin Burp Cloths Large 100% Cotton Hand Washcloths for Babies, Baby Essentials 6 Layers Extra Absorbent and Soft Boys & Girls Baby Bibs & Burp Cloths Set (Multicolor, 10-Pack, 20" X10")</p><p> -33% 0FF </p><p>$19.99</p><a href="https://www.amazon.com/dp/B0CLPGQWNB?tag=eloabder-20&linkCode=osi&th=1&psc=1">View Product</a></div><div class="product"><a href="https://www.amazon.com/dp/B0CNKWNY43?tag=eloabder-20&linkCode=osi&th=1&psc=1"><img src="https://m.media-amazon.com/images/I/31iZQ-IdT6L._SL500_.jpg" alt="Product Image"></a><p>Comfy Cubs Burp Cloths 6 Pack Large 100% Cotton Washcloths Double Layered Absorbent Burping Cloth Extra Absorbent Baby Burp Cloth Extra Soft for Boys and Girls (Multicolor Girl, Pack of 6)</p><p> -40% 0FF </p><p>$14.99 ($2.50 / Count)</p><a href="https://www.amazon.com/dp/B0CNKWNY43?tag=eloabder-20&linkCode=osi&th=1&psc=1">View Product</a></div>
<div class="product"><a href="https://www.amazon.com/dp/B096NZHHVR?tag=eloabder-20&linkCode=osi&th=1&psc=1"><img src="https://m.media-amazon.com/images/I/41PxfLKcdWL._SL500_.jpg" alt="Product Image"></a><p>Meolsaek Car Seat Protector for Child Car Seat, 600D Fabric Waterproof Car Seat Cover with Non-Slip Backing, Under Baby Car Seat from Pressure Marks</p><p> -15% 0FF </p><p>$33.97</p><a href="https://www.amazon.com/dp/B096NZHHVR?tag=eloabder-20&linkCode=osi&th=1&psc=1">View Product</a></div><div class="product"><a href="https://www.amazon.com/dp/B096PGXGB4?tag=eloabder-20&linkCode=osi&th=1&psc=1"><img src="https://m.media-amazon.com/images/I/31Y4e9zhROS._SL500_.jpg" alt="Product Image"></a><p>XHYANG Car Seat Protector 1 Pack Car Seat Cushion Mat Thickest Padding,Waterproof 600D Fabric Car Seat Covers for Non-Slip Backing Mesh Pockets for Baby and Pet (1 Seat Protector)</p><p> -24% 0FF </p><p>$17.95</p><a href="https://www.amazon.com/dp/B096PGXGB4?tag=eloabder-20&linkCode=osi&th=1&psc=1">View Product</a></div><div class="product"><a href="https://www.amazon.com/dp/B09828NDRS?tag=eloabder-20&linkCode=osi&th=1&psc=1"><img src="https://m.media-amazon.com/images/I/31ua+nTGAXL._SL500_.jpg" alt="Product Image"></a><p>XHYANG Car Seat Protector,Auto Car Seat Protectors Baby Carseat Waterproof Durable 600D Fabric for Child Baby Car Seat Mat Vehicle Pet Cover 2 Storage Pockets (1 Pack)</p><p> -31% 0FF </p><p>$17.99</p><a href="https://www.amazon.com/dp/B09828NDRS?tag=eloabder-20&linkCode=osi&th=1&psc=1">View Product</a></div><div class="product"><a href="https://www.amazon.com/dp/B0CB14PHZT?tag=eloabder-20&linkCode=osi&th=1&psc=1"><img src="https://m.media-amazon.com/images/I/31lC1dggTTL._SL500_.jpg" alt="Product Image"></a><p>Breathable Car Seat Cover for Babies – Multi-Purpose Soft Rayon Nursing Cover for Breastfeeding, High Stretchy Infant Carseat Canopy, Stroller Cover (Smooth Rayon, Roman Green)</p><p> -20% 0FF </p><p>$7.19</p><a href="https://www.amazon.com/dp/B0CB14PHZT?tag=eloabder-20&linkCode=osi&th=1&psc=1">View Product</a></div><div class="product"><a href="https://www.amazon.com/dp/B08H4WCFXV?tag=eloabder-20&linkCode=osi&th=1&psc=1"><img src="https://m.media-amazon.com/images/I/516mz-4vqgL._SL500_.jpg" alt="Product Image"></a><p>Yoofoss Baby Car Seat Cover Winter Carseat Canopies Cover to Protect Baby from Cold Wind, Super Warm Plush Fleece Baby Carrier Cover for Infant Boys Girls (Black)</p><p> -11% 0FF </p><p>$32.99</p><a href="https://www.amazon.com/dp/B08H4WCFXV?tag=eloabder-20&linkCode=osi&th=1&psc=1">View Product</a></div>

<div class="product"><a href="https://www.amazon.com/dp/B07W6JGDYW?tag=eloabder-20&linkCode=osi&th=1&psc=1"><img src="https://m.media-amazon.com/images/I/41H2tKos7SL._SL500_.jpg" alt="Product Image"></a><p>Kaiphy Car Seat Protector - Seat Protection Mat - Thick Padding - Durable, Waterproof Fabric, Leather Reinforced Corners & 3 Pockets for Handy Storage Black</p><p> -46% 0FF </p><p>$13.97</p><a href="https://www.amazon.com/dp/B07W6JGDYW?tag=eloabder-20&linkCode=osi&th=1&psc=1">View Product</a></div><div class="product"><a href="https://www.amazon.com/dp/B0D5XFHH28?tag=eloabder-20&linkCode=osi&th=1&psc=1"><img src="https://m.media-amazon.com/images/I/31XhcmIiWAL._SL500_.jpg" alt="Product Image"></a><p>Car Seat Protector, Carseat Seat Protectors with Thick Padding and Upgraded Non-Slip Backing, Waterproof Seat Protector under Baby Car Seat, 600D Fabric Car Seat Covers with Storage Pockets for Baby</p><p> -20% 0FF </p><p>$13.59</p><a href="https://www.amazon.com/dp/B0D5XFHH28?tag=eloabder-20&linkCode=osi&th=1&psc=1">View Product</a></div><div class="product"><a href="https://www.amazon.com/dp/B07JBQBVL6?tag=eloabder-20&linkCode=osi&th=1&psc=1"><img src="https://m.media-amazon.com/images/I/31PZj+OEfjL._SL500_.jpg" alt="Product Image"></a><p>Car Seat Protector for Baby Child Car Seats, Shynerk Auto Seat Cover Mat for Under Carseat to Protect Automotive Vehicle Leather and Cloth Upholstery - Waterproof and Dirt Resistant</p><p> -33% 0FF </p><p>$19.99</p><a href="https://www.amazon.com/dp/B07JBQBVL6?tag=eloabder-20&linkCode=osi&th=1&psc=1">View Product</a></div>
<div class="product"><a href="https://www.amazon.com/dp/B00O64QJOC?tag=eloabder-20&linkCode=osi&th=1&psc=1"><img src="https://m.media-amazon.com/images/I/21l2K1fjgyL._SL500_.jpg" alt="Product Image"></a><p>Munchkin® Secure Grip™ Contoured Baby Diaper Changing Pad for Dresser, Waterproof, 16" x 31"</p><p> -10% 0FF </p><p>$31.49</p><a href="https://www.amazon.com/dp/B00O64QJOC?tag=eloabder-20&linkCode=osi&th=1&psc=1">View Product</a></div><div class="product"><a href="https://www.amazon.com/dp/B0DF1W28C5?tag=eloabder-20&linkCode=osi&th=1&psc=1"><img src="https://m.media-amazon.com/images/I/31F+H+AlPWL._SL500_.jpg" alt="Product Image"></a><p>Blissful Diary Vegan Leather Baby Changing Pad with Waterproof & Wipe-Clean PU Cover, Standard Size Cozy Baby Changing Table Pads for Dressers/Tables, Taupe</p><p> -13% 0FF </p><p>$34.99</p><a href="https://www.amazon.com/dp/B0DF1W28C5?tag=eloabder-20&linkCode=osi&th=1&psc=1">View Product</a></div><div class="product"><a href="https://www.amazon.com/dp/B0B45JKHGG?tag=eloabder-20&linkCode=osi&th=1&psc=1"><img src="https://m.media-amazon.com/images/I/41i2u89FqBL._SL500_.jpg" alt="Product Image"></a><p>YENING Baby Diaper Changing Pad for Dresser Top with Cover Waterproof Lining Foam Contoured Changing Table Pads Topper 31" x 16" Grey</p><p> -33% 0FF </p><p>$26.98</p><a href="https://www.amazon.com/dp/B0B45JKHGG?tag=eloabder-20&linkCode=osi&th=1&psc=1">View Product</a></div>
<div class="product"><a href="https://www.amazon.com/dp/B0D3BPZ77F?tag=eloabder-20&linkCode=osi&th=1&psc=1"><img src="https://m.media-amazon.com/images/I/41-+eE90DeL._SL500_.jpg" alt="Product Image"></a><p>Baby Changing Table, Versatile Folding Changing Table, Waterproof Diaper Changing Station, Adjustable Height with 2 Drawers,Baby Changing Station, Mobile Nursery for Infant and Newborn</p><p> -30% 0FF </p><p>$159.99</p><a href="https://www.amazon.com/dp/B0D3BPZ77F?tag=eloabder-20&linkCode=osi&th=1&psc=1">View Product</a></div><div class="product"><a href="https://www.amazon.com/dp/B073YB522V?tag=eloabder-20&linkCode=osi&th=1&psc=1"><img src="https://m.media-amazon.com/images/I/41IwxC2WttS._SL500_.jpg" alt="Product Image"></a><p>Delta Children Eclipse Changing Table with Changing Pad, Grey</p><p> -44% 0FF </p><p>$79.00</p><a href="https://www.amazon.com/dp/B073YB522V?tag=eloabder-20&linkCode=osi&th=1&psc=1">View Product</a></div><div class="product"><a href="https://www.amazon.com/dp/B075ZVTJ3D?tag=eloabder-20&linkCode=osi&th=1&psc=1"><img src="https://m.media-amazon.com/images/I/41Ig2EwFThL._SL500_.jpg" alt="Product Image"></a><p>Dream On Me Emily Changing Table In Steel Grey, Comes With 1" Changing Pad, Features Two Shelves, Portable Changing Station, Made Of Sustainable New Zealand Pinewood</p><p> -21% 0FF </p><p>$69.99</p><a href="https://www.amazon.com/dp/B075ZVTJ3D?tag=eloabder-20&linkCode=osi&th=1&psc=1">View Product</a></div><div class="product"><a href="https://www.amazon.com/dp/B08HMJCHCT?tag=eloabder-20&linkCode=osi&th=1&psc=1"><img src="https://m.media-amazon.com/images/I/31aqc05wT6L._SL500_.jpg" alt="Product Image"></a><p>Storkcraft Brookside 2 Drawer Changing Table Dresser (Pebble Gray) – GREENGUARD Gold Certified, Easy-to-Match Chest of Drawers and Cubbies for Nursery and Kids Bedroom, Includes Changing Table Topper</p><p> -31% 0FF </p><p>$151.29</p><a href="https://www.amazon.com/dp/B08HMJCHCT?tag=eloabder-20&linkCode=osi&th=1&psc=1">View Product</a></div><div class="product"><a href="https://www.amazon.com/dp/B005OSHTSO?tag=eloabder-20&linkCode=osi&th=1&psc=1"><img src="https://m.media-amazon.com/images/I/41ckUWX71DL._SL500_.jpg" alt="Product Image"></a><p>Badger Basket Modern Baby Changing Table with Laundry Hamper, 3 Storage Drawers and Pad, Diaper Change Station - White/White</p><p> -32% 0FF </p><p>$128.99</p><a href="https://www.amazon.com/dp/B005OSHTSO?tag=eloabder-20&linkCode=osi&th=1&psc=1">View Product</a></div><div class="product"><a href="https://www.amazon.com/dp/B08HHFZ5JJ?tag=eloabder-20&linkCode=osi&th=1&psc=1"><img src="https://m.media-amazon.com/images/I/31oH0mt34ML._SL500_.jpg" alt="Product Image"></a><p>Graco Noah 3 Drawer Chest with Changing Topper (White) – GREENGUARD Gold Certified, Baby Dresser With Changing Table Top, Dresser for Nursery, 3 Drawer Kids Dresser</p><p> -24% 0FF </p><p>$188.75</p><a href="https://www.amazon.com/dp/B08HHFZ5JJ?tag=eloabder-20&linkCode=osi&th=1&psc=1">View Product</a></div>
<div class="product"><a href="https://www.amazon.com/dp/B0BVHMHH4X?tag=eloabder-20&linkCode=osi&th=1&psc=1"><img src="https://m.media-amazon.com/images/I/41AOdI5vSML._SL500_.jpg" alt="Product Image"></a><p>TAHAVICE 1 Pack Over The Door Organizer, Bathroom Organizers and Storage with 5 Pockets 10 Mesh Pockets, 50 lbs Weight Capacity Stuffed Animal Storage for Nursery Newborn Baby Essential</p><p> -20% 0FF </p><p>$15.98</p><a href="https://www.amazon.com/dp/B0BVHMHH4X?tag=eloabder-20&linkCode=osi&th=1&psc=1">View Product</a></div><div class="product"><a href="https://www.amazon.com/dp/B06XJ343CC?tag=eloabder-20&linkCode=osi&th=1&psc=1"><img src="https://m.media-amazon.com/images/I/31zbpeWMpnL._SL500_.jpg" alt="Product Image"></a><p>20 Pack Clothing Rack Size Dividers, Wardrobe Round Hangers Label Closet Dividers with 1 Piece Marker Pen for Clothes Organization(White, Blank)</p><p> -14% 0FF </p><p>$8.59 ($0.43 / Count)</p><a href="https://www.amazon.com/dp/B06XJ343CC?tag=eloabder-20&linkCode=osi&th=1&psc=1">View Product</a></div><div class="product"><a href="https://www.amazon.com/dp/B09H4JTQC7?tag=eloabder-20&linkCode=osi&th=1&psc=1"><img src="https://m.media-amazon.com/images/I/51pFCzWgo3L._SL500_.jpg" alt="Product Image"></a><p>Pro Goleem Baby Closet Dividers Unisex Baby Closet Organizer for Nursery Baby Clothes Size Age Dividers Fits 1.5" Rod 6 PCS</p><p> -20% 0FF </p><p>$7.99</p><a href="https://www.amazon.com/dp/B09H4JTQC7?tag=eloabder-20&linkCode=osi&th=1&psc=1">View Product</a></div><div class="product"><a href="https://www.amazon.com/dp/B0DDTSNXNM?tag=eloabder-20&linkCode=osi&th=1&psc=1"><img src="https://m.media-amazon.com/images/I/517HtZWlKIL._SL500_.jpg" alt="Product Image"></a><p>Blissful Diary Baby Diaper Caddy Organizer, Cotton Rope Diaper Caddy Basket, Large Baby Shower Caddy for Newborn Boys and Girls, Gift for Baby Shower List, Newborn Essentials Basket, Earthy Rainbow</p><p> -30% 0FF </p><p>$15.99</p><a href="https://www.amazon.com/dp/B0DDTSNXNM?tag=eloabder-20&linkCode=osi&th=1&psc=1">View Product</a></div>
<div class="product"><a href="https://www.amazon.com/dp/B08DN1KTRH?tag=eloabder-20&linkCode=osi&th=1&psc=1"><img src="https://m.media-amazon.com/images/I/510rTaksLXL._SL500_.jpg" alt="Product Image"></a><p>16 Pack Baby Washcloths - Luxury Multicolor Coral Fleece - Extra Absorbent and Soft Wash Clothes for Newborns, Infants and Toddlers - Suitable for Sensitive Skin and New Born - Baby Shower, 10x10 Inch</p><p> -47% 0FF </p><p>$9.99</p><a href="https://www.amazon.com/dp/B08DN1KTRH?tag=eloabder-20&linkCode=osi&th=1&psc=1">View Product</a></div><div class="product"><a href="https://www.amazon.com/dp/B088RBY8Y5?tag=eloabder-20&linkCode=osi&th=1&psc=1"><img src="https://m.media-amazon.com/images/I/31Ku9qSjBCL._SL500_.jpg" alt="Product Image"></a><p>Yoofoss Muslin Burp Cloths for Baby 10 Pack 100% Cotton Baby Washcloths for Boys Girls Large 20''X10'' Super Soft and Absorbent White</p><p> -5% 0FF </p><p>$18.95</p><a href="https://www.amazon.com/dp/B088RBY8Y5?tag=eloabder-20&linkCode=osi&th=1&psc=1">View Product</a></div>
<div class="product"><a href="https://www.amazon.com/dp/B0CMZJ1J4T?tag=eloabder-20&linkCode=osi&th=1&psc=1"><img src="https://m.media-amazon.com/images/I/410bv8kIM8L._SL500_.jpg" alt="Product Image"></a><p>Jay Franco Bluey & Bingo Toddler Comforter Set - 4 Piece Bed Set Includes Sheet Set & Pillow Covers - Super Soft Clouds & Stars Kids Bedding</p><p> -23% 0FF </p><p>$46.49</p><a href="https://www.amazon.com/dp/B0CMZJ1J4T?tag=eloabder-20&linkCode=osi&th=1&psc=1">View Product</a></div><div class="product"><a href="https://www.amazon.com/dp/B00VQ2RLNA?tag=eloabder-20&linkCode=osi&th=1&psc=1"><img src="https://m.media-amazon.com/images/I/513vvaHOurL._SL500_.jpg" alt="Product Image"></a><p>Burt's Bees Baby Infant Reversible Quilt Blanket, Jersey Knit, Soft, 100% Organic Cotton Blankets, with 100% Polyester Fill for Warm Padding, Size 37 x 46 Inch</p><p> -50% 0FF </p><p>$32.49</p><a href="https://www.amazon.com/dp/B00VQ2RLNA?tag=eloabder-20&linkCode=osi&th=1&psc=1">View Product</a></div><div class="product"><a href="https://www.amazon.com/dp/B01GKZO0U4?tag=eloabder-20&linkCode=osi&th=1&psc=1"><img src="https://m.media-amazon.com/images/I/21lI+ZZ6+3L._SL500_.jpg" alt="Product Image"></a><p>Tadpoles Quilted Toddler Comforter | 40" x 60" | Made of 100% Microfiber Polyester (Shell) & 200 GSM Fiberfill | Soft, Breathable & Durable | Ideal for Toddlers (12-48 Months) | Box Pattern in White</p><p> -12% 0FF </p><p>$21.99</p><a href="https://www.amazon.com/dp/B01GKZO0U4?tag=eloabder-20&linkCode=osi&th=1&psc=1">View Product</a></div><div class="product"><a href="https://www.amazon.com/dp/B0BRKBKSB5?tag=eloabder-20&linkCode=osi&th=1&psc=1"><img src="https://m.media-amazon.com/images/I/313gax4ZutL._SL500_.jpg" alt="Product Image"></a><p>ZPECC Toddler Comforter Blanket - 39" x 53" Down Alternative Crib Duvet Set, Includes Child Quilt, Flat Pillow, Bear Stitching</p><p> -26% 0FF </p><p>$18.49</p><a href="https://www.amazon.com/dp/B0BRKBKSB5?tag=eloabder-20&linkCode=osi&th=1&psc=1">View Product</a></div>
<div class="product"><a href="https://www.amazon.com/dp/B0BZVLW3XY?tag=eloabder-20&linkCode=osi&th=1&psc=1"><img src="https://m.media-amazon.com/images/I/41bnCsnrb2L._SL500_.jpg" alt="Product Image"></a><p>Yoofoss Baby Crib Sheets for Boys Girls, Fitted Crib Sheet 2 Pack for Standard Crib and Toddler Mattress, Super Soft Microfiber Baby Sheet 28x52x8in(Green+Leaf)</p><p> -17% 0FF </p><p>$9.99</p><a href="https://www.amazon.com/dp/B0BZVLW3XY?tag=eloabder-20&linkCode=osi&th=1&psc=1">View Product</a></div><div class="product"><a href="https://www.amazon.com/dp/B086YCZN5H?tag=eloabder-20&linkCode=osi&th=1&psc=1"><img src="https://m.media-amazon.com/images/I/41jKlfbIwGL._SL500_.jpg" alt="Product Image"></a><p>Crib Mattress Protector Sheets Fitted Waterproof Crib Mattress Pad Cover, Noiseless & Machine Wash 100% Absorbent Crib/Toddler Mattress Protector Sheet Quilted, White, 52" x 28"</p><p> -11% 0FF </p><p>$11.98</p><a href="https://www.amazon.com/dp/B086YCZN5H?tag=eloabder-20&linkCode=osi&th=1&psc=1">View Product</a></div><div class="product"><a href="https://www.amazon.com/dp/B0CLL7JPTY?tag=eloabder-20&linkCode=osi&th=1&psc=1"><img src="https://m.media-amazon.com/images/I/41X3AyJQqrL._SL500_.jpg" alt="Product Image"></a><p>PINNKKU 3-Piece Crib Bedding Set for Boy Girls, Includes Crib Skirt, Blanket and Crib Sheet, Crib Baby Bedding, Pintuck Pinch Pleat Pink</p><p> -19% 0FF </p><p>$34.99 ($11.66 / Count)</p><a href="https://www.amazon.com/dp/B0CLL7JPTY?tag=eloabder-20&linkCode=osi&th=1&psc=1">View Product</a></div><div class="product"><a href="https://www.amazon.com/dp/B08G3DCPYM?tag=eloabder-20&linkCode=osi&th=1&psc=1"><img src="https://m.media-amazon.com/images/I/51UmAUm+f-L._SL500_.jpg" alt="Product Image"></a><p>Bedtime Originals Mighty Jungle 3Piece Crib Bedding Set, Multicolor (283003V)</p><p> -27% 0FF </p><p>$49.49</p><a href="https://www.amazon.com/dp/B08G3DCPYM?tag=eloabder-20&linkCode=osi&th=1&psc=1">View Product</a></div><div class="product"><a href="https://www.amazon.com/dp/B0BRWWTS3M?tag=eloabder-20&linkCode=osi&th=1&psc=1"><img src="https://m.media-amazon.com/images/I/51WZGfoIsvL._SL500_.jpg" alt="Product Image"></a><p>The Peanutshell 3 Piece Baby Crib Bedding Set for Girls - Newborn, Infant & Toddler Nursery Bed Set Decor with Fitted Crib Sheet, Dust Ruffle, Crib Comforter - Wildest Dreams</p><p> -10% 0FF </p><p>$44.99</p><a href="https://www.amazon.com/dp/B0BRWWTS3M?tag=eloabder-20&linkCode=osi&th=1&psc=1">View Product</a></div>
<div class="product"><a href="https://www.amazon.com/dp/B010S7VZI0?tag=eloabder-20&linkCode=osi&th=1&psc=1"><img src="https://m.media-amazon.com/images/I/31Ll01T4-sL._SL500_.jpg" alt="Product Image"></a><p>Graco Premium Crib & Toddler Mattress – GREENGUARD Gold Certified & CertiPUR-US Certified, Fits All Standard Crib & Toddler Beds, Waterproof Sleep Surface, Machine-Washable Outer Cover for Easy Care</p><p> -25% 0FF </p><p>$89.99</p><a href="https://www.amazon.com/dp/B010S7VZI0?tag=eloabder-20&linkCode=osi&th=1&psc=1">View Product</a></div><div class="product"><a href="https://www.amazon.com/dp/B0030V4Z02?tag=eloabder-20&linkCode=osi&th=1&psc=1"><img src="https://m.media-amazon.com/images/I/416srazdlsL._SL500_.jpg" alt="Product Image"></a><p>Dream On Me Honeycomb Orthopedic Firm Fiber Standard Baby Crib Mattress, Greenguard Gold and JPMA Certified, 5” Fiber Core Optimum Support, Fits Crib and Toddler Bed, Waterproof Vinyl Cover</p><p> -7% 0FF </p><p>$59.87</p><a href="https://www.amazon.com/dp/B0030V4Z02?tag=eloabder-20&linkCode=osi&th=1&psc=1">View Product</a></div><div class="product"><a href="https://www.amazon.com/dp/B0BLK39GTG?tag=eloabder-20&linkCode=osi&th=1&psc=1"><img src="https://m.media-amazon.com/images/I/41U0AL73RKL._SL500_.jpg" alt="Product Image"></a><p>Letmxiu Premium Dual-Sided Crib & Toddler Mattress,100% Knitted Fabric,Premium Fleece-Hypoallergenic,5" Firm Soft Crib Mattress, Non-Toxic Toddler Bed Mattress Fits Standard Cribs & Toddler Beds</p><p> -14% 0FF </p><p>$59.99</p><a href="https://www.amazon.com/dp/B0BLK39GTG?tag=eloabder-20&linkCode=osi&th=1&psc=1">View Product</a></div><div class="product"><a href="https://www.amazon.com/dp/B0BWDRBYL4?tag=eloabder-20&linkCode=osi&th=1&psc=1"><img src="https://m.media-amazon.com/images/I/41dkngPyPEL._SL500_.jpg" alt="Product Image"></a><p>Tiankehan Premium Dual-Sided Baby Crib Mattress and Toddler Mattress - 52" x 27.6" x 5" - Breathable - Firm Soft - Fits Standard Cribs and Toddler Beds</p><p> -14% 0FF </p><p>$59.98</p><a href="https://www.amazon.com/dp/B0BWDRBYL4?tag=eloabder-20&linkCode=osi&th=1&psc=1">View Product</a></div>
<div class="product"><a href="https://www.amazon.com/dp/B0C7T23J3Y?tag=eloabder-20&linkCode=osi&th=1&psc=1"><img src="https://m.media-amazon.com/images/I/41wcurEQD3L._SL500_.jpg" alt="Product Image"></a><p>The Peanutshell Crib Mobile for Girls - Pink and White Musical Baby Crib Mobile with 12 Lullabies, Forest Baby Mobile Crib Little Forest Nursery Decor</p><p> -16% 0FF </p><p>$37.69</p><a href="https://www.amazon.com/dp/B0C7T23J3Y?tag=eloabder-20&linkCode=osi&th=1&psc=1">View Product</a></div><div class="product"><a href="https://www.amazon.com/dp/B0C7SC34Z3?tag=eloabder-20&linkCode=osi&th=1&psc=1"><img src="https://m.media-amazon.com/images/I/41i+L053hPL._SL500_.jpg" alt="Product Image"></a><p>The Peanutshell Crib Mobile for Boys or Girls - Light and Dark Blue Musical Baby Crib Mobile with 12 Lullabies, Ocean Baby Mobile Crib Nautical Nursery Decor</p><p> -11% 0FF </p><p>$39.99</p><a href="https://www.amazon.com/dp/B0C7SC34Z3?tag=eloabder-20&linkCode=osi&th=1&psc=1">View Product</a></div>
<div class="product"><a href="https://www.amazon.com/dp/B07K594Q7W?tag=eloabder-20&linkCode=osi&th=1&psc=1"><img src="https://m.media-amazon.com/images/I/41chCOFT3fL._SL500_.jpg" alt="Product Image"></a><p>Burt's Bees Baby Print Fitted Crib Sheet Organic Cotton BEESNUG - Hello Moon! Prints, Fits Unisex Standard Bed and Toddler Mattress, Infant Essentials, 52 x 28 Inch 1-Pack</p><p> -34% 0FF </p><p>$13.80</p><a href="https://www.amazon.com/dp/B07K594Q7W?tag=eloabder-20&linkCode=osi&th=1&psc=1">View Product</a></div><div class="product"><a href="https://www.amazon.com/dp/B08HYS8HCQ?tag=eloabder-20&linkCode=osi&th=1&psc=1"><img src="https://m.media-amazon.com/images/I/41OJxVS5clL._SL500_.jpg" alt="Product Image"></a><p>KeaBabies 2-Pack Organic Crib Sheets for Boys, Girls, Jersey Fitted Crib Sheet, Baby Crib Sheets Neutral, Cotton Breathable Crib Sheet, Cute Printed Crib Mattress Sheet, Baby Mattress Sheets(Woodland)</p><p> -27% 0FF </p><p>$21.96</p><a href="https://www.amazon.com/dp/B08HYS8HCQ?tag=eloabder-20&linkCode=osi&th=1&psc=1">View Product</a></div><div class="product"><a href="https://www.amazon.com/dp/B07JBRWPRZ?tag=eloabder-20&linkCode=osi&th=1&psc=1"><img src="https://m.media-amazon.com/images/I/41WkDf7XWaL._SL500_.jpg" alt="Product Image"></a><p>American Baby Company 3 Pack Fitted Mini Crib Sheet 24" x 38", Soft Breathable Neutral 100% Cotton Jersey Portable Sheet, Gray Star/Zigzag, for Boys and Girls, Fits Most Pack N Play Mattresses</p><p> -20% 0FF </p><p>$14.34</p><a href="https://www.amazon.com/dp/B07JBRWPRZ?tag=eloabder-20&linkCode=osi&th=1&psc=1">View Product</a></div><div class="product"><a href="https://www.amazon.com/dp/B0BGWX27FP?tag=eloabder-20&linkCode=osi&th=1&psc=1"><img src="https://m.media-amazon.com/images/I/41tRk-EAY-L._SL500_.jpg" alt="Product Image"></a><p>4-Pack Fitted Crib Sheets for Boys and Girls - Breathable, Soft Microfiber Baby Sheets in Grey, Navy and White</p><p> -9% 0FF </p><p>$19.99 ($5.00 / Count)</p><a href="https://www.amazon.com/dp/B0BGWX27FP?tag=eloabder-20&linkCode=osi&th=1&psc=1">View Product</a></div>
<div class="product"><a href="https://www.amazon.com/dp/B082WW1FCQ?tag=eloabder-20&linkCode=osi&th=1&psc=1"><img src="https://m.media-amazon.com/images/I/416EVH-FKwL._SL500_.jpg" alt="Product Image"></a><p>Crib Bed Skirt 28” x 52” with 14” Drop Pleated Dust Ruffle for Baby Boys Girls Elastic Adjustable Fit Toddler Bedskirt Easy On/Off Soft Nursery Standard Crib Bedding Skirts Solid White Crib Skirt</p><p> -18% 0FF </p><p>$17.99</p><a href="https://www.amazon.com/dp/B082WW1FCQ?tag=eloabder-20&linkCode=osi&th=1&psc=1">View Product</a></div><div class="product"><a href="https://www.amazon.com/dp/B000YFU77W?tag=eloabder-20&linkCode=osi&th=1&psc=1"><img src="https://m.media-amazon.com/images/I/31R9qJzse7L._SL500_.jpg" alt="Product Image"></a><p>American Baby Company 100% Natural Cotton Percale Ruffled Crib Skirt, Cream, 52"L x 28"W + 13.5"</p><p> -33% 0FF </p><p>$16.79</p><a href="https://www.amazon.com/dp/B000YFU77W?tag=eloabder-20&linkCode=osi&th=1&psc=1">View Product</a></div><div class="product"><a href="https://www.amazon.com/dp/B0B5YML25P?tag=eloabder-20&linkCode=osi&th=1&psc=1"><img src="https://m.media-amazon.com/images/I/31DyVARAxlL._SL500_.jpg" alt="Product Image"></a><p>Lush Decor Ruffle Crib Skirt, 16" Drop, White</p><p> -26% 0FF </p><p>$28.19</p><a href="https://www.amazon.com/dp/B0B5YML25P?tag=eloabder-20&linkCode=osi&th=1&psc=1">View Product</a></div>
<div class="product"><a href="https://www.amazon.com/dp/B0D8B4FNHF?tag=eloabder-20&linkCode=osi&th=1&psc=1"><img src="https://m.media-amazon.com/images/I/41gmkYMTEaL._SL500_.jpg" alt="Product Image"></a><p>CHICWAY Baby Patter for Sleep, Baby Sleep Soother, Baby Vibrating Soother 3 Vibration Modes & Intensities Help Baby Sleep, Crib Toy, Crib Accessory, Registry Gift, Shower Gift, Newborn Baby Essentials</p><p> -54% 0FF </p><p>$22.91</p><a href="https://www.amazon.com/dp/B0D8B4FNHF?tag=eloabder-20&linkCode=osi&th=1&psc=1">View Product</a></div><div class="product"><a href="https://www.amazon.com/dp/B009UPUFCY?tag=eloabder-20&linkCode=osi&th=1&psc=1"><img src="https://m.media-amazon.com/images/I/41MuYdMqcXL._SL500_.jpg" alt="Product Image"></a><p>Munchkin® Lulla-Vibe™ Vibrating Mattress Pad Sleep Soother</p><p> -9% 0FF </p><p>$27.25</p><a href="https://www.amazon.com/dp/B009UPUFCY?tag=eloabder-20&linkCode=osi&th=1&psc=1">View Product</a></div>

<div class="product"><a href="https://www.amazon.com/dp/B098TWMRNV?tag=eloabder-20&linkCode=osi&th=1&psc=1"><img src="https://m.media-amazon.com/images/I/51eBNBdbFPL._SL500_.jpg" alt="Product Image"></a><p>PILLANI Baby Diaper Bag Backpack - Baby Bag for Boys & Girls - Diaper Backpack - Large Travel Diaper Bags w/Changing Pad - Baby Registry Search & Shower Gifts Newborn Essentials & Items for Mom, Gray</p><p> -37% 0FF </p><p>$34.99</p><a href="https://www.amazon.com/dp/B098TWMRNV?tag=eloabder-20&linkCode=osi&th=1&psc=1">View Product</a></div><div class="product"><a href="https://www.amazon.com/dp/B07HL6FV5F?tag=eloabder-20&linkCode=osi&th=1&psc=1"><img src="https://m.media-amazon.com/images/I/41CpqR1T2iL._SL500_.jpg" alt="Product Image"></a><p>RUVALINO Diaper Bag Backpack - Multifunction Waterproof Travel Essentials, Maternity Baby Bag with Changing Pad & Stroller D-Ring & Pacifier Case - Baby Registry Search/Items & Shower Gifts - Black</p><p> -51% 0FF </p><p>$43.99</p><a href="https://www.amazon.com/dp/B07HL6FV5F?tag=eloabder-20&linkCode=osi&th=1&psc=1">View Product</a></div><div class="product"><a href="https://www.amazon.com/dp/B0BSKZFV8Z?tag=eloabder-20&linkCode=osi&th=1&psc=1"><img src="https://m.media-amazon.com/images/I/41kJJGd0-KL._SL500_.jpg" alt="Product Image"></a><p>Skip Hop Diaper Bag Backpack: Forma, Multi-Function Baby Travel Bag with Changing Pad & Stroller Attachment, Sage</p><p> -6% 0FF </p><p>$74.49</p><a href="https://www.amazon.com/dp/B0BSKZFV8Z?tag=eloabder-20&linkCode=osi&th=1&psc=1">View Product</a></div>
<div class="product"><a href="https://www.amazon.com/dp/B00569GU18?tag=eloabder-20&linkCode=osi&th=1&psc=1"><img src="https://m.media-amazon.com/images/I/41Zx990UFlL._SL500_.jpg" alt="Product Image"></a><p>Boudreaux's Butt Paste Maximum Strength Diaper Rash Cream, Ointment for Baby, 4 oz Tube</p><p> -12% 0FF </p><p>$7.48 ($1.87 / Ounce)</p><a href="https://www.amazon.com/dp/B00569GU18?tag=eloabder-20&linkCode=osi&th=1&psc=1">View Product</a></div><div class="product"><a href="https://www.amazon.com/dp/B00ZQXT4EY?tag=eloabder-20&linkCode=osi&th=1&psc=1"><img src="https://m.media-amazon.com/images/I/31SXI-cW6IL._SL500_.jpg" alt="Product Image"></a><p>Desitin Maximum Strength Baby Diaper Rash Cream, 40% Zinc Oxide for Treatment, Relief & Prevention, Hypoallergenic, Phthalate- & Paraben-Free Paste, Protects Skin for 12 Hours, 4.8 oz</p><p> -38% 0FF </p><p>$7.33 ($1.53 / Ounce)</p><a href="https://www.amazon.com/dp/B00ZQXT4EY?tag=eloabder-20&linkCode=osi&th=1&psc=1">View Product</a></div><div class="product"><a href="https://www.amazon.com/dp/B082QBB8KQ?tag=eloabder-20&linkCode=osi&th=1&psc=1"><img src="https://m.media-amazon.com/images/I/51vNnfQ6MmL._SL500_.jpg" alt="Product Image"></a><p>Aquaphor Baby Diaper Rash Paste - For Serious Diaper Rash and Flare-ups - 3.5 Oz. Tube</p><p> -5% 0FF </p><p>$7.87 ($2.25 / Ounce)</p><a href="https://www.amazon.com/dp/B082QBB8KQ?tag=eloabder-20&linkCode=osi&th=1&psc=1">View Product</a></div><div class="product"><a href="https://www.amazon.com/dp/B00M0N9J20?tag=eloabder-20&linkCode=osi&th=1&psc=1"><img src="https://m.media-amazon.com/images/I/41t50K+y9yL._SL500_.jpg" alt="Product Image"></a><p>Desitin Daily Defense Baby Diaper Rash Cream with Zinc Oxide to Treat, Relieve & Prevent diaper rash, Hypoallergenic, Dye-, Phthalate- & Paraben-Free, 4 oz</p><p> -42% 0FF </p><p>$5.39 ($1.35 / Ounce)</p><a href="https://www.amazon.com/dp/B00M0N9J20?tag=eloabder-20&linkCode=osi&th=1&psc=1">View Product</a></div><div class="product"><a href="https://www.amazon.com/dp/B00Q2MYU9W?tag=eloabder-20&linkCode=osi&th=1&psc=1"><img src="https://m.media-amazon.com/images/I/51PiNmf+vpL._SL500_.jpg" alt="Product Image"></a><p>Aquaphor Baby Diaper Rash Cream, 3-in-1 Diaper Rash Relief, 3.5 Oz Tube</p><p> -17% 0FF </p><p>$18.69 ($1.78 / Ounce)</p><a href="https://www.amazon.com/dp/B00Q2MYU9W?tag=eloabder-20&linkCode=osi&th=1&psc=1">View Product</a></div><div class="product"><a href="https://www.amazon.com/dp/B0B4PNGXFS?tag=eloabder-20&linkCode=osi&th=1&psc=1"><img src="https://m.media-amazon.com/images/I/51BB218LJpL._SL500_.jpg" alt="Product Image"></a><p>Triple Paste Diaper Rash Cream for Baby - 3 oz Tube - Zinc Oxide Ointment Treats, Soothes and Prevents Diaper Rash - Pediatrician-Recommended Hypoallergenic Formula with Soothing Botanicals</p><p> -25% 0FF </p><p>$8.96 ($2.99 / Ounce)</p><a href="https://www.amazon.com/dp/B0B4PNGXFS?tag=eloabder-20&linkCode=osi&th=1&psc=1">View Product</a></div><div class="product"><a href="https://www.amazon.com/dp/B00KFITCXS?tag=eloabder-20&linkCode=osi&th=1&psc=1"><img src="https://m.media-amazon.com/images/I/41Upagho5nL._SL500_.jpg" alt="Product Image"></a><p>The Honest Company Hypoallergenic Diaper Rash Cream | Moisturizing + Calming Zinc Oxide Ointment | NEA Recognized, Cruelty Free | 2.5 oz</p><p> -7% 0FF </p><p>$10.25 ($4.10 / Ounce)</p><a href="https://www.amazon.com/dp/B00KFITCXS?tag=eloabder-20&linkCode=osi&th=1&psc=1">View Product</a></div><div class="product"><a href="https://www.amazon.com/dp/B000LTJRQ8?tag=eloabder-20&linkCode=osi&th=1&psc=1"><img src="https://m.media-amazon.com/images/I/51z4dtHfCgL._SL500_.jpg" alt="Product Image"></a><p>Triple Paste Diaper Rash Cream for Baby - 8 Oz Tub - Zinc Oxide Ointment Treats, Soothes and Prevents Diaper Rash - Pediatrician-Recommended Hypoallergenic Formula with Soothing Botanicals</p><p> -27% 0FF </p><p>$14.53 ($1.82 / Ounce)</p><a href="https://www.amazon.com/dp/B000LTJRQ8?tag=eloabder-20&linkCode=osi&th=1&psc=1">View Product</a></div><div class="product"><a href="https://www.amazon.com/dp/B00BH0PZBG?tag=eloabder-20&linkCode=osi&th=1&psc=1"><img src="https://m.media-amazon.com/images/I/41nENIiSAHL._SL500_.jpg" alt="Product Image"></a><p>Desitin Maximum Strength Baby Diaper Rash Cream with 40% Zinc Oxide for Treatment, Relief & Prevention, Hypoallergenic, Phthalate- & Paraben-Free Paste, 16 oz</p><p> -31% 0FF </p><p>$18.44 ($1.15 / Ounce)</p><a href="https://www.amazon.com/dp/B00BH0PZBG?tag=eloabder-20&linkCode=osi&th=1&psc=1">View Product</a></div><div class="product"><a href="https://www.amazon.com/dp/B000V3MFUY?tag=eloabder-20&linkCode=osi&th=1&psc=1"><img src="https://m.media-amazon.com/images/I/31To+A+IRQL._SL500_.jpg" alt="Product Image"></a><p>Weleda Baby Calendula Diaper Cream, 2.8 Fluid Ounce, Plant Rich Protection with Calendula, Chamomile, Sweet Almond Oil, Lanolin and Zinc Oxide</p><p> -12% 0FF </p><p>$12.32 ($4.40 / Ounce)</p><a href="https://www.amazon.com/dp/B000V3MFUY?tag=eloabder-20&linkCode=osi&th=1&psc=1">View Product</a></div>
<div class="product"><a href="https://www.amazon.com/dp/B012UFN9T6?tag=eloabder-20&linkCode=osi&th=1&psc=1"><img src="https://m.media-amazon.com/images/I/51SxpJF694L._SL500_.jpg" alt="Product Image"></a><p>Nuby Diaper Disposal Bags for Baby - (6-Pack) 50 Count Disposable Bags - Fresh Baby Powder Scent - Blue</p><p> -10% 0FF </p><p>$16.15</p><a href="https://www.amazon.com/dp/B012UFN9T6?tag=eloabder-20&linkCode=osi&th=1&psc=1">View Product</a></div>
<div class="product"><a href="https://www.amazon.com/dp/B0CPR2N8FD?tag=eloabder-20&linkCode=osi&th=1&psc=1"><img src="https://m.media-amazon.com/images/I/41uXmeS+P5L._SL500_.jpg" alt="Product Image"></a><p>Diaper Genie Select Pail Registry Gift Set (White) | Made of Durable Stainless Steel Metal | Includes 2 Jumbo Refills | Holds 1620 Newborn Diapers</p><p> -20% 0FF </p><p>$59.99</p><a href="https://www.amazon.com/dp/B0CPR2N8FD?tag=eloabder-20&linkCode=osi&th=1&psc=1">View Product</a></div><div class="product"><a href="https://www.amazon.com/dp/B0CNS3R8T7?tag=eloabder-20&linkCode=osi&th=1&psc=1"><img src="https://m.media-amazon.com/images/I/31BIw9M8SwL._SL500_.jpg" alt="Product Image"></a><p>Diaper Genie Classic Pail Includes 1 Starter Square Refill That can Hold up to 165 Newborn-Sized Diapers.</p><p> -20% 0FF </p><p>$23.99</p><a href="https://www.amazon.com/dp/B0CNS3R8T7?tag=eloabder-20&linkCode=osi&th=1&psc=1">View Product</a></div><div class="product"><a href="https://www.amazon.com/dp/B0BWGZ7J7W?tag=eloabder-20&linkCode=osi&th=1&psc=1"><img src="https://m.media-amazon.com/images/I/41pqvAOekFL._SL500_.jpg" alt="Product Image"></a><p>Diaper Genie Signature Gift Set | Includes Easy Roll Refill with 48 Bags | Holds Up to 2256 Newborn Diapers</p><p> -41% 0FF </p><p>$52.79</p><a href="https://www.amazon.com/dp/B0BWGZ7J7W?tag=eloabder-20&linkCode=osi&th=1&psc=1">View Product</a></div><div class="product"><a href="https://www.amazon.com/dp/B00821FLT4?tag=eloabder-20&linkCode=osi&th=1&psc=1"><img src="https://m.media-amazon.com/images/I/21an29pWMkL._SL500_.jpg" alt="Product Image"></a><p>Ubbi Steel Diaper Pail, Odor Locking, No Special Bag Required, Award-Winning, Registry Must-Have, White</p><p> -30% 0FF </p><p>$55.99</p><a href="https://www.amazon.com/dp/B00821FLT4?tag=eloabder-20&linkCode=osi&th=1&psc=1">View Product</a></div><div class="product"><a href="https://www.amazon.com/dp/B0BWGWZ2J4?tag=eloabder-20&linkCode=osi&th=1&psc=1"><img src="https://m.media-amazon.com/images/I/317sppbydxL._SL500_.jpg" alt="Product Image"></a><p>Diaper Genie Signature Pail (Grey) Includes 1 Easy Roll Refill with 18 Bags | Holds Up to 846 Newborn-Sized Diapers Per Refill</p><p> -20% 0FF </p><p>$47.99</p><a href="https://www.amazon.com/dp/B0BWGWZ2J4?tag=eloabder-20&linkCode=osi&th=1&psc=1">View Product</a></div>
<div class="product"><a href="https://www.amazon.com/dp/B0083973FK?tag=eloabder-20&linkCode=osi&th=1&psc=1"><img src="https://m.media-amazon.com/images/I/51c+QHPetfL._SL500_.jpg" alt="Product Image"></a><p>Sposie Booster Pads, Stop Overnight Diaper Leaks, Adhesive-Free for Easy repositioning, Helps Reduce Nighttime Diaper Changes and Diaper Rash, Use with Sizes 4-6, 90 ct.</p><p> -20% 0FF </p><p>$39.99 ($0.44 / Count)</p><a href="https://www.amazon.com/dp/B0083973FK?tag=eloabder-20&linkCode=osi&th=1&psc=1">View Product</a></div><div class="product"><a href="https://www.amazon.com/dp/B07V4MZF2W?tag=eloabder-20&linkCode=osi&th=1&psc=1"><img src="https://m.media-amazon.com/images/I/51u-l608rTL._SL500_.jpg" alt="Product Image"></a><p>Dimples Booster Pads, Baby Diaper Doubler with Adhesive - 1 Size Fits All Diapers - Boosts Diaper Absorbency - No More leaks 90 Count (with Adhesive for Secure Fit)</p><p> -15% 0FF </p><p>$27.99 ($0.31 / Count)</p><a href="https://www.amazon.com/dp/B07V4MZF2W?tag=eloabder-20&linkCode=osi&th=1&psc=1">View Product</a></div><div class="product"><a href="https://www.amazon.com/dp/B0CBQQKMS2?tag=eloabder-20&linkCode=osi&th=1&psc=1"><img src="https://m.media-amazon.com/images/I/51IK5dDp++L._SL500_.jpg" alt="Product Image"></a><p>Inspire Ultra Dimples Diaper Booster Pads | Our Most Absorbent Diaper Inserts Ever | Diaper Pads Inserts Overnight or Daytime | Diaper Liners Turn Any Diaper into Super Overnight Diapers for Babies</p><p> -17% 0FF </p><p>$9.99 ($0.48 / Count)</p><a href="https://www.amazon.com/dp/B0CBQQKMS2?tag=eloabder-20&linkCode=osi&th=1&psc=1">View Product</a></div>
<div class="product"><a href="https://www.amazon.com/dp/B0B5WF7S9F?tag=eloabder-20&linkCode=osi&th=1&psc=1"><img src="https://m.media-amazon.com/images/I/41vB5uYpocL._SL500_.jpg" alt="Product Image"></a><p>Mr. Pen- Baby Diaper Caddy Organizer, Car Caddy, Portable Organizer for Changing Table, Nursery</p><p> -14% 0FF </p><p>$12.85</p><a href="https://www.amazon.com/dp/B0B5WF7S9F?tag=eloabder-20&linkCode=osi&th=1&psc=1">View Product</a></div><div class="product"><a href="https://www.amazon.com/dp/B0734LPFJR?tag=eloabder-20&linkCode=osi&th=1&psc=1"><img src="https://m.media-amazon.com/images/I/51TCskU5lyL._SL500_.jpg" alt="Product Image"></a><p>Lily Miles Baby Diaper Caddy - Large Organizer Tote Bag for Baby essentials Boy or Girl - Baby Shower Basket - Nursery Must Haves - Registry Favorites - Newborn Caddie Car Travel</p><p> -17% 0FF </p><p>$24.95</p><a href="https://www.amazon.com/dp/B0734LPFJR?tag=eloabder-20&linkCode=osi&th=1&psc=1">View Product</a></div><div class="product"><a href="https://www.amazon.com/dp/B0D4LRZW48?tag=eloabder-20&linkCode=osi&th=1&psc=1"><img src="https://m.media-amazon.com/images/I/41NadHwjJlL._SL500_.jpg" alt="Product Image"></a><p>KEETDY Large Diaper Pocket Over the Door Organizer for Nursery, Closet Door Hanging Storage, Baby Organizers and Storage for Newborn Essentials & Diaper Organizer, Beige</p><p> -19% 0FF </p><p>$16.99</p><a href="https://www.amazon.com/dp/B0D4LRZW48?tag=eloabder-20&linkCode=osi&th=1&psc=1">View Product</a></div>
<div class="product"><a href="https://www.amazon.com/dp/B01BDQDIGM?tag=eloabder-20&linkCode=osi&th=1&psc=1"><img src="https://m.media-amazon.com/images/I/41ym1o+HI0L._SL500_.jpg" alt="Product Image"></a><p>Munchkin® STEP™ Diaper Pail Powered by Arm & Hammer, #1 in Odor Control, Award-Winning, Includes 1 Snap, Seal & Toss™ Bag, 1 Starter Refill Ring, and 1 PUCK™ Baking Soda Cartridge</p><p> -19% 0FF </p><p>$59.99</p><a href="https://www.amazon.com/dp/B01BDQDIGM?tag=eloabder-20&linkCode=osi&th=1&psc=1">View Product</a></div><div class="product"><a href="https://www.amazon.com/dp/B0CNS3NMT5?tag=eloabder-20&linkCode=osi&th=1&psc=1"><img src="https://m.media-amazon.com/images/I/41VFasXJE-L._SL500_.jpg" alt="Product Image"></a><p>Diaper Genie Select Pail (Blue) is Made of Durable Stainless Steel and Includes 1 Starter Square Refill That can Hold up to 165 Newborn-Sized Diapers.</p><p> -34% 0FF </p><p>$32.79</p><a href="https://www.amazon.com/dp/B0CNS3NMT5?tag=eloabder-20&linkCode=osi&th=1&psc=1">View Product</a></div><div class="product"><a href="https://www.amazon.com/dp/B000RLQZD8?tag=eloabder-20&linkCode=osi&th=1&psc=1"><img src="https://m.media-amazon.com/images/I/41vuQVcyESL._SL500_.jpg" alt="Product Image"></a><p>Diaper Dekor Plus Hands-Free Diaper Pail | White | Easiest to Use | Just Step–Drop–Done | Doesn’t Absorb Odors | 20 Second Bag Change | Most Economical Refill System | Great for Cloth Diapers</p><p> -9% 0FF </p><p>$49.95</p><a href="https://www.amazon.com/dp/B000RLQZD8?tag=eloabder-20&linkCode=osi&th=1&psc=1">View Product</a></div>
<div class="product"><a href="https://www.amazon.com/dp/B016N3PHBO?tag=eloabder-20&linkCode=osi&th=1&psc=1"><img src="https://m.media-amazon.com/images/I/31X8EAoIwzL._SL500_.jpg" alt="Product Image"></a><p>A+D Zinc Oxide Diaper Rash Treatment Cream, Dimenthicone 1%, Zinc Oxide 10%, Easy Spreading Baby Skin Care, 4 Ounce Tube (Packaging May Vary)</p><p> -9% 0FF </p><p>$5.47 ($0.98 / Ounce)</p><a href="https://www.amazon.com/dp/B016N3PHBO?tag=eloabder-20&linkCode=osi&th=1&psc=1">View Product</a></div>
<div class="product"><a href="https://www.amazon.com/dp/B073V5XZHZ?tag=eloabder-20&linkCode=osi&th=1&psc=1"><img src="https://m.media-amazon.com/images/I/41FJH3vX0xL._SL500_.jpg" alt="Product Image"></a><p>hiccapop Hanging Diaper Organizer for Changing Table, Cribs and Walls, Diaper Stacker and Nursery Organizer | Hanging Storage Caddy Organizer for Baby Essentials |</p><p> -14% 0FF </p><p>$29.92</p><a href="https://www.amazon.com/dp/B073V5XZHZ?tag=eloabder-20&linkCode=osi&th=1&psc=1">View Product</a></div>

<div class="product"><a href="https://www.amazon.com/dp/B07MB5PZBF?tag=eloabder-20&linkCode=osi&th=1&psc=1"><img src="https://m.media-amazon.com/images/I/51JYyHL1KML._SL500_.jpg" alt="Product Image"></a><p>Huggies Size 1 Diapers, Little Snugglers Newborn Diapers, Size 1 (8-14 lbs), 32 Count</p><p> -19% 0FF </p><p>$9.94 ($0.31 / Count)</p><a href="https://www.amazon.com/dp/B07MB5PZBF?tag=eloabder-20&linkCode=osi&th=1&psc=1">View Product</a></div><div class="product"><a href="https://www.amazon.com/dp/B07T4WQRNJ?tag=eloabder-20&linkCode=osi&th=1&psc=1"><img src="https://m.media-amazon.com/images/I/41yeY7iBMEL._SL500_.jpg" alt="Product Image"></a><p>Amazon Brand - Mama Bear Gentle Touch Diapers, Hypoallergenic, Size 5, 33 Count, White</p><p> -9% 0FF </p><p>$11.61</p><a href="https://www.amazon.com/dp/B07T4WQRNJ?tag=eloabder-20&linkCode=osi&th=1&psc=1">View Product</a></div><div class="product"><a href="https://www.amazon.com/dp/B0CKV3GLS2?tag=eloabder-20&linkCode=osi&th=1&psc=1"><img src="https://m.media-amazon.com/images/I/51zE6kc5RWL._SL500_.jpg" alt="Product Image"></a><p>The Honest Company Clean Conscious Diapers | Plant-Based, Sustainable | Young at Heart + Rose Blossom | Club Box, Size 2 (12-18 lbs), 72 Count</p><p> -15% 0FF </p><p>$25.49 ($0.35 / Count)</p><a href="https://www.amazon.com/dp/B0CKV3GLS2?tag=eloabder-20&linkCode=osi&th=1&psc=1">View Product</a></div><div class="product"><a href="https://www.amazon.com/dp/B0CHGJ4YVM?tag=eloabder-20&linkCode=osi&th=1&psc=1"><img src="https://m.media-amazon.com/images/I/51eBhAfAr+L._SL500_.jpg" alt="Product Image"></a><p>Huggies Size 1 Diapers, Skin Essentials Baby Diapers, Size 1 (8-14 lbs), 32 Count</p><p> -19% 0FF </p><p>$9.94 ($0.31 / Count)</p><a href="https://www.amazon.com/dp/B0CHGJ4YVM?tag=eloabder-20&linkCode=osi&th=1&psc=1">View Product</a></div>
<div class="product"><a href="https://www.amazon.com/dp/B005OSHTXO?tag=eloabder-20&linkCode=osi&th=1&psc=1"><img src="https://m.media-amazon.com/images/I/41MQMmwwDUL._SL500_.jpg" alt="Product Image"></a><p>Badger Basket Modern Baby Changing Table with Laundry Hamper, 3 Storage Drawers and Pad, Diaper Change Station - Espresso/Ecru</p><p> -35% 0FF </p><p>$122.99</p><a href="https://www.amazon.com/dp/B005OSHTXO?tag=eloabder-20&linkCode=osi&th=1&psc=1">View Product</a></div><div class="product"><a href="https://www.amazon.com/dp/B0C84T1L1F?tag=eloabder-20&linkCode=osi&th=1&psc=1"><img src="https://m.media-amazon.com/images/I/31VUJhNc2fL._SL500_.jpg" alt="Product Image"></a><p>Portable Baby Changing Table with 2 Storage Baskets, BabyBond Foldable Changing Table Dresser Waterproof Diaper Changing Table Height Adjustable Changing Station for Infant and Newborn(Beige)</p><p> -10% 0FF </p><p>$143.99</p><a href="https://www.amazon.com/dp/B0C84T1L1F?tag=eloabder-20&linkCode=osi&th=1&psc=1">View Product</a></div><div class="product"><a href="https://www.amazon.com/dp/B002ACCC52?tag=eloabder-20&linkCode=osi&th=1&psc=1"><img src="https://m.media-amazon.com/images/I/415B3nyWlOS._SL500_.jpg" alt="Product Image"></a><p>Delta Children Eclipse Changing Table with Changing Pad, Black Cherry</p><p> -24% 0FF </p><p>$106.98</p><a href="https://www.amazon.com/dp/B002ACCC52?tag=eloabder-20&linkCode=osi&th=1&psc=1">View Product</a></div>
<div class="product"><a href="https://www.amazon.com/dp/B01AZ20SSQ?tag=eloabder-20&linkCode=osi&th=1&psc=1"><img src="https://m.media-amazon.com/images/I/51gIZq6E8lL._SL500_.jpg" alt="Product Image"></a><p>Baby Trend Sit N' Stand Double Stroller, Onyx</p><p> -30% 0FF </p><p>$139.99</p><a href="https://www.amazon.com/dp/B01AZ20SSQ?tag=eloabder-20&linkCode=osi&th=1&psc=1">View Product</a></div><div class="product"><a href="https://www.amazon.com/dp/B07B7QC8DV?tag=eloabder-20&linkCode=osi&th=1&psc=1"><img src="https://m.media-amazon.com/images/I/41bHbNU6jhL._SL500_.jpg" alt="Product Image"></a><p>Jeep Destination Ultralight Side x Side Double Stroller, Midnight</p><p> -15% 0FF </p><p>$254.00</p><a href="https://www.amazon.com/dp/B07B7QC8DV?tag=eloabder-20&linkCode=osi&th=1&psc=1">View Product</a></div><div class="product"><a href="https://www.amazon.com/dp/B00GJIXW2K?tag=eloabder-20&linkCode=osi&th=1&psc=1"><img src="https://m.media-amazon.com/images/I/518kAj+pzjL._SL500_.jpg" alt="Product Image"></a><p>Delta Children LX Side by Side Stroller - with Recline, Storage & Compact Fold, Grey</p><p> -33% 0FF </p><p>$74.00</p><a href="https://www.amazon.com/dp/B00GJIXW2K?tag=eloabder-20&linkCode=osi&th=1&psc=1">View Product</a></div><div class="product"><a href="https://www.amazon.com/dp/B01L7C479Y?tag=eloabder-20&linkCode=osi&th=1&psc=1"><img src="https://m.media-amazon.com/images/I/51QBKRK7LwL._SL500_.jpg" alt="Product Image"></a><p>Jeep Scout Double Stroller, Charcoal Galaxy</p><p> -8% 0FF </p><p>$109.99</p><a href="https://www.amazon.com/dp/B01L7C479Y?tag=eloabder-20&linkCode=osi&th=1&psc=1">View Product</a></div><div class="product"><a href="https://www.amazon.com/dp/B07BVMSHTZ?tag=eloabder-20&linkCode=osi&th=1&psc=1"><img src="https://m.media-amazon.com/images/I/41arpDdiGJL._SL500_.jpg" alt="Product Image"></a><p>Baby Trend Expedition Double Jogger Stroller, Griffin</p><p> -12% 0FF </p><p>$219.99</p><a href="https://www.amazon.com/dp/B07BVMSHTZ?tag=eloabder-20&linkCode=osi&th=1&psc=1">View Product</a></div><div class="product"><a href="https://www.amazon.com/dp/B095JMDHG1?tag=eloabder-20&linkCode=osi&th=1&psc=1"><img src="https://m.media-amazon.com/images/I/41RzxXFC3zL._SL500_.jpg" alt="Product Image"></a><p>Summer Infant 3Dlite Folding Lightweight Side by Side Double Stroller with 5-Point Safety Harness for Infants and Toddlers, Black</p><p> -10% 0FF </p><p>$143.99</p><a href="https://www.amazon.com/dp/B095JMDHG1?tag=eloabder-20&linkCode=osi&th=1&psc=1">View Product</a></div>
<div class="product"><a href="https://www.amazon.com/dp/B08SQ88X9F?tag=eloabder-20&linkCode=osi&th=1&psc=1"><img src="https://m.media-amazon.com/images/I/614bujHCtPL._SL500_.jpg" alt="Product Image"></a><p>One Fire Night Light for Kids, 96 Lighting Modes Star Projector 360° Rotating+6 Films Kids Night Light Projector,Rechargeable Baby Night Light Ceiling Projector for Bedroom,Kids Gifts&Kids Room Decor</p><p> -29% 0FF </p><p>$14.98</p><a href="https://www.amazon.com/dp/B08SQ88X9F?tag=eloabder-20&linkCode=osi&th=1&psc=1">View Product</a></div><div class="product"><a href="https://www.amazon.com/dp/B07NZN2ZYN?tag=eloabder-20&linkCode=osi&th=1&psc=1"><img src="https://m.media-amazon.com/images/I/51PBHAO+ngL._SL500_.jpg" alt="Product Image"></a><p>Night Light for Kids,Unicorn Night Light Star Projector Gifts for Kids Toddlers,Night Lights Projector for Baby,Unicorn Lamp Ceiling Lights for Girls Bedroom,Night Light for Kids Bedroom(Light Pink)</p><p> -25% 0FF </p><p>$14.99</p><a href="https://www.amazon.com/dp/B07NZN2ZYN?tag=eloabder-20&linkCode=osi&th=1&psc=1">View Product</a></div><div class="product"><a href="https://www.amazon.com/dp/B01LQX0BXA?tag=eloabder-20&linkCode=osi&th=1&psc=1"><img src="https://m.media-amazon.com/images/I/41BcHezl7XL._SL500_.jpg" alt="Product Image"></a><p>Emotionlite Plug in Night Light, Warm White LED Nightlights, Dusk to Dawn Sensor, Kids, Nursery, Bedroom, Bathroom,Hallway, Stairs, Kitchen, UL Listed, 4 Pack</p><p> -17% 0FF </p><p>$9.99 ($2.50 / Count)</p><a href="https://www.amazon.com/dp/B01LQX0BXA?tag=eloabder-20&linkCode=osi&th=1&psc=1">View Product</a></div><div class="product"><a href="https://www.amazon.com/dp/B07H71NHYM?tag=eloabder-20&linkCode=osi&th=1&psc=1"><img src="https://m.media-amazon.com/images/I/412t0Nzaz2L._SL500_.jpg" alt="Product Image"></a><p>2 Pack Sensor LED Night Lights, Color Changing Plug-in Led Mushroom Dream Bed Lamp for Kids Children Adults, Dusk to Dawn Sensor Auto On/Off, Funny Wall Decor Gifts for Nursery Baby Bed Flower Lamp</p><p> -20% 0FF </p><p>$7.99 ($4.00 / Count)</p><a href="https://www.amazon.com/dp/B07H71NHYM?tag=eloabder-20&linkCode=osi&th=1&psc=1">View Product</a></div>
<div class="product"><a href="https://www.amazon.com/dp/B07N1JP56L?tag=eloabder-20&linkCode=osi&th=1&psc=1"><img src="https://m.media-amazon.com/images/I/31R-qSPlk8L._SL500_.jpg" alt="Product Image"></a><p>Fisher-Price Baby Toy Soothe 'n Snuggle Otter Portable Plush Sound Machine with Music Lights & Breathing Motion for Newborns 0+ Months</p><p> -14% 0FF </p><p>$36.99</p><a href="https://www.amazon.com/dp/B07N1JP56L?tag=eloabder-20&linkCode=osi&th=1&psc=1">View Product</a></div><div class="product"><a href="https://www.amazon.com/dp/B006YBHE6M?tag=eloabder-20&linkCode=osi&th=1&psc=1"><img src="https://m.media-amazon.com/images/I/51xjlvsIJlL._SL500_.jpg" alt="Product Image"></a><p>Baby Einstein Sea Dreams Soother, Crib Mount</p><p> -15% 0FF </p><p>$53.99</p><a href="https://www.amazon.com/dp/B006YBHE6M?tag=eloabder-20&linkCode=osi&th=1&psc=1">View Product</a></div><div class="product"><a href="https://www.amazon.com/dp/B075LRC7Z4?tag=eloabder-20&linkCode=osi&th=1&psc=1"><img src="https://m.media-amazon.com/images/I/51n2YwyhfIL._SL500_.jpg" alt="Product Image"></a><p>Soft Dreams Elephant Music and Glow Soother, Grey/Mint</p><p> -17% 0FF </p><p>$19.99</p><a href="https://www.amazon.com/dp/B075LRC7Z4?tag=eloabder-20&linkCode=osi&th=1&psc=1">View Product</a></div><div class="product"><a href="https://www.amazon.com/dp/B0C98SMC3J?tag=eloabder-20&linkCode=osi&th=1&psc=1"><img src="https://m.media-amazon.com/images/I/41FqmVxcrYL._SL500_.jpg" alt="Product Image"></a><p>Baby Sleep Soother Pillow Pets Dream Lites Dinosaur Projector Plush Toys for Boys Girls Baby Sound Machine Stuffed Animal Machine Pillow Ceiling Toys for Toddler</p><p> -17% 0FF </p><p>$19.99</p><a href="https://www.amazon.com/dp/B0C98SMC3J?tag=eloabder-20&linkCode=osi&th=1&psc=1">View Product</a></div>
<div class="product"><a href="https://www.amazon.com/dp/B01HP0JU2G?tag=eloabder-20&linkCode=osi&th=1&psc=1"><img src="https://m.media-amazon.com/images/I/51VRUtudnyL._SL500_.jpg" alt="Product Image"></a><p>Braun ThermoScan 5 Ear Thermometer</p><p> -11% 0FF </p><p>$31.00</p><a href="https://www.amazon.com/dp/B01HP0JU2G?tag=eloabder-20&linkCode=osi&th=1&psc=1">View Product</a></div><div class="product"><a href="https://www.amazon.com/dp/B07YYMBVVC?tag=eloabder-20&linkCode=osi&th=1&psc=1"><img src="https://m.media-amazon.com/images/I/41eqvQ9sQ-L._SL500_.jpg" alt="Product Image"></a><p>Alcedo Forehead and Ear Thermometer for Adults, Kids, and Baby | Digital Infrared Thermometer for Fever | Touchless, Instant Read, Medical Grade | Pouch and Batteries Included</p><p> -17% 0FF </p><p>$24.95</p><a href="https://www.amazon.com/dp/B07YYMBVVC?tag=eloabder-20&linkCode=osi&th=1&psc=1">View Product</a></div>
<div class="product"><a href="https://www.amazon.com/dp/B077QBJNVM?tag=eloabder-20&linkCode=osi&th=1&psc=1"><img src="https://m.media-amazon.com/images/I/41Rrkn2-CKL._SL500_.jpg" alt="Product Image"></a><p>Baby Nail Trimmer 21 in 1, with Labeled case, Includes 13 Extra Replacement Tools, Royal Angels Baby Electric Nail Kit, Baby Nail Care, Nail File Newborn Toddler Toes & Fingernails Clipper (Blue)</p><p> -49% 0FF </p><p>$15.19</p><a href="https://www.amazon.com/dp/B077QBJNVM?tag=eloabder-20&linkCode=osi&th=1&psc=1">View Product</a></div><div class="product"><a href="https://www.amazon.com/dp/B0CL4G33BX?tag=eloabder-20&linkCode=osi&th=1&psc=1"><img src="https://m.media-amazon.com/images/I/41ciCj+3ozL._SL500_.jpg" alt="Product Image"></a><p>Momcozy Baby Nail File Electric, Gentle Baby Nail Trimmer Electric Rechargeable, Baby Nail Clipper Electric, 7 Grinding Head Replacement Pads</p><p> -17% 0FF </p><p>$24.99</p><a href="https://www.amazon.com/dp/B0CL4G33BX?tag=eloabder-20&linkCode=osi&th=1&psc=1">View Product</a></div><div class="product"><a href="https://www.amazon.com/dp/B07B2C8DJD?tag=eloabder-20&linkCode=osi&th=1&psc=1"><img src="https://m.media-amazon.com/images/I/41fgXtsyDWL._SL500_.jpg" alt="Product Image"></a><p>Baby Nail Trimmer Electric Nail File Baby Nail Clippers, Safe Nail Filer Grinder Kit for Newborn Infant Toddler Kids or Adults Toes Fingernails Care Trim Polish, with Led Light and 10 Grinding Heads</p><p> -8% 0FF </p><p>$14.99</p><a href="https://www.amazon.com/dp/B07B2C8DJD?tag=eloabder-20&linkCode=osi&th=1&psc=1">View Product</a></div><div class="product"><a href="https://www.amazon.com/dp/B0D6R6ZPPF?tag=eloabder-20&linkCode=osi&th=1&psc=1"><img src="https://m.media-amazon.com/images/I/41f5Kh-OjGL._SL500_.jpg" alt="Product Image"></a><p>Electric Baby Nail Clippers - 3 in 1 Fingernail Trimmer, Polisher & Clip Storage with Led, USB Rechargeable & 2 Speeds for Baby, Kids, Adult, Seniors, Caregivers</p><p> -15% 0FF </p><p>$23.58</p><a href="https://www.amazon.com/dp/B0D6R6ZPPF?tag=eloabder-20&linkCode=osi&th=1&psc=1">View Product</a></div>
<div class="product"><a href="https://www.amazon.com/dp/B07WY1PGQC?tag=eloabder-20&linkCode=osi&th=1&psc=1"><img src="https://m.media-amazon.com/images/I/414iv2EhSgL._SL500_.jpg" alt="Product Image"></a><p>Dr. Brown's Natural Flow Anti-Colic Options+ Narrow Glass Baby Bottle 8 oz/250 mL, with Level 1 Slow Flow Nipple, 2 Pack, 0m+</p><p> -6% 0FF </p><p>$15.98</p><a href="https://www.amazon.com/dp/B07WY1PGQC?tag=eloabder-20&linkCode=osi&th=1&psc=1">View Product</a></div><div class="product"><a href="https://www.amazon.com/dp/B000WPVCQE?tag=eloabder-20&linkCode=osi&th=1&psc=1"><img src="https://m.media-amazon.com/images/I/41sXQF4JFtL._SL500_.jpg" alt="Product Image"></a><p>Medela Slow Flow Feeding & Storage Bottles, 3 Pack of 5 Ounce Bottle with Nipple, Lids, Wide Base Collars, and Travel Caps, Made Without BPA</p><p> -37% 0FF </p><p>$14.98</p><a href="https://www.amazon.com/dp/B000WPVCQE?tag=eloabder-20&linkCode=osi&th=1&psc=1">View Product</a></div><div class="product"><a href="https://www.amazon.com/dp/B08XNYS46K?tag=eloabder-20&linkCode=osi&th=1&psc=1"><img src="https://m.media-amazon.com/images/I/31bCTm8z+KL._SL500_.jpg" alt="Product Image"></a><p>Sassy 2pk Baby Food Nursers- 3 Nipples, Multi</p><p> -15% 0FF </p><p>$11.04</p><a href="https://www.amazon.com/dp/B08XNYS46K?tag=eloabder-20&linkCode=osi&th=1&psc=1">View Product</a></div>
<div class="product"><a href="https://www.amazon.com/dp/B004RIBVTK?tag=eloabder-20&linkCode=osi&th=1&psc=1"><img src="https://m.media-amazon.com/images/I/41qLfV5gyYL._SL500_.jpg" alt="Product Image"></a><p>First Aid Only 12-110 Alcohol Wipes, Individually Wrapped, 100 Per Box</p><p> -9% 0FF </p><p>$5.29 ($0.05 / Count)</p><a href="https://www.amazon.com/dp/B004RIBVTK?tag=eloabder-20&linkCode=osi&th=1&psc=1">View Product</a></div><div class="product"><a href="https://www.amazon.com/dp/B09YN8K3TH?tag=eloabder-20&linkCode=osi&th=1&psc=1"><img src="https://m.media-amazon.com/images/I/51uaWltWJiL._SL500_.jpg" alt="Product Image"></a><p>Baby Healthcare and Grooming Kit, Portable Baby Safety Care Set, Baby Essentials kit for Newborn (Blue 26 in 1)</p><p> -6% 0FF </p><p>$16.99</p><a href="https://www.amazon.com/dp/B09YN8K3TH?tag=eloabder-20&linkCode=osi&th=1&psc=1">View Product</a></div><div class="product"><a href="https://www.amazon.com/dp/B09FFT9BL2?tag=eloabder-20&linkCode=osi&th=1&psc=1"><img src="https://m.media-amazon.com/images/I/51mTQI4FDBL._SL500_.jpg" alt="Product Image"></a><p>Smart Care Fisher-Price 6-Piece Baby Healthcare Kit, Newborn Essentials, Baby Gift Set, Includes Medicine Dispensers, Aspirator, Baby Nail Clippers, Baby Thermometer</p><p> -23% 0FF </p><p>$10.73</p><a href="https://www.amazon.com/dp/B09FFT9BL2?tag=eloabder-20&linkCode=osi&th=1&psc=1">View Product</a></div>

<div class="product"><a href="https://www.amazon.com/dp/B07GTMWP8R?tag=eloabder-20&linkCode=osi&th=1&psc=1"><img src="https://m.media-amazon.com/images/I/412oB-MFGOL._SL500_.jpg" alt="Product Image"></a><p>Matyz Versatile Baby Food Maker Set - Toddler Food Mills with Mash Bowl, Hand Masher, Citrus Juicer, Grater - Making Homemade Baby Food - Fruits and Vegetables Masher - No BPA (Yellow)</p><p> -36% 0FF </p><p>$15.99</p><a href="https://www.amazon.com/dp/B07GTMWP8R?tag=eloabder-20&linkCode=osi&th=1&psc=1">View Product</a></div><div class="product"><a href="https://www.amazon.com/dp/B00FWSQ55E?tag=eloabder-20&linkCode=osi&th=1&psc=1"><img src="https://m.media-amazon.com/images/I/316TAIMF4qL._SL500_.jpg" alt="Product Image"></a><p>NUK Fresh Foods Masher & Bowl, colour pistachio</p><p> -10% 0FF </p><p>$17.99</p><a href="https://www.amazon.com/dp/B00FWSQ55E?tag=eloabder-20&linkCode=osi&th=1&psc=1">View Product</a></div>
<div class="product"><a href="https://www.amazon.com/dp/B07MYW28QR?tag=eloabder-20&linkCode=osi&th=1&psc=1"><img src="https://m.media-amazon.com/images/I/315j5b08H9L._SL500_.jpg" alt="Product Image"></a><p>Baby Brezza New and Improved Formula Pro Advanced Formula Dispenser Machine - Automatically Mix a Warm Formula Bottle Instantly - Easily Make Bottle with Automatic Powder Blending, White</p><p> -20% 0FF </p><p>$184.99</p><a href="https://www.amazon.com/dp/B07MYW28QR?tag=eloabder-20&linkCode=osi&th=1&psc=1">View Product</a></div>
<div class="product"><a href="https://www.amazon.com/dp/B0B2KVK1QS?tag=eloabder-20&linkCode=osi&th=1&psc=1"><img src="https://m.media-amazon.com/images/I/31JCp0AmlBL._SL500_.jpg" alt="Product Image"></a><p>Dr. Brown's Baby Formula Mixing Pitcher with Adjustable Stopper, Locking Lid, & No Drip Spout, 32oz, BPA Free, Teal</p><p> -9% 0FF </p><p>$9.97</p><a href="https://www.amazon.com/dp/B0B2KVK1QS?tag=eloabder-20&linkCode=osi&th=1&psc=1">View Product</a></div><div class="product"><a href="https://www.amazon.com/dp/B0CM5J4JWT?tag=eloabder-20&linkCode=osi&th=1&psc=1"><img src="https://m.media-amazon.com/images/I/31VSt6TaXAL._SL500_.jpg" alt="Product Image"></a><p>Electric Baby Formula Mixing Pitcher, NehNeh Baby Bi-directional Alternating Stirring Mixer | No Air Bubble | No Clumps | No Drip Spout | Locking Lid | Fridge Storage 36oz, BPA Free -Green</p><p> -27% 0FF </p><p>$21.99</p><a href="https://www.amazon.com/dp/B0CM5J4JWT?tag=eloabder-20&linkCode=osi&th=1&psc=1">View Product</a></div><div class="product"><a href="https://www.amazon.com/dp/B0D1C9D91Q?tag=eloabder-20&linkCode=osi&th=1&psc=1"><img src="https://m.media-amazon.com/images/I/41MGIga8RYL._SL500_.jpg" alt="Product Image"></a><p>Electric Bottle Brush Cleaner Baby, Silicone Electric Baby Bottle Brush Set with Nipple Brush/Baby Formula Mixer USB Rechargeable & 2 Mode 360° Spinning Cleaner. Essential Feeding Supplies for Moms</p><p> -24% 0FF </p><p>$21.99</p><a href="https://www.amazon.com/dp/B0D1C9D91Q?tag=eloabder-20&linkCode=osi&th=1&psc=1">View Product</a></div>
<div class="product"><a href="https://www.amazon.com/dp/B0823FX2SL?tag=eloabder-20&linkCode=osi&th=1&psc=1"><img src="https://m.media-amazon.com/images/I/41i+ptDBdcL._SL500_.jpg" alt="Product Image"></a><p>Frida Baby Grooming Kit | Baby Essentials Gift Set Includes Finger Brush with Storage Stand, Hair Brush with Case, Styling Hair Comb, Easy Grip Nail Scissors with Nail File and Case</p><p> -39% 0FF </p><p>$15.26</p><a href="https://www.amazon.com/dp/B0823FX2SL?tag=eloabder-20&linkCode=osi&th=1&psc=1">View Product</a></div><div class="product"><a href="https://www.amazon.com/dp/B08PFCJWLF?tag=eloabder-20&linkCode=osi&th=1&psc=1"><img src="https://m.media-amazon.com/images/I/41ugdN8QcEL._SL500_.jpg" alt="Product Image"></a><p>OTTOLIVES Baby Healthcare and Grooming Kit, 24 in 1 Baby Electric Nail Trimmer Set Newborn Nursery Health Care Set for Newborn Infant Toddlers Baby Boys Girls Kids Haircut Tools (0-3 Years+) (Pink)</p><p> -17% 0FF </p><p>$24.99</p><a href="https://www.amazon.com/dp/B08PFCJWLF?tag=eloabder-20&linkCode=osi&th=1&psc=1">View Product</a></div>
<div class="product"><a href="https://www.amazon.com/dp/B074W7SKZ2?tag=eloabder-20&linkCode=osi&th=1&psc=1"><img src="https://m.media-amazon.com/images/I/31KOO0YFRdL._SL500_.jpg" alt="Product Image"></a><p>Mibote Baby Growth Height Chart Handing Ruler Wall Decor for Kids, Canvas Removable Height Growth Chart 79" x 7.9" (Black & White)</p><p> -18% 0FF </p><p>$7.99</p><a href="https://www.amazon.com/dp/B074W7SKZ2?tag=eloabder-20&linkCode=osi&th=1&psc=1">View Product</a></div><div class="product"><a href="https://www.amazon.com/dp/B073V6JFZ1?tag=eloabder-20&linkCode=osi&th=1&psc=1"><img src="https://m.media-amazon.com/images/I/31Fr48bMYdL._SL500_.jpg" alt="Product Image"></a><p>Kate and Laurel Growth Chart 6.5' Wood Wall Ruler, Rustic Brown</p><p> -12% 0FF </p><p>$52.99</p><a href="https://www.amazon.com/dp/B073V6JFZ1?tag=eloabder-20&linkCode=osi&th=1&psc=1">View Product</a></div><div class="product"><a href="https://www.amazon.com/dp/B08PTVQ1W5?tag=eloabder-20&linkCode=osi&th=1&psc=1"><img src="https://m.media-amazon.com/images/I/31m1GJZxGtS._SL500_.jpg" alt="Product Image"></a><p>PandaEar Baby Height Growth Chart Ruler| Kids Boys Girls | Removable Wall Decor Measurement 79" x 7.9" (White)</p><p> -16% 0FF </p><p>$7.59</p><a href="https://www.amazon.com/dp/B08PTVQ1W5?tag=eloabder-20&linkCode=osi&th=1&psc=1">View Product</a></div><div class="product"><a href="https://www.amazon.com/dp/B08TVT93RY?tag=eloabder-20&linkCode=osi&th=1&psc=1"><img src="https://m.media-amazon.com/images/I/41kME5mTgKL._SL500_.jpg" alt="Product Image"></a><p>SUJAYU Growth Chart for Kids, Canvas Height Chart Ruler Removable Wood Hanging Wall Ruler Measurement Chart for Home Decoration (White)</p><p> -13% 0FF </p><p>$6.99</p><a href="https://www.amazon.com/dp/B08TVT93RY?tag=eloabder-20&linkCode=osi&th=1&psc=1">View Product</a></div><div class="product"><a href="https://www.amazon.com/dp/B0D2N5HN9K?tag=eloabder-20&linkCode=osi&th=1&psc=1"><img src="https://m.media-amazon.com/images/I/41rYpem0a5L._SL500_.jpg" alt="Product Image"></a><p>Growth Chart for Wall Wooden Height Chart for Kids Unicorn Castle Height Measurement for Wall Kids Height Wall Chart Kids Room Nursery Wall Decor</p><p> -19% 0FF </p><p>$21.99</p><a href="https://www.amazon.com/dp/B0D2N5HN9K?tag=eloabder-20&linkCode=osi&th=1&psc=1">View Product</a></div>
<div class="product"><a href="https://www.amazon.com/dp/B01N1PTHED?tag=eloabder-20&linkCode=osi&th=1&psc=1"><img src="https://m.media-amazon.com/images/I/31l11tL5deL._SL500_.jpg" alt="Product Image"></a><p>Natemia Baby Hair Brush - Soft Bristle Hair Brush Baby, Baby Registry Gift, Soft Baby Brush, Toddler Hair Brush for Boys & Girls, Newborn Baby Essentials, Newborn Hair Brush, Baby Wooden Brush</p><p> -28% 0FF </p><p>$12.94</p><a href="https://www.amazon.com/dp/B01N1PTHED?tag=eloabder-20&linkCode=osi&th=1&psc=1">View Product</a></div><div class="product"><a href="https://www.amazon.com/dp/B07V6VN1V8?tag=eloabder-20&linkCode=osi&th=1&psc=1"><img src="https://m.media-amazon.com/images/I/415TTdnE6ZL._SL500_.jpg" alt="Product Image"></a><p>Baby Hair Brush - Baby Brush with Soft Goat Bristles, Cradle Cap Brush, Perfect Scalp Grooming Product for Infant, Toddler, Kids, Newborns, Baby Girls, Boys (Walnut, Oval)</p><p> -32% 0FF </p><p>$12.96</p><a href="https://www.amazon.com/dp/B07V6VN1V8?tag=eloabder-20&linkCode=osi&th=1&psc=1">View Product</a></div><div class="product"><a href="https://www.amazon.com/dp/B07XPS253G?tag=eloabder-20&linkCode=osi&th=1&psc=1"><img src="https://m.media-amazon.com/images/I/41Yb4VpbnkS._SL500_.jpg" alt="Product Image"></a><p>Molylove Baby Hair Brush, Wooden Goat Bristles Hair Brush for Newborns & Toddlers, Ideal for Cradle Cap, Perfect Baby Registry Gift, Hypoallergenic, 1 Count</p><p> -33% 0FF </p><p>$5.99</p><a href="https://www.amazon.com/dp/B07XPS253G?tag=eloabder-20&linkCode=osi&th=1&psc=1">View Product</a></div><div class="product"><a href="https://www.amazon.com/dp/B0D68KKVN2?tag=eloabder-20&linkCode=osi&th=1&psc=1"><img src="https://m.media-amazon.com/images/I/41M35gnwy-L._SL500_.jpg" alt="Product Image"></a><p>ROMY RO Soft Wooden Baby Hair Brush for Newborns & Toddlers in Chic Gift Box - Ultra Soft Natural Goat Hair - Perfect Registry Gift (Goat hair brush - Oval)</p><p> -48% 0FF </p><p>$12.94</p><a href="https://www.amazon.com/dp/B0D68KKVN2?tag=eloabder-20&linkCode=osi&th=1&psc=1">View Product</a></div>
<div class="product"><a href="https://www.amazon.com/dp/B08BPD2RHF?tag=eloabder-20&linkCode=osi&th=1&psc=1"><img src="https://m.media-amazon.com/images/I/41lSftNLw1L._SL500_.jpg" alt="Product Image"></a><p>Yoocaa Car Headrest Pillow, Road Pal Headrest, Adjustable Car Seat Head Neck Support, U Shaped Car Sleeping Pillow for Kids & Adults, Only Suitable for Car Seat Headrest with Poles, Black</p><p> -9% 0FF </p><p>$29.99</p><a href="https://www.amazon.com/dp/B08BPD2RHF?tag=eloabder-20&linkCode=osi&th=1&psc=1">View Product</a></div><div class="product"><a href="https://www.amazon.com/dp/B07LF8G768?tag=eloabder-20&linkCode=osi&th=1&psc=1"><img src="https://m.media-amazon.com/images/I/21e1Tt6BFrL._SL500_.jpg" alt="Product Image"></a><p>Car Head Support Toddle Car Neck Relief Baby Child Car Seat Adjustable Head and Neck Support Band - A Comfortable Sleep Solution (Gray)</p><p> -13% 0FF </p><p>$12.99</p><a href="https://www.amazon.com/dp/B07LF8G768?tag=eloabder-20&linkCode=osi&th=1&psc=1">View Product</a></div><div class="product"><a href="https://www.amazon.com/dp/B09ZL3P26Z?tag=eloabder-20&linkCode=osi&th=1&psc=1"><img src="https://m.media-amazon.com/images/I/31zv-UP+MDL._SL500_.jpg" alt="Product Image"></a><p>Pro Goleem Car Seat Head Support Infant, Soft Infant Car Seat Insert, 2 in 1 Carseat Head Support for Newborn, Perfect for Car Seat, Stroller, Swing, Bouncer, Gray and Black</p><p> -21% 0FF </p><p>$18.99</p><a href="https://www.amazon.com/dp/B09ZL3P26Z?tag=eloabder-20&linkCode=osi&th=1&psc=1">View Product</a></div>
<div class="product"><a href="https://www.amazon.com/dp/B0CLM3ZNJ6?tag=eloabder-20&linkCode=osi&th=1&psc=1"><img src="https://m.media-amazon.com/images/I/4131cOAl1wL._SL500_.jpg" alt="Product Image"></a><p>Toddler Bath Towel Baby Bath Towels Hooded Kids Towels for Boy Girl 0-5 Year, 2-Pack Thick Absorbent Toddler Towels Hooded Baby Towels with Hood, Large 50''x32'' Baby Hooded Towel for Kids Bath Towel</p><p> -20% 0FF </p><p>$23.99</p><a href="https://www.amazon.com/dp/B0CLM3ZNJ6?tag=eloabder-20&linkCode=osi&th=1&psc=1">View Product</a></div>
<div class="product"><a href="https://www.amazon.com/dp/B094YGQNSV?tag=eloabder-20&linkCode=osi&th=1&psc=1"><img src="https://m.media-amazon.com/images/I/31BKhmVToOL._SL500_.jpg" alt="Product Image"></a><p>Westinghouse Ultrasonic Cool Mist Humidifier, 4.5L Top Filling Quiet Air Humidifier with Low Water Alarm, Adjustable Mist Humidifier for Bedrooms</p><p> -60% 0FF </p><p>$25.00</p><a href="https://www.amazon.com/dp/B094YGQNSV?tag=eloabder-20&linkCode=osi&th=1&psc=1">View Product</a></div><div class="product"><a href="https://www.amazon.com/dp/B000056HL5?tag=eloabder-20&linkCode=osi&th=1&psc=1"><img src="https://m.media-amazon.com/images/I/41ad8kyAgJL._SL500_.jpg" alt="Product Image"></a><p>Vicks Ultrasonic Humidifier Cool Mist Humidifier to Help Relieve Cold and Flu Symptoms</p><p> -27% 0FF </p><p>$44.00</p><a href="https://www.amazon.com/dp/B000056HL5?tag=eloabder-20&linkCode=osi&th=1&psc=1">View Product</a></div><div class="product"><a href="https://www.amazon.com/dp/B000GWJD0A?tag=eloabder-20&linkCode=osi&th=1&psc=1"><img src="https://m.media-amazon.com/images/I/3124anf96JL._SL500_.jpg" alt="Product Image"></a><p>Crane Adorables Ultrasonic Humidifiers for Bedroom and Baby Nursery, 1 Gallon Cool Mist Air Humidifier for Large Room or Kid's Room, Humidifier Filters Optional, Penguin</p><p> -28% 0FF </p><p>$43.20</p><a href="https://www.amazon.com/dp/B000GWJD0A?tag=eloabder-20&linkCode=osi&th=1&psc=1">View Product</a></div><div class="product"><a href="https://www.amazon.com/dp/B06XP1GMDY?tag=eloabder-20&linkCode=osi&th=1&psc=1"><img src="https://m.media-amazon.com/images/I/31g-+ypTSrL._SL500_.jpg" alt="Product Image"></a><p>Babymoov Hygro Plus Cool Mist Humidifier 3-in-1 Humidity Control, Multicolored Night Light & Essential Oil Diffuser Easy Use and Care-Blue(NO Filter Needed)</p><p> -22% 0FF </p><p>$69.99</p><a href="https://www.amazon.com/dp/B06XP1GMDY?tag=eloabder-20&linkCode=osi&th=1&psc=1">View Product</a></div><div class="product"><a href="https://www.amazon.com/dp/B009COIFAC?tag=eloabder-20&linkCode=osi&th=1&psc=1"><img src="https://m.media-amazon.com/images/I/415IUpVHxDL._SL500_.jpg" alt="Product Image"></a><p>Guardian Technologies Pure Guardian H920BL Ultrasonic Cool Mist Humidifier, 10 Hrs. Run Time, 210 Sq. Ft. Coverage, Small Rooms, Quiet, Filter Free, Treated Tank Resists</p><p> -50% 0FF </p><p>$19.99</p><a href="https://www.amazon.com/dp/B009COIFAC?tag=eloabder-20&linkCode=osi&th=1&psc=1">View Product</a></div>
<div class="product"><a href="https://www.amazon.com/dp/B08847QPWV?tag=eloabder-20&linkCode=osi&th=1&psc=1"><img src="https://m.media-amazon.com/images/I/41I9zGsqR2L._SL500_.jpg" alt="Product Image"></a><p>Graco SnugFit 35 Infant Car Seat with Simply Safe Adjust Harness System | Baby Car Seat with Anti Rebound Bar, Gotham</p><p> -30% 0FF </p><p>$118.99</p><a href="https://www.amazon.com/dp/B08847QPWV?tag=eloabder-20&linkCode=osi&th=1&psc=1">View Product</a></div>
<div class="product"><a href="https://www.amazon.com/dp/B09DLGM21Q?tag=eloabder-20&linkCode=osi&th=1&psc=1"><img src="https://m.media-amazon.com/images/I/4161UIlOUcL._SL500_.jpg" alt="Product Image"></a><p>Fisher-Price Portable Baby Chair Sit-Me-Up Floor Seat with Developmental Toys & Machine Washable Seat Pad, Rainbow Sprinkles</p><p> -6% 0FF </p><p>$40.49</p><a href="https://www.amazon.com/dp/B09DLGM21Q?tag=eloabder-20&linkCode=osi&th=1&psc=1">View Product</a></div><div class="product"><a href="https://www.amazon.com/dp/B0C2V717QN?tag=eloabder-20&linkCode=osi&th=1&psc=1"><img src="https://m.media-amazon.com/images/I/413QFmg9NwL._SL500_.jpg" alt="Product Image"></a><p>EKEPE Inflatable Baby Seat for Babies 3 Months & Up, Baby Floor Seats for Sitting Up, Baby Seats for Infants, Blow Up Baby Chair with Built in Air Pump - Bear</p><p> -20% 0FF </p><p>$21.59</p><a href="https://www.amazon.com/dp/B0C2V717QN?tag=eloabder-20&linkCode=osi&th=1&psc=1">View Product</a></div>

<div class="product"><a href="https://www.amazon.com/dp/B01M6YVW7B?tag=eloabder-20&linkCode=osi&th=1&psc=1"><img src="https://m.media-amazon.com/images/I/41HXEU0eLLL._SL500_.jpg" alt="Product Image"></a><p>Angelcare Baby Bath Support (Gray) | Ideal for Babies Less Than 6 Months Old</p><p> -33% 0FF </p><p>$19.99</p><a href="https://www.amazon.com/dp/B01M6YVW7B?tag=eloabder-20&linkCode=osi&th=1&psc=1">View Product</a></div><div class="product"><a href="https://www.amazon.com/dp/B0D9JLFDWL?tag=eloabder-20&linkCode=osi&th=1&psc=1"><img src="https://m.media-amazon.com/images/I/41t4fYIsNiL._SL500_.jpg" alt="Product Image"></a><p>GloTika Foldable Baby Bathtub Support, Ergonomic Mesh Infant Bathtub, Portable Baby Bath Tub for Newborn Babies 0-6 Months, Grey</p><p> -31% 0FF </p><p>$19.99</p><a href="https://www.amazon.com/dp/B0D9JLFDWL?tag=eloabder-20&linkCode=osi&th=1&psc=1">View Product</a></div><div class="product"><a href="https://www.amazon.com/dp/B000XW65SG?tag=eloabder-20&linkCode=osi&th=1&psc=1"><img src="https://m.media-amazon.com/images/I/41Nyw2TWaWL._SL500_.jpg" alt="Product Image"></a><p>The First Years Newborn to Toddler Baby Bath Tub - Convertible 3-in-1 Baby Tub with Removable Sling - Ages 0 to 24 Months - Sure Comfort - Pink</p><p> -37% 0FF </p><p>$22.00</p><a href="https://www.amazon.com/dp/B000XW65SG?tag=eloabder-20&linkCode=osi&th=1&psc=1">View Product</a></div><div class="product"><a href="https://www.amazon.com/dp/B0CGD46P4F?tag=eloabder-20&linkCode=osi&th=1&psc=1"><img src="https://m.media-amazon.com/images/I/41lNJLni9PL._SL500_.jpg" alt="Product Image"></a><p>AVIDOR Baby Bathtub,Collapsible Bathtub for Newborn to Toddler,Durable Essential Infant Bath Tub,Portable Travel Baby Bathtub with Soft Cushion,No-Slip Hanging and Detachable Bathtub,Green</p><p> -18% 0FF </p><p>$32.99</p><a href="https://www.amazon.com/dp/B0CGD46P4F?tag=eloabder-20&linkCode=osi&th=1&psc=1">View Product</a></div>
<div class="product"><a href="https://www.amazon.com/dp/B0CKWN7R3N?tag=eloabder-20&linkCode=osi&th=1&psc=1"><img src="https://m.media-amazon.com/images/I/31Z12rMqZ6L._SL500_.jpg" alt="Product Image"></a><p>Itzy Ritzy Insulated Bottle Bag – Keeps Bottles Warm or Cool - Holds 3 Bottles & Features Interior Pocket for Ice Pack (Not Included), Milk & Honey</p><p> -29% 0FF </p><p>$24.99</p><a href="https://www.amazon.com/dp/B0CKWN7R3N?tag=eloabder-20&linkCode=osi&th=1&psc=1">View Product</a></div>
<div class="product"><a href="https://www.amazon.com/dp/B002GKC4AG?tag=eloabder-20&linkCode=osi&th=1&psc=1"><img src="https://m.media-amazon.com/images/I/4195Qc9-38L._SL500_.jpg" alt="Product Image"></a><p>My Brest Friend Professional Nursing Pillow | Ergonomic Breastfeeding Pillows | Ideal for Lactation Consultants, NICUs & More | Breastfeeding Essentials | Handy Side Pocket & Easily Wipes Clean, Blue</p><p> -6% 0FF </p><p>$51.50</p><a href="https://www.amazon.com/dp/B002GKC4AG?tag=eloabder-20&linkCode=osi&th=1&psc=1">View Product</a></div><div class="product"><a href="https://www.amazon.com/dp/B0BT6TTHK6?tag=eloabder-20&linkCode=osi&th=1&psc=1"><img src="https://m.media-amazon.com/images/I/51GP+4wNoZL._SL500_.jpg" alt="Product Image"></a><p>Boppy Nursing Pillow Best Latch, Mocha Half Domes, Created with Lactation Consultant, Firm Contoured and Plush Sides for Two Breastfeeding Options, Padded Belt, Plus Sized to Petite, Machine Washable</p><p> -20% 0FF </p><p>$40.00</p><a href="https://www.amazon.com/dp/B0BT6TTHK6?tag=eloabder-20&linkCode=osi&th=1&psc=1">View Product</a></div>
<div class="product"><a href="https://www.amazon.com/dp/B01GGLV4V0?tag=eloabder-20&linkCode=osi&th=1&psc=1"><img src="https://m.media-amazon.com/images/I/41KKABFTw+L._SL500_.jpg" alt="Product Image"></a><p>Zote Pink Soap Pack of 3 Total 7 oz</p><p> -10% 0FF </p><p>$6.30</p><a href="https://www.amazon.com/dp/B01GGLV4V0?tag=eloabder-20&linkCode=osi&th=1&psc=1">View Product</a></div><div class="product"><a href="https://www.amazon.com/dp/B08MPWSBRR?tag=eloabder-20&linkCode=osi&th=1&psc=1"><img src="https://m.media-amazon.com/images/I/31gvg0Il4bL._SL500_.jpg" alt="Product Image"></a><p>Grangers Down Wash/Detergent for Down Insulated Clothing, Sleeping Bags and Bedding (12 Washes), 10 oz</p><p> -6% 0FF </p><p>$13.45 ($1.34 / Fl Oz)</p><a href="https://www.amazon.com/dp/B08MPWSBRR?tag=eloabder-20&linkCode=osi&th=1&psc=1">View Product</a></div><div class="product"><a href="https://www.amazon.com/dp/B08Y9691J6?tag=eloabder-20&linkCode=osi&th=1&psc=1"><img src="https://m.media-amazon.com/images/I/31wqAyGiS-L._SL500_.jpg" alt="Product Image"></a><p>WHOLENATURALS Pure Castile Soap Liquid, EWG Verified & Certified Palm Oil Free Unscented, Natural, Mild & Gentle Non-gmo & Vegan - Organic Body Wash, Laundry, and Baby Soap - 64 Fl Oz</p><p> -17% 0FF </p><p>$28.89 ($0.45 / Fl Oz)</p><a href="https://www.amazon.com/dp/B08Y9691J6?tag=eloabder-20&linkCode=osi&th=1&psc=1">View Product</a></div>
<div class="product"><a href="https://www.amazon.com/dp/B01JK164JU?tag=eloabder-20&linkCode=osi&th=1&psc=1"><img src="https://m.media-amazon.com/images/I/31tGM0o-n7L._SL500_.jpg" alt="Product Image"></a><p>The Honest Company Hydrating Face + Body Lotion | Fast Absorbing, Naturally Derived, Hypoallergenic | Lavender Calm, 8.5 fl oz</p><p> -8% 0FF </p><p>$10.99 ($1.29 / Fl Oz)</p><a href="https://www.amazon.com/dp/B01JK164JU?tag=eloabder-20&linkCode=osi&th=1&psc=1">View Product</a></div><div class="product"><a href="https://www.amazon.com/dp/B0018CK3VK?tag=eloabder-20&linkCode=osi&th=1&psc=1"><img src="https://m.media-amazon.com/images/I/41+wBu0geAL._SL500_.jpg" alt="Product Image"></a><p>Avalon Organics Hand & Body Lotion, Aloe Unscented, 32 Oz</p><p> -12% 0FF </p><p>$17.19 ($0.54 / Ounce)</p><a href="https://www.amazon.com/dp/B0018CK3VK?tag=eloabder-20&linkCode=osi&th=1&psc=1">View Product</a></div><div class="product"><a href="https://www.amazon.com/dp/B0013DIZL4?tag=eloabder-20&linkCode=osi&th=1&psc=1"><img src="https://m.media-amazon.com/images/I/31bPmcqX7+L._SL500_.jpg" alt="Product Image"></a><p>Lubriderm Intense Dry Skin Repair Lotion + Pro-Ceramide with Vitamin E & Minerals Helps to Repair Rough, Dry Skin, Fast Absorbing Lotion is Fragrance-Free and Non-Greasy, 16 fl. oz</p><p> -24% 0FF </p><p>$9.34 ($0.58 / Fl Oz)</p><a href="https://www.amazon.com/dp/B0013DIZL4?tag=eloabder-20&linkCode=osi&th=1&psc=1">View Product</a></div>
<div class="product"><a href="https://www.amazon.com/dp/B0BPHJN972?tag=eloabder-20&linkCode=osi&th=1&psc=1"><img src="https://m.media-amazon.com/images/I/41np1V18sQL._SL500_.jpg" alt="Product Image"></a><p>Pro Goleem Loveys for Babies - Soft Security Blanket Baby Snuggle Toy Newborn Stuffed Animals Baby Gifts for Boys and Girls, Lion 16 Inch</p><p> -37% 0FF </p><p>$9.48</p><a href="https://www.amazon.com/dp/B0BPHJN972?tag=eloabder-20&linkCode=osi&th=1&psc=1">View Product</a></div><div class="product"><a href="https://www.amazon.com/dp/B01MRVHKP1?tag=eloabder-20&linkCode=osi&th=1&psc=1"><img src="https://m.media-amazon.com/images/I/5183CyG7XSL._SL500_.jpg" alt="Product Image"></a><p>Mary Meyer Putty Nursery Character Blanket, Hound Dog, 1 Pack</p><p> -9% 0FF </p><p>$19.96</p><a href="https://www.amazon.com/dp/B01MRVHKP1?tag=eloabder-20&linkCode=osi&th=1&psc=1">View Product</a></div><div class="product"><a href="https://www.amazon.com/dp/B00PKP4JUM?tag=eloabder-20&linkCode=osi&th=1&psc=1"><img src="https://m.media-amazon.com/images/I/41OzmBpx8bL._SL500_.jpg" alt="Product Image"></a><p>Mary Meyer Lovey Soft Toy, 13-Inches, Oatmeal Bunny</p><p> -14% 0FF </p><p>$17.96</p><a href="https://www.amazon.com/dp/B00PKP4JUM?tag=eloabder-20&linkCode=osi&th=1&psc=1">View Product</a></div><div class="product"><a href="https://www.amazon.com/dp/B08PP8S8KZ?tag=eloabder-20&linkCode=osi&th=1&psc=1"><img src="https://m.media-amazon.com/images/I/41kmsE51naL._SL500_.jpg" alt="Product Image"></a><p>Pro Goleem Dog Security Blanket Brown Soft Puppy Lovey for Boys and Girls Unisex Lovie Baby Gifts for Toddler and Infant Snuggle Toy Stuffed Animal 16 Inch</p><p> -25% 0FF </p><p>$14.99</p><a href="https://www.amazon.com/dp/B08PP8S8KZ?tag=eloabder-20&linkCode=osi&th=1&psc=1">View Product</a></div><div class="product"><a href="https://www.amazon.com/dp/B08SZD1XXG?tag=eloabder-20&linkCode=osi&th=1&psc=1"><img src="https://m.media-amazon.com/images/I/41M7mPD9ieL._SL500_.jpg" alt="Product Image"></a><p>Itzy Ritzy - Itzy Lovey Including Teether - Baby Lovey with Teether, Textured Ribbons & Dangle Arms - Features Crinkle Sound, Sherpa Fabric and Minky Plush (Sloth)</p><p> -31% 0FF </p><p>$8.90</p><a href="https://www.amazon.com/dp/B08SZD1XXG?tag=eloabder-20&linkCode=osi&th=1&psc=1">View Product</a></div>
<div class="product"><a href="https://www.amazon.com/dp/B0B5Z89FZW?tag=eloabder-20&linkCode=osi&th=1&psc=1"><img src="https://m.media-amazon.com/images/I/31HOhMzLqbL._SL500_.jpg" alt="Product Image"></a><p>Yoofoss Waterproof Crib Mattress Protector 2 Pack, Quilted Crib Mattress Pad Cover Ultra Soft and Breathable, Machine Washable Toddler Mattress Protector for Standard Baby Crib Size 52''x28''</p><p> -17% 0FF </p><p>$19.99</p><a href="https://www.amazon.com/dp/B0B5Z89FZW?tag=eloabder-20&linkCode=osi&th=1&psc=1">View Product</a></div><div class="product"><a href="https://www.amazon.com/dp/B0CFG4G839?tag=eloabder-20&linkCode=osi&th=1&psc=1"><img src="https://m.media-amazon.com/images/I/41tYoYajqyL._SL500_.jpg" alt="Product Image"></a><p>SafeRest Sleepure 100% Waterproof Crib Size Mattress Protector - Viscose Derived from Bamboo - Fitted with Stretchable Pockets - Machine Washable Cotton Mattress Cover for Bed</p><p> -40% 0FF </p><p>$20.99</p><a href="https://www.amazon.com/dp/B0CFG4G839?tag=eloabder-20&linkCode=osi&th=1&psc=1">View Product</a></div><div class="product"><a href="https://www.amazon.com/dp/B09B1NNPP9?tag=eloabder-20&linkCode=osi&th=1&psc=1"><img src="https://m.media-amazon.com/images/I/31P+e7ESa8L._SL500_.jpg" alt="Product Image"></a><p>Bassinet Mattress Pad Cover 2 Pack Quilted Bassinet Mattress Protector Waterproof Bassinet Sheets (32"x17") for Boys & Girls, Fit for Hourglass/Oval Bassinet Mattress, White</p><p> -15% 0FF </p><p>$14.23</p><a href="https://www.amazon.com/dp/B09B1NNPP9?tag=eloabder-20&linkCode=osi&th=1&psc=1">View Product</a></div>
<div class="product"><a href="https://www.amazon.com/dp/B07WW1CT4W?tag=eloabder-20&linkCode=osi&th=1&psc=1"><img src="https://m.media-amazon.com/images/I/51jnxJGkipL._SL500_.jpg" alt="Product Image"></a><p>Luka&Lily Month Milestone Blanket- 60"x40" for Baby Boys - First Year Calendar Monthly Growth Chart, Moon - Shower Gifts</p><p> -14% 0FF </p><p>$29.99</p><a href="https://www.amazon.com/dp/B07WW1CT4W?tag=eloabder-20&linkCode=osi&th=1&psc=1">View Product</a></div><div class="product"><a href="https://www.amazon.com/dp/B07BNBTGHD?tag=eloabder-20&linkCode=osi&th=1&psc=1"><img src="https://m.media-amazon.com/images/I/4143Q79bsYL._SL500_.jpg" alt="Product Image"></a><p>Organic Baby Monthly Milestone Blanket Boy or Girl - Months Blanket with Wood Frame and Newborn Announcement Disc - Growth Chart Milestone Blanket Neutral, 1-12 Month Milestones, 47”x47”</p><p> -21% 0FF </p><p>$25.99</p><a href="https://www.amazon.com/dp/B07BNBTGHD?tag=eloabder-20&linkCode=osi&th=1&psc=1">View Product</a></div><div class="product"><a href="https://www.amazon.com/dp/B07SW75W4Q?tag=eloabder-20&linkCode=osi&th=1&psc=1"><img src="https://m.media-amazon.com/images/I/41JMlZBEbQL._SL500_.jpg" alt="Product Image"></a><p>Kate & Milo Baby Monthly Milestone Blanket, Infant Milestone Markers, Newborn Photoshoot Photo Props, Baby Girl or Baby Boy Gift, Large Blanket</p><p> -19% 0FF </p><p>$12.21</p><a href="https://www.amazon.com/dp/B07SW75W4Q?tag=eloabder-20&linkCode=osi&th=1&psc=1">View Product</a></div><div class="product"><a href="https://www.amazon.com/dp/B0986S52N1?tag=eloabder-20&linkCode=osi&th=1&psc=1"><img src="https://m.media-amazon.com/images/I/51v8Yn1ycsL._SL500_.jpg" alt="Product Image"></a><p>Popfavors, Yuzioey Safari Baby Monthly Milestone Blanket, Jungle Animals Baby Month Blanket , Baby Boy Blanket Growth Chart Nursery Decor, Includes Marker, White, 50Inx40In</p><p> -5% 0FF </p><p>$18.99</p><a href="https://www.amazon.com/dp/B0986S52N1?tag=eloabder-20&linkCode=osi&th=1&psc=1">View Product</a></div><div class="product"><a href="https://www.amazon.com/dp/B0CX9W8SND?tag=eloabder-20&linkCode=osi&th=1&psc=1"><img src="https://m.media-amazon.com/images/I/41r8vCzGa2L._SL500_.jpg" alt="Product Image"></a><p>Pearhead Hello World Milestone Blanket and Prop, Baby Monthly Milestone Updates, Growth Blanket with Photo Posing Props, Ideal Mother's Day Gift, Perfect Newborn Gift and Nursery Decor</p><p> -6% 0FF </p><p>$18.79</p><a href="https://www.amazon.com/dp/B0CX9W8SND?tag=eloabder-20&linkCode=osi&th=1&psc=1">View Product</a></div><div class="product"><a href="https://www.amazon.com/dp/B07JKN43H6?tag=eloabder-20&linkCode=osi&th=1&psc=1"><img src="https://m.media-amazon.com/images/I/511MIyg00lL._SL500_.jpg" alt="Product Image"></a><p>Bliss n' Baby Monthly Milestone Blanket for Baby Girl - 60"x40" - Wrinkle Free Baby Age Month Blanket with Growth Chart - Washable & Dryable - w/Wreath & Headband - Floral Theme</p><p> -14% 0FF </p><p>$23.99</p><a href="https://www.amazon.com/dp/B07JKN43H6?tag=eloabder-20&linkCode=osi&th=1&psc=1">View Product</a></div>
<div class="product"><a href="https://www.amazon.com/dp/B001E1JKFU?tag=eloabder-20&linkCode=osi&th=1&psc=1"><img src="https://m.media-amazon.com/images/I/41JBWVeh+QL._SL500_.jpg" alt="Product Image"></a><p>Stansport Mosquito Netting Small (705)</p><p> -39% 0FF </p><p>$16.33</p><a href="https://www.amazon.com/dp/B001E1JKFU?tag=eloabder-20&linkCode=osi&th=1&psc=1">View Product</a></div><div class="product"><a href="https://www.amazon.com/dp/B0BV2RNTR7?tag=eloabder-20&linkCode=osi&th=1&psc=1"><img src="https://m.media-amazon.com/images/I/51-iyQhcHsL._SL500_.jpg" alt="Product Image"></a><p>Mosquito Net for Bed,Large Mosquito Netting Tent Canopy for Beds,Folding Portable Design Travel POP UP Mosquito Netting for Bed,L80*W72*H60inch Queen King Size Mosquito Net</p><p> -14% 0FF </p><p>$31.99</p><a href="https://www.amazon.com/dp/B0BV2RNTR7?tag=eloabder-20&linkCode=osi&th=1&psc=1">View Product</a></div><div class="product"><a href="https://www.amazon.com/dp/B0D8HLQJ5G?tag=eloabder-20&linkCode=osi&th=1&psc=1"><img src="https://m.media-amazon.com/images/I/31hFeMp1LQL._SL500_.jpg" alt="Product Image"></a><p>77 * 30 * 23 Inch Large Pop Up Mosquito Tent, Portable Foldable Mosquito Net for Bed Camping Travel Patio</p><p> -6% 0FF </p><p>$29.99</p><a href="https://www.amazon.com/dp/B0D8HLQJ5G?tag=eloabder-20&linkCode=osi&th=1&psc=1">View Product</a></div><div class="product"><a href="https://www.amazon.com/dp/B0C2YQKF71?tag=eloabder-20&linkCode=osi&th=1&psc=1"><img src="https://m.media-amazon.com/images/I/41yDl7W2ZNL._SL500_.jpg" alt="Product Image"></a><p>Portable Mosquito Net Tent, Folding Mosquito Head Net, Pop Up Mosquito Tent Netting for Bedding Camping Traveling Patio (1 Pack, Large)</p><p> -20% 0FF </p><p>$15.99</p><a href="https://www.amazon.com/dp/B0C2YQKF71?tag=eloabder-20&linkCode=osi&th=1&psc=1">View Product</a></div>
<div class="product"><a href="https://www.amazon.com/dp/B0CL9SJ88Z?tag=eloabder-20&linkCode=osi&th=1&psc=1"><img src="https://m.media-amazon.com/images/I/41iQwRq8cBL._SL500_.jpg" alt="Product Image"></a><p>Muslin Swaddle Blankets for Newborn, 3 Pack Breathable Soft Receiving Blanket, Large 38 x 40 inches Swaddle Wrap Burping Clothes, Essentials Infant Shower Items, Toddler Gift (Bright Colors)</p><p> -5% 0FF </p><p>$18.99</p><a href="https://www.amazon.com/dp/B0CL9SJ88Z?tag=eloabder-20&linkCode=osi&th=1&psc=1">View Product</a></div><div class="product"><a href="https://www.amazon.com/dp/B0C6GP7NXF?tag=eloabder-20&linkCode=osi&th=1&psc=1"><img src="https://m.media-amazon.com/images/I/51vjlWRLQjL._SL500_.jpg" alt="Product Image"></a><p>Konssy 2 Pack Muslin Swaddle Blankets for Baby Boys Girls, Receiving Blanket Large 47 x 47 inches, Soft Breathable Muslin Baby Blanket for Unisex Newborn(Pink, Floral)</p><p> -19% 0FF </p><p>$21.99 ($11.00 / Count)</p><a href="https://www.amazon.com/dp/B0C6GP7NXF?tag=eloabder-20&linkCode=osi&th=1&psc=1">View Product</a></div>
<div class="product"><a href="https://www.amazon.com/dp/B0B8TCTXBV?tag=eloabder-20&linkCode=osi&th=1&psc=1"><img src="https://m.media-amazon.com/images/I/41j61T25VcL._SL500_.jpg" alt="Product Image"></a><p>aden + anais Essentials Swaddle Blanket, Boutique Muslin Blankets for Girls & Boys, Baby Receiving Swaddles, Ideal Newborn & Infant Swaddling Set, Perfect Shower Gifts, 4 Pack, Alphabet Animals</p><p> -29% 0FF </p><p>$28.49</p><a href="https://www.amazon.com/dp/B0B8TCTXBV?tag=eloabder-20&linkCode=osi&th=1&psc=1">View Product</a></div>
<div class="product"><a href="https://www.amazon.com/dp/B0D475YDF5?tag=eloabder-20&linkCode=osi&th=1&psc=1"><img src="https://m.media-amazon.com/images/I/31TAYPOHywL._SL500_.jpg" alt="Product Image"></a><p>Electric Nail Clipper with Nail File, 2 in 1 Rechargeable & Gentle Nail Trimmer with LED Light for Baby and Seniors</p><p> -37% 0FF </p><p>$12.00 ($1.13 / Ounce)</p><a href="https://www.amazon.com/dp/B0D475YDF5?tag=eloabder-20&linkCode=osi&th=1&psc=1">View Product</a></div><div class="product"><a href="https://www.amazon.com/dp/B0D6BCSLNQ?tag=eloabder-20&linkCode=osi&th=1&psc=1"><img src="https://m.media-amazon.com/images/I/413w5b8GCzL._SL500_.jpg" alt="Product Image"></a><p>Automatic Nail Clipper, 2 in-1 Electric Nail Clipper and Nail Polisher, Electric Baby Nail Clippers with Light,USB Rechargeable Suitable for Babies,Women Manicure,Kids, Adults and Seniors（Orange）</p><p> -23% 0FF </p><p>$16.99</p><a href="https://www.amazon.com/dp/B0D6BCSLNQ?tag=eloabder-20&linkCode=osi&th=1&psc=1">View Product</a></div>

<div class="product"><a href="https://www.amazon.com/dp/B0037SEU7Q?tag=eloabder-20&linkCode=osi&th=1&psc=1"><img src="https://m.media-amazon.com/images/I/41yN94m-XlL._SL500_.jpg" alt="Product Image"></a><p>Bepanthen Nappy Care Ointment 5 Percent, 30 g</p><p> -13% 0FF </p><p>$6.79 ($6.47 / Ounce)</p><a href="https://www.amazon.com/dp/B0037SEU7Q?tag=eloabder-20&linkCode=osi&th=1&psc=1">View Product</a></div><div class="product"><a href="https://www.amazon.com/dp/B0BTTT6VW2?tag=eloabder-20&linkCode=osi&th=1&psc=1"><img src="https://m.media-amazon.com/images/I/41cBqj0Z9tL._SL500_.jpg" alt="Product Image"></a><p>Weleda Baby Calendula Diaper Cream, 2.8 Fluid Ounce (Pack of 3), Plant Rich Protection with Calendula, Chamomile, Sweet Almond Oil, Lanolin and Zinc Oxide</p><p> -13% 0FF </p><p>$32.29 ($3.84 / Fl Oz)</p><a href="https://www.amazon.com/dp/B0BTTT6VW2?tag=eloabder-20&linkCode=osi&th=1&psc=1">View Product</a></div><div class="product"><a href="https://www.amazon.com/dp/B074YXP676?tag=eloabder-20&linkCode=osi&th=1&psc=1"><img src="https://m.media-amazon.com/images/I/41y8VvUNCLL._SL500_.jpg" alt="Product Image"></a><p>Nappy Styles Napping Creme Paste</p><p> -12% 0FF </p><p>$14.36 ($1.80 / Ounce)</p><a href="https://www.amazon.com/dp/B074YXP676?tag=eloabder-20&linkCode=osi&th=1&psc=1">View Product</a></div>
<div class="product"><a href="https://www.amazon.com/dp/B00821FLSU?tag=eloabder-20&linkCode=osi&th=1&psc=1"><img src="https://m.media-amazon.com/images/I/31MQYDa7dYL._SL500_.jpg" alt="Product Image"></a><p>Ubbi Steel Diaper Pail, Odor Locking, No Special Bag Required, Award-Winning, Registry Must-Have, Gray</p><p> -12% 0FF </p><p>$69.99</p><a href="https://www.amazon.com/dp/B00821FLSU?tag=eloabder-20&linkCode=osi&th=1&psc=1">View Product</a></div><div class="product"><a href="https://www.amazon.com/dp/B0CNS2FRMZ?tag=eloabder-20&linkCode=osi&th=1&psc=1"><img src="https://m.media-amazon.com/images/I/31O+tXnLaXL._SL500_.jpg" alt="Product Image"></a><p>Diaper Genie Select Pail is Made of Durable Stainless Steel and Includes 1 Starter Square Refill That can Hold up to 165 Newborn-Sized Diapers.</p><p> -20% 0FF </p><p>$35.99</p><a href="https://www.amazon.com/dp/B0CNS2FRMZ?tag=eloabder-20&linkCode=osi&th=1&psc=1">View Product</a></div><div class="product"><a href="https://www.amazon.com/dp/B08XNVW9TW?tag=eloabder-20&linkCode=osi&th=1&psc=1"><img src="https://m.media-amazon.com/images/I/41U7mL6nXRL._SL500_.jpg" alt="Product Image"></a><p>Sassy 250 Count Disposable Diaper Sacks, Lavender Scented, Easy-To-Tie, Diaper Disposal or Pet Waste Bags</p><p> -11% 0FF </p><p>$9.80</p><a href="https://www.amazon.com/dp/B08XNVW9TW?tag=eloabder-20&linkCode=osi&th=1&psc=1">View Product</a></div>


<div class="product"><a href="https://www.amazon.com/dp/B0CTKK5YY5?tag=eloabder-20&linkCode=osi&th=1&psc=1"><img src="https://m.media-amazon.com/images/I/31OhvT5rWmL._SL500_.jpg" alt="Product Image"></a><p>Koalababy Large Flow Electric Nasal Aspirator, Newest Baby Nose Sucker, Nose Cleaner for Toddlers with 3 Suction Levels, Soothing Music and Light, Space Gray</p><p> -33% 0FF </p><p>$29.99</p><a href="https://www.amazon.com/dp/B0CTKK5YY5?tag=eloabder-20&linkCode=osi&th=1&psc=1">View Product</a></div>
<div class="product"><a href="https://www.amazon.com/dp/B07GG1R9WC?tag=eloabder-20&linkCode=osi&th=1&psc=1"><img src="https://m.media-amazon.com/images/I/31T-p4V5gsL._SL500_.jpg" alt="Product Image"></a><p>Gerber Unisex Baby Multi-Pack Long-Sleeve Onesies Bodysuit Mitten Cuff Sizes 6-Pack Mitten Cuff Newborn</p><p> -12% 0FF </p><p>$15.81</p><a href="https://www.amazon.com/dp/B07GG1R9WC?tag=eloabder-20&linkCode=osi&th=1&psc=1">View Product</a></div><div class="product"><a href="https://www.amazon.com/dp/B0BVMXF1DJ?tag=eloabder-20&linkCode=osi&th=1&psc=1"><img src="https://m.media-amazon.com/images/I/31aJYRwZ+-L._SL500_.jpg" alt="Product Image"></a><p>HonestBaby Baby Boys 3-pack Organic Cotton Long Sleeve Side-snap Kimono Bodysuits And Toddler T-Shirt Set, Honestly Pure White, Newborn US</p><p> -63% 0FF </p><p>$11.19</p><a href="https://www.amazon.com/dp/B0BVMXF1DJ?tag=eloabder-20&linkCode=osi&th=1&psc=1">View Product</a></div>
<div class="product"><a href="https://www.amazon.com/dp/B01N47M3V0?tag=eloabder-20&linkCode=osi&th=1&psc=1"><img src="https://m.media-amazon.com/images/I/31WVThyEEcL._SL500_.jpg" alt="Product Image"></a><p>Uigos LED Night Light Lamp with Smart Sensor Dusk to Dawn Sensor, Daylight White, 0.5W Plug-in, 6-Pack</p><p> -23% 0FF </p><p>$9.99</p><a href="https://www.amazon.com/dp/B01N47M3V0?tag=eloabder-20&linkCode=osi&th=1&psc=1">View Product</a></div><div class="product"><a href="https://www.amazon.com/dp/B09B1B6J9S?tag=eloabder-20&linkCode=osi&th=1&psc=1"><img src="https://m.media-amazon.com/images/I/11rEGPdWq7L._SL500_.jpg" alt="Product Image"></a><p>Anico EASZZZ Baby Night Light, Nursery Night Lamp for Breastfeeding, Soft BPA Free Silicone Touch Night Lamp, Eye Caring, Easy Flip Design, Stepless Dimming, 1-Pack</p><p> -25% 0FF </p><p>$29.99</p><a href="https://www.amazon.com/dp/B09B1B6J9S?tag=eloabder-20&linkCode=osi&th=1&psc=1">View Product</a></div><div class="product"><a href="https://www.amazon.com/dp/B097YP171M?tag=eloabder-20&linkCode=osi&th=1&psc=1"><img src="https://m.media-amazon.com/images/I/21jYMKqhB3L._SL500_.jpg" alt="Product Image"></a><p>JolyWell Night Light for Kids, Egg Light for Nursery with 7 RGB Colors Changeable & Stepless Dimming, Rechargeable Tap Light with 1h Timer & Touch Control, Portable Night Light for Babies BPA Free</p><p> -14% 0FF </p><p>$25.99</p><a href="https://www.amazon.com/dp/B097YP171M?tag=eloabder-20&linkCode=osi&th=1&psc=1">View Product</a></div><div class="product"><a href="https://www.amazon.com/dp/B077X48B8Q?tag=eloabder-20&linkCode=osi&th=1&psc=1"><img src="https://m.media-amazon.com/images/I/31TiV9umK-L._SL500_.jpg" alt="Product Image"></a><p>REMINDA 4 Pack Night Light Lamp with Dusk to Dawn Sensor, Plug in, Blue Led Night Light</p><p> -19% 0FF </p><p>$12.99</p><a href="https://www.amazon.com/dp/B077X48B8Q?tag=eloabder-20&linkCode=osi&th=1&psc=1">View Product</a></div>
<div class="product"><a href="https://www.amazon.com/dp/B005MI648C?tag=eloabder-20&linkCode=osi&th=1&psc=1"><img src="https://m.media-amazon.com/images/I/41IsNMYojbL._SL500_.jpg" alt="Product Image"></a><p>Lansinoh Lanolin Nipple Cream Safe for Breastfeeding Baby, 100% Natural Nipple Butter for Mom, Breastfeeding Essentials, 1.41 Ounces</p><p> -17% 0FF </p><p>$8.99 ($6.38 / Ounce)</p><a href="https://www.amazon.com/dp/B005MI648C?tag=eloabder-20&linkCode=osi&th=1&psc=1">View Product</a></div><div class="product"><a href="https://www.amazon.com/dp/B000JVCBBG?tag=eloabder-20&linkCode=osi&th=1&psc=1"><img src="https://m.media-amazon.com/images/I/41TljzHSgHL._SL500_.jpg" alt="Product Image"></a><p>Earth Mama Organic Nipple Butter™ | Nipple Cream Safe for Breastfeeding | Postpartum Essentials for Nursing | Non Lanolin Nipple Cream, 2-Fluid Ounce</p><p> -7% 0FF </p><p>$13.99 ($7.00 / Fl Oz)</p><a href="https://www.amazon.com/dp/B000JVCBBG?tag=eloabder-20&linkCode=osi&th=1&psc=1">View Product</a></div><div class="product"><a href="https://www.amazon.com/dp/B08L68WR4B?tag=eloabder-20&linkCode=osi&th=1&psc=1"><img src="https://m.media-amazon.com/images/I/41qRTIl9vqL._SL500_.jpg" alt="Product Image"></a><p>Medela Purelan Lanolin Nipple Cream for Breastfeeding, 100% All Natural Single Ingredient, Hypoallergenic, Soothing Protection, Safe for Nursing Mom and Baby, 1.3 Ounce Tube</p><p> -29% 0FF </p><p>$7.37</p><a href="https://www.amazon.com/dp/B08L68WR4B?tag=eloabder-20&linkCode=osi&th=1&psc=1">View Product</a></div><div class="product"><a href="https://www.amazon.com/dp/B07X53WM1H?tag=eloabder-20&linkCode=osi&th=1&psc=1"><img src="https://m.media-amazon.com/images/I/41sh4NHSA1L._SL500_.jpg" alt="Product Image"></a><p>Lansinoh Organic Nipple Butter, Nipple Cream Safe for Breastfeeding Baby, Postpartum Essentials for Mom, 2 Ounces</p><p> -37% 0FF </p><p>$9.37</p><a href="https://www.amazon.com/dp/B07X53WM1H?tag=eloabder-20&linkCode=osi&th=1&psc=1">View Product</a></div><div class="product"><a href="https://www.amazon.com/dp/B08PXP59L6?tag=eloabder-20&linkCode=osi&th=1&psc=1"><img src="https://m.media-amazon.com/images/I/31ABi-XhpOL._SL500_.jpg" alt="Product Image"></a><p>The Honest Company Honest Mama Calm Your Nip Balm | USDA Certified Organic Nipple Cream | 1.75 fl oz</p><p> -10% 0FF </p><p>$13.49 ($7.71 / Fl Oz)</p><a href="https://www.amazon.com/dp/B08PXP59L6?tag=eloabder-20&linkCode=osi&th=1&psc=1">View Product</a></div><div class="product"><a href="https://www.amazon.com/dp/B001EPQ1US?tag=eloabder-20&linkCode=osi&th=1&psc=1"><img src="https://m.media-amazon.com/images/I/412ol1D5gFL._SL500_.jpg" alt="Product Image"></a><p>Lansinoh Breast Cream, 1.41 Ounce Tube (Pack of 3)</p><p> -20% 0FF </p><p>$23.99 ($5.67 / Ounce)</p><a href="https://www.amazon.com/dp/B001EPQ1US?tag=eloabder-20&linkCode=osi&th=1&psc=1">View Product</a></div>
<div class="product"><a href="https://www.amazon.com/dp/B0116SFIXS?tag=eloabder-20&linkCode=osi&th=1&psc=1"><img src="https://m.media-amazon.com/images/I/41IXnMjSMRL._SL500_.jpg" alt="Product Image"></a><p>Lansinoh Contact Nipple Shields for Breastfeeding, 2 Nipple Shields (24mm) and Case</p><p> -9% 0FF </p><p>$8.22</p><a href="https://www.amazon.com/dp/B0116SFIXS?tag=eloabder-20&linkCode=osi&th=1&psc=1">View Product</a></div><div class="product"><a href="https://www.amazon.com/dp/B000067PQ0?tag=eloabder-20&linkCode=osi&th=1&psc=1"><img src="https://m.media-amazon.com/images/I/31Bc7JjDLBL._SL500_.jpg" alt="Product Image"></a><p>Medela Contact Nipple Shield, 24mm Medium, Nippleshield for Breastfeeding with Latch Difficulties or Flat or Inverted Nipples, Made Without BPA</p><p> -32% 0FF </p><p>$7.35</p><a href="https://www.amazon.com/dp/B000067PQ0?tag=eloabder-20&linkCode=osi&th=1&psc=1">View Product</a></div><div class="product"><a href="https://www.amazon.com/dp/B08VKRMXGZ?tag=eloabder-20&linkCode=osi&th=1&psc=1"><img src="https://m.media-amazon.com/images/I/41jploOEeaL._SL500_.jpg" alt="Product Image"></a><p>Moogco The Original Silver Nursing Cups - Nipple Shields for Nursing Newborn - Breastfeeding Essentials - Newborn Essentials Must Haves - Nipple Covers Breastfeeding - 925 Silver</p><p> -28% 0FF </p><p>$35.90</p><a href="https://www.amazon.com/dp/B08VKRMXGZ?tag=eloabder-20&linkCode=osi&th=1&psc=1">View Product</a></div><div class="product"><a href="https://www.amazon.com/dp/B07ND58735?tag=eloabder-20&linkCode=osi&th=1&psc=1"><img src="https://m.media-amazon.com/images/I/41EpWEiqvyL._SL500_.jpg" alt="Product Image"></a><p>Koala Babycare The Original Silver Nursing Cups - Nipple Shields for Nursing Newborn -Breastfeeding Essentials - Protect and Soothe - Tri-Laminate Silver - Standard Size</p><p> -13% 0FF </p><p>$34.75</p><a href="https://www.amazon.com/dp/B07ND58735?tag=eloabder-20&linkCode=osi&th=1&psc=1">View Product</a></div>
<div class="product"><a href="https://www.amazon.com/dp/B091FL1QFK?tag=eloabder-20&linkCode=osi&th=1&psc=1"><img src="https://m.media-amazon.com/images/I/41TUb4BsK-L._SL500_.jpg" alt="Product Image"></a><p>Syringe Nasal Irrigator, Professional Baby Nasal Irrigator Portable Infant Nose Cleaner Rinsing Device Fast All Natural Relief-Nasal Irrigation/Nasal Spray/Nasal Hygiene (2 pièces)</p><p> -67% 0FF </p><p>$3.25</p><a href="https://www.amazon.com/dp/B091FL1QFK?tag=eloabder-20&linkCode=osi&th=1&psc=1">View Product</a></div><div class="product"><a href="https://www.amazon.com/dp/B09137WF8K?tag=eloabder-20&linkCode=osi&th=1&psc=1"><img src="https://m.media-amazon.com/images/I/41v2GMmUbZL._SL500_.jpg" alt="Product Image"></a><p>Two Pack 3 in 1 Baby Nose and Ear Gadget, Safe Baby Booger Remover, Nose Cleaning Tweezers, Nose Cleaner for Baby Infants and Toddlers, Dual Earwax and Snot Removal Baby Must Have Items</p><p> -50% 0FF </p><p>$9.95</p><a href="https://www.amazon.com/dp/B09137WF8K?tag=eloabder-20&linkCode=osi&th=1&psc=1">View Product</a></div><div class="product"><a href="https://www.amazon.com/dp/B09Q61B4MM?tag=eloabder-20&linkCode=osi&th=1&psc=1"><img src="https://m.media-amazon.com/images/I/310TWo+qPRL._SL500_.jpg" alt="Product Image"></a><p>Haakaa Silicone Baby Nasal Aspirator | Nose Bulb Syringe | Easy-Squeezy Baby Nose Cleaner, Newborn Infant &Toddler - BPA Free Silicone</p><p> -5% 0FF </p><p>$9.39</p><a href="https://www.amazon.com/dp/B09Q61B4MM?tag=eloabder-20&linkCode=osi&th=1&psc=1">View Product</a></div>
<div class="product"><a href="https://www.amazon.com/dp/B002K6F7AK?tag=eloabder-20&linkCode=osi&th=1&psc=1"><img src="https://m.media-amazon.com/images/I/411elwPHIqL._SL500_.jpg" alt="Product Image"></a><p>Lamaze womens Cotton Spandex Sleep for Nursing and Maternity Full Coverage Bra, Heather Grey, Large US</p><p> -32% 0FF </p><p>$12.28</p><a href="https://www.amazon.com/dp/B002K6F7AK?tag=eloabder-20&linkCode=osi&th=1&psc=1">View Product</a></div>

<div class="product"><a href="https://www.amazon.com/dp/B06XPHR7DF?tag=eloabder-20&linkCode=osi&th=1&psc=1"><img src="https://m.media-amazon.com/images/I/31sNH-POFUL._SL500_.jpg" alt="Product Image"></a><p>Lansinoh Stay Dry Disposable Nursing Pads, Soft and Super Absorbent Breast Pads, Breastfeeding Essentials for Moms, 200 Count</p><p> -21% 0FF </p><p>$18.51</p><a href="https://www.amazon.com/dp/B06XPHR7DF?tag=eloabder-20&linkCode=osi&th=1&psc=1">View Product</a></div><div class="product"><a href="https://www.amazon.com/dp/B0DB3G8G37?tag=eloabder-20&linkCode=osi&th=1&psc=1"><img src="https://m.media-amazon.com/images/I/31Z7+iKhAKL._SL500_.jpg" alt="Product Image"></a><p>Lansinoh Washable Nursing Pads, Made with Organic Bamboo Viscose, Reusable Breast Pads for Breastfeeding with Wash Bag, Breastfeeding Essentials, 10 Count</p><p> -11% 0FF </p><p>$14.28</p><a href="https://www.amazon.com/dp/B0DB3G8G37?tag=eloabder-20&linkCode=osi&th=1&psc=1">View Product</a></div>
<div class="product"><a href="https://www.amazon.com/dp/B09T6V8YH2?tag=eloabder-20&linkCode=osi&th=1&psc=1"><img src="https://m.media-amazon.com/images/I/21knizL1Y1L._SL500_.jpg" alt="Product Image"></a><p>Nursing Pillow and Positioner with Cover for Breastfeeding and Bottle Feeding, Propping Baby, Tummy Time, Baby Sitting Support, Awake-Time Support (Pillow Only, 22" x 17.7" x 5.9")</p><p> -32% 0FF </p><p>$20.49</p><a href="https://www.amazon.com/dp/B09T6V8YH2?tag=eloabder-20&linkCode=osi&th=1&psc=1">View Product</a></div>
<div class="product"><a href="https://www.amazon.com/dp/B00B7TCX0I?tag=eloabder-20&linkCode=osi&th=1&psc=1"><img src="https://m.media-amazon.com/images/I/51n0rXJe9iL._SL500_.jpg" alt="Product Image"></a><p>Leading Lady Women's Nursing Tank Stylish Cami with Inner Shelf Bra, Black Stripe, Large</p><p> -59% 0FF </p><p>$13.98</p><a href="https://www.amazon.com/dp/B00B7TCX0I?tag=eloabder-20&linkCode=osi&th=1&psc=1">View Product</a></div><div class="product"><a href="https://www.amazon.com/dp/B07K72T7Q3?tag=eloabder-20&linkCode=osi&th=1&psc=1"><img src="https://m.media-amazon.com/images/I/31J5oWrxf6L._SL500_.jpg" alt="Product Image"></a><p>Lansinoh Reusable Nursing Pads, Nursing Essentials for Breastfeeding Mothers, 4 Absorbent Nursing Pads With Mesh Wash Bag, White Pads</p><p> -25% 0FF </p><p>$11.99</p><a href="https://www.amazon.com/dp/B07K72T7Q3?tag=eloabder-20&linkCode=osi&th=1&psc=1">View Product</a></div>

<div class="product"><a href="https://www.amazon.com/dp/B086134T3T?tag=eloabder-20&linkCode=osi&th=1&psc=1"><img src="https://m.media-amazon.com/images/I/41KhXKDGe-L._SL500_.jpg" alt="Product Image"></a><p>4our Kiddies Baby-Proof Outlet Covers (60 Pack) - Child Safety Electric Plug Protectors to Prevent Power Shock</p><p> -23% 0FF </p><p>$9.99</p><a href="https://www.amazon.com/dp/B086134T3T?tag=eloabder-20&linkCode=osi&th=1&psc=1">View Product</a></div><div class="product"><a href="https://www.amazon.com/dp/B08FBNKDKB?tag=eloabder-20&linkCode=osi&th=1&psc=1"><img src="https://m.media-amazon.com/images/I/318PTNFomwL._SL500_.jpg" alt="Product Image"></a><p>Outlet Cover Box for Child Safety (2 Pack) Duplex & Decorator Electrical Outlet Plates, Concealed Access Buttons, and Spacious Compartment - Jool Baby</p><p> -35% 0FF </p><p>$14.99</p><a href="https://www.amazon.com/dp/B08FBNKDKB?tag=eloabder-20&linkCode=osi&th=1&psc=1">View Product</a></div>
<div class="product"><a href="https://www.amazon.com/dp/B07TDN9MKC?tag=eloabder-20&linkCode=osi&th=1&psc=1"><img src="https://m.media-amazon.com/images/I/41K55mCBTsL._SL500_.jpg" alt="Product Image"></a><p>Philips Avent Soothie Orthodontic Baby Pacifiers, 100% Silicone Pacifiers, One Piece, BPA-Free, for Babies 0-3 Months, Green, 4 Pack, Model SCF190/41</p><p> -25% 0FF </p><p>$8.94</p><a href="https://www.amazon.com/dp/B07TDN9MKC?tag=eloabder-20&linkCode=osi&th=1&psc=1">View Product</a></div><div class="product"><a href="https://www.amazon.com/dp/B08177ZPKM?tag=eloabder-20&linkCode=osi&th=1&psc=1"><img src="https://m.media-amazon.com/images/I/41+0ETqpizL._SL500_.jpg" alt="Product Image"></a><p>Tommee Tippee Ultra-Light Silicone Pacifier, 0-6 Months, Symmetrical One-Piece Design, BPA-Free Silicone Binkies, Clear/Blue/Green, Pack of 4</p><p> -38% 0FF </p><p>$10.39</p><a href="https://www.amazon.com/dp/B08177ZPKM?tag=eloabder-20&linkCode=osi&th=1&psc=1">View Product</a></div><div class="product"><a href="https://www.amazon.com/dp/B09XJJB478?tag=eloabder-20&linkCode=osi&th=1&psc=1"><img src="https://m.media-amazon.com/images/I/31vbtPyMOGL._SL500_.jpg" alt="Product Image"></a><p>Dr. Brown's HappyPaci 100% Silicone Baby Pacifier, Contoured One-Piece Design, White, Blue, Light Blue, 0-6m, BPA-Free, 3 Pack</p><p> -17% 0FF </p><p>$4.97</p><a href="https://www.amazon.com/dp/B09XJJB478?tag=eloabder-20&linkCode=osi&th=1&psc=1">View Product</a></div><div class="product"><a href="https://www.amazon.com/dp/B09F6YC4MS?tag=eloabder-20&linkCode=osi&th=1&psc=1"><img src="https://m.media-amazon.com/images/I/31j7FmFh-9L._SL500_.jpg" alt="Product Image"></a><p>Itzy Ritzy Natural Rubber Pacifiers, Set of 2 – Natural Rubber Newborn Pacifiers with Cherry-Shaped Nipple & Large Air Holes for Added Safety; Set of 2 in Coconut & Toast, Ages 0 – 6 Months</p><p> -10% 0FF </p><p>$8.97</p><a href="https://www.amazon.com/dp/B09F6YC4MS?tag=eloabder-20&linkCode=osi&th=1&psc=1">View Product</a></div><div class="product"><a href="https://www.amazon.com/dp/B0835TX9TH?tag=eloabder-20&linkCode=osi&th=1&psc=1"><img src="https://m.media-amazon.com/images/I/413oViQleDL._SL500_.jpg" alt="Product Image"></a><p>NUK Orthodontic Pacifier Value Pack</p><p> -48% 0FF </p><p>$6.29</p><a href="https://www.amazon.com/dp/B0835TX9TH?tag=eloabder-20&linkCode=osi&th=1&psc=1">View Product</a></div><div class="product"><a href="https://www.amazon.com/dp/B0BJ4Q64L9?tag=eloabder-20&linkCode=osi&th=1&psc=1"><img src="https://m.media-amazon.com/images/I/31T4DaO7KeL._SL500_.jpg" alt="Product Image"></a><p>Tommee Tippee Ultra-light Silicone Pacifier, Symmetrical One-Piece Design, BPA-Free Silicone Binkies, 6-18 months, Pack of 4 Pacifiers</p><p> -32% 0FF </p><p>$11.51</p><a href="https://www.amazon.com/dp/B0BJ4Q64L9?tag=eloabder-20&linkCode=osi&th=1&psc=1">View Product</a></div><div class="product"><a href="https://www.amazon.com/dp/B0C5B1SLFL?tag=eloabder-20&linkCode=osi&th=1&psc=1"><img src="https://m.media-amazon.com/images/I/41XLQFTsedL._SL500_.jpg" alt="Product Image"></a><p>Philips Avent Ultra Soft Pacifier - 4 x Soft and Flexible Baby Pacifiers for Babies Aged 0-6 Months, BPA Free with Sterilizer Carry Case, SCF091/23</p><p> -7% 0FF </p><p>$12.94</p><a href="https://www.amazon.com/dp/B0C5B1SLFL?tag=eloabder-20&linkCode=osi&th=1&psc=1">View Product</a></div><div class="product"><a href="https://www.amazon.com/dp/B09H7LR2K2?tag=eloabder-20&linkCode=osi&th=1&psc=1"><img src="https://m.media-amazon.com/images/I/31J6KoAN3IL._SL500_.jpg" alt="Product Image"></a><p>MAM Original Start Matte Newborn Baby Pacifier, Best Pacifier for Breastfed Babies, Sterilizer Case, Girl, 0-3 Months (Pack of 2)</p><p> -38% 0FF </p><p>$4.99</p><a href="https://www.amazon.com/dp/B09H7LR2K2?tag=eloabder-20&linkCode=osi&th=1&psc=1">View Product</a></div>
<div class="product"><a href="https://www.amazon.com/dp/B0C98MM24R?tag=eloabder-20&linkCode=osi&th=1&psc=1"><img src="https://m.media-amazon.com/images/I/411zeOj8dIL._SL500_.jpg" alt="Product Image"></a><p>Silicone Pacifier Clip, Seposeve Pack of 3 Baby Pacifier Teether Clip with 4 Texture, Soft Flexible Silicone Pacifier Leashes & Cases for Boy and Girl, Keeps Pacifier Clean, Purple Pink White</p><p> -29% 0FF </p><p>$4.99</p><a href="https://www.amazon.com/dp/B0C98MM24R?tag=eloabder-20&linkCode=osi&th=1&psc=1">View Product</a></div><div class="product"><a href="https://www.amazon.com/dp/B0828BFK15?tag=eloabder-20&linkCode=osi&th=1&psc=1"><img src="https://m.media-amazon.com/images/I/41OXr2mKwYL._SL500_.jpg" alt="Product Image"></a><p>PandaEar Baby Pacifier Clips Solid Color, 4 Pack Universal Holder Leash for Boys and Girls, Teething Toys Teethers (Neutral)</p><p> -17% 0FF </p><p>$4.98</p><a href="https://www.amazon.com/dp/B0828BFK15?tag=eloabder-20&linkCode=osi&th=1&psc=1">View Product</a></div>
<div class="product"><a href="https://www.amazon.com/dp/B09JCJKMF2?tag=eloabder-20&linkCode=osi&th=1&psc=1"><img src="https://m.media-amazon.com/images/I/21hMAxonL8L._SL500_.jpg" alt="Product Image"></a><p>Ubbi On-The-Go Dual Pacifier Holder, Keep's Baby's Binkies Clean and Accessible, Portable for Travel, Diaper Bag Accessory Must Have for Newborns, Sage Green</p><p> -17% 0FF </p><p>$4.99</p><a href="https://www.amazon.com/dp/B09JCJKMF2?tag=eloabder-20&linkCode=osi&th=1&psc=1">View Product</a></div><div class="product"><a href="https://www.amazon.com/dp/B0BG8J1JJR?tag=eloabder-20&linkCode=osi&th=1&psc=1"><img src="https://m.media-amazon.com/images/I/31fDalcDyyL._SL500_.jpg" alt="Product Image"></a><p>PandaEar Pacifier Nipple Holder Case Container Boxes (4 Pack)| Universal Accessories Holders| Travel Cases| BPA Free</p><p> -17% 0FF </p><p>$4.95</p><a href="https://www.amazon.com/dp/B0BG8J1JJR?tag=eloabder-20&linkCode=osi&th=1&psc=1">View Product</a></div>
<div class="product"><a href="https://www.amazon.com/dp/B08625PRQL?tag=eloabder-20&linkCode=osi&th=1&psc=1"><img src="https://m.media-amazon.com/images/I/31PUIalU9CL._SL500_.jpg" alt="Product Image"></a><p>GROWNSY Pacifier Sanitizer Portable, UV Light Sanitizer on The Go, USB Charging Sanitizer Case, Mini Pacifier Sanitizer 99.99% Cleaned in 59 Seconds (White)</p><p> -10% 0FF </p><p>$26.95</p><a href="https://www.amazon.com/dp/B08625PRQL?tag=eloabder-20&linkCode=osi&th=1&psc=1">View Product</a></div><div class="product"><a href="https://www.amazon.com/dp/B0035LQNNE?tag=eloabder-20&linkCode=osi&th=1&psc=1"><img src="https://m.media-amazon.com/images/I/41DJ3x+h47L._SL500_.jpg" alt="Product Image"></a><p>Dr. Brown's Microwave Steam Sterilizer Bags for Baby Bottles, Pacifiers, Pump Parts and Accessories, Travel Baby Bottle Sterilizer, 30 Uses per Bag, 5 Count (Pack of 1)</p><p> -40% 0FF </p><p>$5.99</p><a href="https://www.amazon.com/dp/B0035LQNNE?tag=eloabder-20&linkCode=osi&th=1&psc=1">View Product</a></div>
<div class="product"><a href="https://www.amazon.com/dp/B0CRF9L25B?tag=eloabder-20&linkCode=osi&th=1&psc=1"><img src="https://m.media-amazon.com/images/I/41WW0AQ61YL._SL500_.jpg" alt="Product Image"></a><p>Comfy Cubs Baby Play Gym Set, Wooden Baby Playgym, Interactive Activity Center Hanging Bar with Gym Toys, Foldable for Infants, Newborn Gift for Baby Girl and Boy</p><p> -33% 0FF </p><p>$39.99</p><a href="https://www.amazon.com/dp/B0CRF9L25B?tag=eloabder-20&linkCode=osi&th=1&psc=1">View Product</a></div>
<div class="product"><a href="https://www.amazon.com/dp/B0BCVRHFX8?tag=eloabder-20&linkCode=osi&th=1&psc=1"><img src="https://m.media-amazon.com/images/I/41EoxD6Jb4L._SL500_.jpg" alt="Product Image"></a><p>Baby Playpen,Playpen, Playpen for Babies and Toddlers, Play Pen for Kids, Play Pens for Babies and Toddlers for Apartment (47 * 47 inch Grey with mat)</p><p> -23% 0FF </p><p>$46.21</p><a href="https://www.amazon.com/dp/B0BCVRHFX8?tag=eloabder-20&linkCode=osi&th=1&psc=1">View Product</a></div><div class="product"><a href="https://www.amazon.com/dp/B0BR7NFYTV?tag=eloabder-20&linkCode=osi&th=1&psc=1"><img src="https://m.media-amazon.com/images/I/41fdC8D+84L._SL500_.jpg" alt="Product Image"></a><p>COMOMY Playpens for Babies and Toddlers, Small Baby Play Pens, Activity Center for Baby Safe and Non-Slip Baby Fence, Full Mesh Design, Indoor & Outdoor Kids Activity Center (Dark Grey, 36"x36")</p><p> -20% 0FF </p><p>$39.99</p><a href="https://www.amazon.com/dp/B0BR7NFYTV?tag=eloabder-20&linkCode=osi&th=1&psc=1">View Product</a></div><div class="product"><a href="https://www.amazon.com/dp/B09ZDQ3C2Y?tag=eloabder-20&linkCode=osi&th=1&psc=1"><img src="https://m.media-amazon.com/images/I/41cGSa5tbrL._SL500_.jpg" alt="Product Image"></a><p>Pamo Babe Portable Crib Baby Playpen with Mattress and Carry Bag (Grey)</p><p> -29% 0FF </p><p>$48.99</p><a href="https://www.amazon.com/dp/B09ZDQ3C2Y?tag=eloabder-20&linkCode=osi&th=1&psc=1">View Product</a></div><div class="product"><a href="https://www.amazon.com/dp/B08BT16TH5?tag=eloabder-20&linkCode=osi&th=1&psc=1"><img src="https://m.media-amazon.com/images/I/41T3gWQReTL._SL500_.jpg" alt="Product Image"></a><p>Dream On Me Nest Portable Playard in Black with Carrybag an Shoulder Strap, Lightweight, Packable and Easy Setup Baby Playard, Breathable Mesh Sides and Soft Fabric - Comes with a Removable Padded Mat</p><p> -29% 0FF </p><p>$49.99</p><a href="https://www.amazon.com/dp/B08BT16TH5?tag=eloabder-20&linkCode=osi&th=1&psc=1">View Product</a></div>
<div class="product"><a href="https://www.amazon.com/dp/B07964SFW4?tag=eloabder-20&linkCode=osi&th=1&psc=1"><img src="https://m.media-amazon.com/images/I/415S7evTplL._SL500_.jpg" alt="Product Image"></a><p>Baby Trend Lil' Snooze Deluxe II Nursery Center, Twinkle Twinkle Little Moon</p><p> -10% 0FF </p><p>$89.99</p><a href="https://www.amazon.com/dp/B07964SFW4?tag=eloabder-20&linkCode=osi&th=1&psc=1">View Product</a></div><div class="product"><a href="https://www.amazon.com/dp/B0BMFQFZSH?tag=eloabder-20&linkCode=osi&th=1&psc=1"><img src="https://m.media-amazon.com/images/I/41tYFE0RalL._SL500_.jpg" alt="Product Image"></a><p>Pamo Babe Deluxe Nursery Center, Foldable Playard for Baby & Toddler, Bassinet, Mattress, Changing Table for Newborn(Black)</p><p> -22% 0FF </p><p>$155.99</p><a href="https://www.amazon.com/dp/B0BMFQFZSH?tag=eloabder-20&linkCode=osi&th=1&psc=1">View Product</a></div><div class="product"><a href="https://www.amazon.com/dp/B07HYV86RH?tag=eloabder-20&linkCode=osi&th=1&psc=1"><img src="https://m.media-amazon.com/images/I/41GWwVT9TQL._SL500_.jpg" alt="Product Image"></a><p>Baby Trend Trend-E Nursery Center® Playard, April</p><p> -20% 0FF </p><p>$79.99</p><a href="https://www.amazon.com/dp/B07HYV86RH?tag=eloabder-20&linkCode=osi&th=1&psc=1">View Product</a></div>
<div class="product"><a href="https://www.amazon.com/dp/B0BZQGQVD1?tag=eloabder-20&linkCode=osi&th=1&psc=1"><img src="https://m.media-amazon.com/images/I/41DuYrM0FML._SL500_.jpg" alt="Product Image"></a><p>Kopi Baby Portable Diaper Changing Pad - Baby Changing Pad & Diaper Changer Travel Bag, Smart Design Baby Changing Mat, Portable Changing Pad for Baby - Baby Changing Station, Infant Gift - Grey</p><p> -31% 0FF </p><p>$26.99</p><a href="https://www.amazon.com/dp/B0BZQGQVD1?tag=eloabder-20&linkCode=osi&th=1&psc=1">View Product</a></div><div class="product"><a href="https://www.amazon.com/dp/B085PXT49C?tag=eloabder-20&linkCode=osi&th=1&psc=1"><img src="https://m.media-amazon.com/images/I/51vXCxx-lHL._SL500_.jpg" alt="Product Image"></a><p>Portable Changing Pad for Baby|Travel Baby Changing Pads for Moms, Dads|Waterproof Portable Changing Mat with Built-in Pillow|Excellent Baby Shower/Registry Gifts</p><p> -19% 0FF </p><p>$12.99</p><a href="https://www.amazon.com/dp/B085PXT49C?tag=eloabder-20&linkCode=osi&th=1&psc=1">View Product</a></div><div class="product"><a href="https://www.amazon.com/dp/B082FZ4232?tag=eloabder-20&linkCode=osi&th=1&psc=1"><img src="https://m.media-amazon.com/images/I/51beBs2MbBL._SL500_.jpg" alt="Product Image"></a><p>First Landings Portable Diaper Changing Pad - Convenient Travel Changing Pad and Wipe Holder - Portable Changing Pad - Navy</p><p> -58% 0FF </p><p>$9.99</p><a href="https://www.amazon.com/dp/B082FZ4232?tag=eloabder-20&linkCode=osi&th=1&psc=1">View Product</a></div><div class="product"><a href="https://www.amazon.com/dp/B08N4W4CFC?tag=eloabder-20&linkCode=osi&th=1&psc=1"><img src="https://m.media-amazon.com/images/I/51vHXXugc9L._SL500_.jpg" alt="Product Image"></a><p>Portable Diaper Changing Pad for Baby, Detachable Travel Changing Pad with Baby Wipes Pocket, Gifts for Baby Shower, Newborn Girls and Boys (Grey)</p><p> -29% 0FF </p><p>$19.79</p><a href="https://www.amazon.com/dp/B08N4W4CFC?tag=eloabder-20&linkCode=osi&th=1&psc=1">View Product</a></div><div class="product"><a href="https://www.amazon.com/dp/B0CM9ZDFT7?tag=eloabder-20&linkCode=osi&th=1&psc=1"><img src="https://m.media-amazon.com/images/I/511OkyACRAL._SL500_.jpg" alt="Product Image"></a><p>Portable Changing Pad for Baby, Travel Diaper Changing Pad for Newborn, Large Waterproof Baby Changing Mat, Foldable & Detachable Diaper Changing Station with Baby Wipes Pockets, Baby Stuff by Pillani</p><p> -37% 0FF </p><p>$18.99</p><a href="https://www.amazon.com/dp/B0CM9ZDFT7?tag=eloabder-20&linkCode=osi&th=1&psc=1">View Product</a></div>
<div class="product"><a href="https://www.amazon.com/dp/B00AKKDSNG?tag=eloabder-20&linkCode=osi&th=1&psc=1"><img src="https://m.media-amazon.com/images/I/51nqUmC7OaL._SL500_.jpg" alt="Product Image"></a><p>Guava Lotus Travel Crib with Lightweight Backpack Design | Certified Baby Safe Portable Crib | Folding Play Yard with Comfy Mattress for Babies & Toddlers | Compact Baby Travel Bed</p><p> -18% 0FF </p><p>$229.95</p><a href="https://www.amazon.com/dp/B00AKKDSNG?tag=eloabder-20&linkCode=osi&th=1&psc=1">View Product</a></div><div class="product"><a href="https://www.amazon.com/dp/B07RZQC1T1?tag=eloabder-20&linkCode=osi&th=1&psc=1"><img src="https://m.media-amazon.com/images/I/41EMWNVnnYL._SL500_.jpg" alt="Product Image"></a><p>Pamo Babe Portable Crib for Baby, Portable Baby Playpen with Bassinet and Changing Table</p><p> -15% 0FF </p><p>$109.99</p><a href="https://www.amazon.com/dp/B07RZQC1T1?tag=eloabder-20&linkCode=osi&th=1&psc=1">View Product</a></div><div class="product"><a href="https://www.amazon.com/dp/B01F9FLEL4?tag=eloabder-20&linkCode=osi&th=1&psc=1"><img src="https://m.media-amazon.com/images/I/51HNrjQ09pL._SL500_.jpg" alt="Product Image"></a><p>Baby Trend Nursery Center® Playard, Tanzania</p><p> -20% 0FF </p><p>$79.99</p><a href="https://www.amazon.com/dp/B01F9FLEL4?tag=eloabder-20&linkCode=osi&th=1&psc=1">View Product</a></div>
<div class="product"><a href="https://www.amazon.com/dp/B0CXY9DDW9?tag=eloabder-20&linkCode=osi&th=1&psc=1"><img src="https://m.media-amazon.com/images/I/31MFNOwDz8L._SL500_.jpg" alt="Product Image"></a><p>Bluey Playtime Floor Potty Trainer w/Sound</p><p> -20% 0FF </p><p>$31.99</p><a href="https://www.amazon.com/dp/B0CXY9DDW9?tag=eloabder-20&linkCode=osi&th=1&psc=1">View Product</a></div>


<div class="product"><a href="https://www.amazon.com/dp/B0825YNHG9?tag=eloabder-20&linkCode=osi&th=1&psc=1"><img src="https://m.media-amazon.com/images/I/515zQEdiriL._SL500_.jpg" alt="Product Image"></a><p>wegreeco Cloth Diapers 6 Pack with 6 Inserts & 1 Wet Bag, Washable Cloth Diapers for Babies, One Size Adjustable Reusable Diapers Baby (Flower)</p><p> -17% 0FF </p><p>$31.85</p><a href="https://www.amazon.com/dp/B0825YNHG9?tag=eloabder-20&linkCode=osi&th=1&psc=1">View Product</a></div><div class="product"><a href="https://www.amazon.com/dp/B0D5HMWY6V?tag=eloabder-20&linkCode=osi&th=1&psc=1"><img src="https://m.media-amazon.com/images/I/41U1XPfqxlL._SL500_.jpg" alt="Product Image"></a><p>Smarbore Baby Cloth Diapers Set-4 Pack Diapers with 4 Inserts & 1 Wet Dry Separation Bag, Reusable Infant Toddler Nappy, Adjustable Pocket Diapers for Baby Boys and Girls(6-33 pounds,0-3 Years)</p><p> -7% 0FF </p><p>$25.99 ($2.89 / Count)</p><a href="https://www.amazon.com/dp/B0D5HMWY6V?tag=eloabder-20&linkCode=osi&th=1&psc=1">View Product</a></div>
<div class="product"><a href="https://www.amazon.com/dp/B0CG1T96CP?tag=eloabder-20&linkCode=osi&th=1&psc=1"><img src="https://m.media-amazon.com/images/I/41Zc2WoVYUL._SL500_.jpg" alt="Product Image"></a><p>Yaheetech Upholstered Rocking Chair, Boucle Glider Chair Nursery Chair with High Back and Side Pocket, Rocking Accent Armchair with Rubber Wood Legs for Living Room/Bedroom/Nursery, Ivory</p><p> -41% 0FF </p><p>$99.99</p><a href="https://www.amazon.com/dp/B0CG1T96CP?tag=eloabder-20&linkCode=osi&th=1&psc=1">View Product</a></div><div class="product"><a href="https://www.amazon.com/dp/B0815ZR4LN?tag=eloabder-20&linkCode=osi&th=1&psc=1"><img src="https://m.media-amazon.com/images/I/31z4fzPBkHL._SL500_.jpg" alt="Product Image"></a><p>Evolur Raleigh Upholstered Nursery Glider, Swivel, Rock, Recliner, Tool Free Assembly, Greenguard Gold Certified Misty Grey</p><p> -43% 0FF </p><p>$199.99</p><a href="https://www.amazon.com/dp/B0815ZR4LN?tag=eloabder-20&linkCode=osi&th=1&psc=1">View Product</a></div><div class="product"><a href="https://www.amazon.com/dp/B01N4KL7QS?tag=eloabder-20&linkCode=osi&th=1&psc=1"><img src="https://m.media-amazon.com/images/I/51EIu4gTPDL._SL500_.jpg" alt="Product Image"></a><p>Angel Line Windsor Glider and Ottoman, Natural and Gray</p><p> -21% 0FF </p><p>$139.00</p><a href="https://www.amazon.com/dp/B01N4KL7QS?tag=eloabder-20&linkCode=osi&th=1&psc=1">View Product</a></div><div class="product"><a href="https://www.amazon.com/dp/B0DF2PJ5KH?tag=eloabder-20&linkCode=osi&th=1&psc=1"><img src="https://m.media-amazon.com/images/I/51wf3SLefBL._SL500_.jpg" alt="Product Image"></a><p>VECELO High Back Nursery Rocking Chair with Foot Rest, Teddy Upholstered Reclining Glider Rocker, Comfy Armchair Padded Seat Removable Side Pockets for Living Room, Bedroom, Balcony, White</p><p> -7% 0FF </p><p>$129.99</p><a href="https://www.amazon.com/dp/B0DF2PJ5KH?tag=eloabder-20&linkCode=osi&th=1&psc=1">View Product</a></div>
<div class="product"><a href="https://www.amazon.com/dp/B0D4YY8V2Z?tag=eloabder-20&linkCode=osi&th=1&psc=1"><img src="https://m.media-amazon.com/images/I/41ckUZsbOhL._SL500_.jpg" alt="Product Image"></a><p>JXM Safety Harness for Active Childs with Quick Grab Handle, Teens Youth Secure Walking Harness with Autism Awareness and Pouch, Adjustable Tether Leash for Autism ADHD Special Needs Child Kids</p><p> -11% 0FF </p><p>$24.99</p><a href="https://www.amazon.com/dp/B0D4YY8V2Z?tag=eloabder-20&linkCode=osi&th=1&psc=1">View Product</a></div><div class="product"><a href="https://www.amazon.com/dp/B0CMTXJ956?tag=eloabder-20&linkCode=osi&th=1&psc=1"><img src="https://m.media-amazon.com/images/I/41isiqOFw+L._SL500_.jpg" alt="Product Image"></a><p>Kanayu 2 Pcs Walking Harness for Older Children with Handle and Pouch Safety Harness for Autism ADHD Special Needs Child Kids(8-12 Years)</p><p> -12% 0FF </p><p>$22.99</p><a href="https://www.amazon.com/dp/B0CMTXJ956?tag=eloabder-20&linkCode=osi&th=1&psc=1">View Product</a></div><div class="product"><a href="https://www.amazon.com/dp/B0CFY3B37N?tag=eloabder-20&linkCode=osi&th=1&psc=1"><img src="https://m.media-amazon.com/images/I/41i7J-tFLEL._SL500_.jpg" alt="Product Image"></a><p>ROSROSE Child Airplane Safety Travel Harness, Airplane Travel Accessories for Kid Toddler, Child Aviation Flight Seat Device/Seat Belt, Safety Restraint System Helps Keep Your Child Safe</p><p> -10% 0FF </p><p>$22.55</p><a href="https://www.amazon.com/dp/B0CFY3B37N?tag=eloabder-20&linkCode=osi&th=1&psc=1">View Product</a></div>
<div class="product"><a href="https://www.amazon.com/dp/B08WDLZ9YF?tag=eloabder-20&linkCode=osi&th=1&psc=1"><img src="https://m.media-amazon.com/images/I/41yh9vV9UTL._SL500_.jpg" alt="Product Image"></a><p>Safety 1st Healthcare On-The-go Kit, Pyramids Aqua</p><p> -27% 0FF </p><p>$9.53</p><a href="https://www.amazon.com/dp/B08WDLZ9YF?tag=eloabder-20&linkCode=osi&th=1&psc=1">View Product</a></div>
<div class="product"><a href="https://www.amazon.com/dp/B0009EXOIM?tag=eloabder-20&linkCode=osi&th=1&psc=1"><img src="https://m.media-amazon.com/images/I/41tq74vnvfL._SL500_.jpg" alt="Product Image"></a><p>Safety 1st 12 Pack Ultra Clear Outlet Plugs</p><p> -55% 0FF </p><p>$2.99</p><a href="https://www.amazon.com/dp/B0009EXOIM?tag=eloabder-20&linkCode=osi&th=1&psc=1">View Product</a></div>
<div class="product"><a href="https://www.amazon.com/dp/B0CNVZN4JY?tag=eloabder-20&linkCode=osi&th=1&psc=1"><img src="https://m.media-amazon.com/images/I/41w4Hn9rrKL._SL500_.jpg" alt="Product Image"></a><p>UBBCARE Bed Rail for Toddlers, 32 Inch Bed Guard Rail, Extra Tall Child Safety Side Crib Rail for Baby, Kids, Fit for Twin, Full, Queen, King Size Beds</p><p> -19% 0FF </p><p>$25.99</p><a href="https://www.amazon.com/dp/B0CNVZN4JY?tag=eloabder-20&linkCode=osi&th=1&psc=1">View Product</a></div><div class="product"><a href="https://www.amazon.com/dp/B0D63187J9?tag=eloabder-20&linkCode=osi&th=1&psc=1"><img src="https://m.media-amazon.com/images/I/41Y5kEXGVpL._SL500_.jpg" alt="Product Image"></a><p>Bed Guard Rail for Toddlers - 32inch Folding up & Adjustable Heights Baby Bed Safety Rails - Portable Toddler Bed Barrier Railing Guard for Kids Twin, Bunk, Queen, Full Size Bed</p><p> -13% 0FF </p><p>$34.99</p><a href="https://www.amazon.com/dp/B0D63187J9?tag=eloabder-20&linkCode=osi&th=1&psc=1">View Product</a></div>

<div class="product"><a href="https://www.amazon.com/dp/B07JDHX9X8?tag=eloabder-20&linkCode=osi&th=1&psc=1"><img src="https://m.media-amazon.com/images/I/41xMC6SqvHL._SL500_.jpg" alt="Product Image"></a><p>Anti-Lost Wrist Link, Blue Reflective Anti-Lost Wrist Chain with Child Lock 6.56 feet.</p><p> -23% 0FF </p><p>$9.99</p><a href="https://www.amazon.com/dp/B07JDHX9X8?tag=eloabder-20&linkCode=osi&th=1&psc=1">View Product</a></div>
<div class="product"><a href="https://www.amazon.com/dp/B005P4J5I4?tag=eloabder-20&linkCode=osi&th=1&psc=1"><img src="https://m.media-amazon.com/images/I/519l0MNHqKL._SL500_.jpg" alt="Product Image"></a><p>Little Remedies Saline Spray and Drops, Safe for Newborns, 0.5 fl oz</p><p> -53% 0FF </p><p>$3.27 ($6.54 / Fl Oz)</p><a href="https://www.amazon.com/dp/B005P4J5I4?tag=eloabder-20&linkCode=osi&th=1&psc=1">View Product</a></div><div class="product"><a href="https://www.amazon.com/dp/B0856MGQVH?tag=eloabder-20&linkCode=osi&th=1&psc=1"><img src="https://m.media-amazon.com/images/I/51A47IQJC0L._SL500_.jpg" alt="Product Image"></a><p>Little Remedies Stromach Gas and Nose Relief Pack (1-0.5 oz Saline Spray and Drops, 1-1 oz Gas Relief Berry Flavor Drops)</p><p> -29% 0FF </p><p>$10.93</p><a href="https://www.amazon.com/dp/B0856MGQVH?tag=eloabder-20&linkCode=osi&th=1&psc=1">View Product</a></div><div class="product"><a href="https://www.amazon.com/dp/B011EVPAHG?tag=eloabder-20&linkCode=osi&th=1&psc=1"><img src="https://m.media-amazon.com/images/I/41wkX5DsVDL._SL500_.jpg" alt="Product Image"></a><p>MYLICON Infants Gas Relief Drops for Infants and Babies, Dye Free Formula, 1 Fluid Ounce</p><p> -18% 0FF </p><p>$9.86</p><a href="https://www.amazon.com/dp/B011EVPAHG?tag=eloabder-20&linkCode=osi&th=1&psc=1">View Product</a></div><div class="product"><a href="https://www.amazon.com/dp/B0971Y375Y?tag=eloabder-20&linkCode=osi&th=1&psc=1"><img src="https://m.media-amazon.com/images/I/41Bj3TE3RaL._SL500_.jpg" alt="Product Image"></a><p>Mommy's Bliss Newborn Essentials Gift Set, Includes Gripe Water, Baby Vitamin D / Gas Drops and Gentle Saline Drops/Spray</p><p> -20% 0FF </p><p>$19.98 ($5.00 / Count)</p><a href="https://www.amazon.com/dp/B0971Y375Y?tag=eloabder-20&linkCode=osi&th=1&psc=1">View Product</a></div>

<div class="product"><a href="https://www.amazon.com/dp/B002SVAJK0?tag=eloabder-20&linkCode=osi&th=1&psc=1"><img src="https://m.media-amazon.com/images/I/31zDyga4PaL._SL500_.jpg" alt="Product Image"></a><p>Original Sprout Classic Shampoo for All Hair Types, Sulfate Free and Vegan Shampoo, 32 oz. Bottle</p><p> -39% 0FF </p><p>$26.09 ($0.82 / Fl Oz)</p><a href="https://www.amazon.com/dp/B002SVAJK0?tag=eloabder-20&linkCode=osi&th=1&psc=1">View Product</a></div><div class="product"><a href="https://www.amazon.com/dp/B076BVMM2P?tag=eloabder-20&linkCode=osi&th=1&psc=1"><img src="https://m.media-amazon.com/images/I/31TTLlKPXHL._SL500_.jpg" alt="Product Image"></a><p>Mustela Stelatopia Eczema-Prone Skin Foam Shampoo for Newborn & Baby with - with Natural Avocado & Sunflower Oil - Fragrance-Free & Tear Free - 5.07 fl. oz.</p><p> -27% 0FF </p><p>$12.69 ($2.49 / Fl Oz)</p><a href="https://www.amazon.com/dp/B076BVMM2P?tag=eloabder-20&linkCode=osi&th=1&psc=1">View Product</a></div>
                </div>

                <!-- Bouton flottant -->
                <button class="floating-button" onclick="window.location.href='https://www.iasmarket.us'">HOME</button>
            
                <!-- Pagination -->
                <div class="pagination">
            <a href="https://iasmarket.github.io/Baby/">Back</a>            </div>

            <script>
                function updateTime() {
                    const optionsDate = {
                        timeZone: 'America/Los_Angeles',
                        year: 'numeric',
                        month: 'long',
                        day: 'numeric',
                        weekday: 'long'
                    };
                    const optionsTime = {
                        timeZone: 'America/Los_Angeles',
                        hour: '2-digit',
                        minute: '2-digit',
                        second: '2-digit'
                    };
        
                    const now = new Date();
                    const formatterDate = new Intl.DateTimeFormat('en-US', optionsDate);
                    const formatterTime = new Intl.DateTimeFormat('en-US', optionsTime);
        
                    const formattedDate = formatterDate.format(now);
                    const formattedTime = formatterTime.format(now);
        
                    document.getElementById('comment').textContent = "As an AMAZON Associate, I earn from qualifying purchases.";
                    document.getElementById('date').textContent = formattedDate;
                    document.getElementById('time').textContent = formattedTime;
                }
        
                updateTime();
                setInterval(updateTime, 1000);
        
                function filterProducts() {
                    const input = document.getElementById('searchInput');
                    const filter = input.value.toLowerCase();
                    const container = document.getElementById('productContainer');
                    const products = container.getElementsByClassName('product');
        
                    for (let i = 0; i < products.length; i++) {
                        const product = products[i];
                        const text = product.textContent || product.innerText;
                        if (text.toLowerCase().indexOf(filter) > -1) {
                            product.style.display = "";
                        } else {
                            product.style.display = "none";
                        }
                    }
                }
            </script>
             </body>
        
            </html>
        