    <!DOCTYPE html>
    <html lang="en">
    
    <head>
        <meta charset="UTF-8">
        <meta http-equiv="X-UA-Compatible" content="IE=edge">
        <meta name="viewport" content="width=device-width, initial-scale=1.0">
        <title>IaSmarKet Products</title>
        <style>
            body {
                background-color: black;
                color: white;
                font-family: Arial, sans-serif;
            }
    
            .datetime {
                text-align: center;
                color: gray;
                margin-top: 20px;
            }
    
            .date,
            .time {
                font-size: 48px;
            }
    
            .container {
                display: flex;
                flex-wrap: wrap;
                justify-content: center;
                align-items: flex-start;
                min-height: calc(100vh - 7cm);
                padding: 20px;
            }
    
            .product {
                width: calc(100% / 4 - 40px);
                margin: 10px;
                text-align: center;
                border: 1px solid red;
                border-radius: 10px;
                overflow: hidden;
                padding: 10px;
                display: flex;
                flex-direction: column;
                background-color: black;
                color: white;
                transition: transform 0.3s;
            }
    
            .product:hover {
                transform: scale(1.05);
            }
    
            .product .content {
                height: 200px;
                overflow: hidden;
            }
    
            .product img {
                width: 100%;
                height: 200px;
                object-fit: cover;
            }
    
            .product .description {
                margin-top: 10px;
                flex-grow: 1;
            }
    
            .product .more-link {
                margin-top: 5px;
                cursor: pointer;
                color: blue;
                text-decoration: underline;
            }
    
            .pagination {
                text-align: center;
                margin: 20px 0;
                width: 100%;
            }
    
            .pagination a {
                color: white;
                padding: 8px 16px;
                text-decoration: none;
                background-color: gray;
                margin: 0 4px;
                border-radius: 4px;
            }
    
            .pagination a:hover {
                background-color: #575757;
            }
    
            @media (min-width: 768px) and (max-width: 991px) {
                .product {
                    width: calc(100% / 3 - 40px);
                }
            }
    
            @media (max-width: 767px) {
                .product {
                    width: calc(100% - 40px);
                }
            }
    
            /* Style pour le bouton flottant */
            .floating-button {
                position: fixed;
                bottom: 20px;
                right: 20px;
                background-color: red;
                color: white;
                border: none;
                border-radius: 50%;
                width: 60px;
                height: 60px;
                text-align: center;
                font-size: 18px;
                cursor: pointer;
                z-index: 1000;
                box-shadow: 0 4px 8px rgba(0, 0, 0, 0.2);
            }
    
            /* Style pour la barre de recherche */
            .search-bar {
                width: 100%;
                text-align: center;
                margin: 20px 0;
            }
    
            .search-bar input {
                width: 50%;
                padding: 10px;
                border-radius: 5px;
                border: none;
                font-size: 16px;
            }
    
            @media (max-width: 767px) {
                .search-bar input {
                    width: 80%;
                }
            }
        </style>
    </head>
    
    <body>
        <div class="datetime">
            <div class="date" id="comment"></div>
            <div class="date" id="date"></div>
            <div class="time" id="time"></div>
        </div>
        <!-- Pagination -->
        <div class="pagination">Pages :

         
            </div>
                <!-- Barre de recherche -->
                <div class="search-bar">serche:
                <input type="text" id="searchInput" placeholder=" search and filter by product / name Ex:'Blender' / discount percentage Ex:'30%' ..." onkeyup="filterProducts()">
                </div>

                <div class="container" id="productContainer">
                    <!-- Exemple de produits -->
          
            

<div class="product"><a href="https://www.amazon.com/dp/B01M5JGO6D?tag=eloabder-20&linkCode=osi&th=1&psc=1"><img src="https://m.media-amazon.com/images/I/41hyrAKcBVL._SL500_.jpg" alt="Product Image"></a><p>Simple Joys by Carter's Baby 6-Piece Bodysuits (Short and Long Sleeve) and Pants Set, Grey/Mint Green/Elephant/Lamb, 0-3 Months</p><p> -5% 0FF </p><p>$23.30</p><a href="https://www.amazon.com/dp/B01M5JGO6D?tag=eloabder-20&linkCode=osi&th=1&psc=1">View Product</a></div><div class="product"><a href="https://www.amazon.com/dp/B07GFNVLS2?tag=eloabder-20&linkCode=osi&th=1&psc=1"><img src="https://m.media-amazon.com/images/I/31T-p4V5gsL._SL500_.jpg" alt="Product Image"></a><p>Gerber Unisex Baby Multi-Pack Long-Sleeve Onesies Bodysuit Mitten Cuff Sizes 6-Pack Mitten Cuff 0-3 Months</p><p> -12% 0FF </p><p>$15.81</p><a href="https://www.amazon.com/dp/B07GFNVLS2?tag=eloabder-20&linkCode=osi&th=1&psc=1">View Product</a></div><div class="product"><a href="https://www.amazon.com/dp/B08RHXJ4RN?tag=eloabder-20&linkCode=osi&th=1&psc=1"><img src="https://m.media-amazon.com/images/I/417BQ0zgHdL._SL500_.jpg" alt="Product Image"></a><p>AMAWMW Newborn Baby Girl Little Sister Sleeper Gown Stripe Long Sleeve Nightgown Pajamas Gifts Stuff Essential Outfit</p><p> -35% 0FF </p><p>$13.59</p><a href="https://www.amazon.com/dp/B08RHXJ4RN?tag=eloabder-20&linkCode=osi&th=1&psc=1">View Product</a></div>
<div class="product"><a href="https://www.amazon.com/dp/B07XP17LFJ?tag=eloabder-20&linkCode=osi&th=1&psc=1"><img src="https://m.media-amazon.com/images/I/51lB8BV82CL._SL500_.jpg" alt="Product Image"></a><p>DADA-TECH Toddler Electric Toothbrush Kids Age 1-2-3 Years Old, Baby Electric Toothbrush with LED Light 2 Minutes Timer 4 Vibrating Heads for Infants Toothbrush 6 to 12 Months and Up (Blue)</p><p> -24% 0FF </p><p>$15.99</p><a href="https://www.amazon.com/dp/B07XP17LFJ?tag=eloabder-20&linkCode=osi&th=1&psc=1">View Product</a></div><div class="product"><a href="https://www.amazon.com/dp/B0CQKSQ8RX?tag=eloabder-20&linkCode=osi&th=1&psc=1"><img src="https://m.media-amazon.com/images/I/314uxBY6cwL._SL500_.jpg" alt="Product Image"></a><p>PandaEar 2 Pack Baby Toothbrush, Silicone Double-Sided Oral Care Teether Brush for Infant 6 to 12 Months, Easy to Hold -Green & Red</p><p> -14% 0FF </p><p>$5.95 ($2.98 / Count)</p><a href="https://www.amazon.com/dp/B0CQKSQ8RX?tag=eloabder-20&linkCode=osi&th=1&psc=1">View Product</a></div>
<div class="product"><a href="https://www.amazon.com/dp/B00JHKTDQG?tag=eloabder-20&linkCode=osi&th=1&psc=1"><img src="https://m.media-amazon.com/images/I/41u2OOs0uOL._SL500_.jpg" alt="Product Image"></a><p>Safety 1st Plug Protectors, 36 Count</p><p> -22% 0FF </p><p>$3.49</p><a href="https://www.amazon.com/dp/B00JHKTDQG?tag=eloabder-20&linkCode=osi&th=1&psc=1">View Product</a></div><div class="product"><a href="https://www.amazon.com/dp/B00NO030NC?tag=eloabder-20&linkCode=osi&th=1&psc=1"><img src="https://m.media-amazon.com/images/I/2172z++GGHL._SL500_.jpg" alt="Product Image"></a><p>Power Gear 51175 Safety Plastic Outlet Covers, 30 Pack, Clear</p><p> -21% 0FF </p><p>$4.75</p><a href="https://www.amazon.com/dp/B00NO030NC?tag=eloabder-20&linkCode=osi&th=1&psc=1">View Product</a></div><div class="product"><a href="https://www.amazon.com/dp/B000HKVG9C?tag=eloabder-20&linkCode=osi&th=1&psc=1"><img src="https://m.media-amazon.com/images/I/41RdFKMVyCL._SL500_.jpg" alt="Product Image"></a><p>Safety 1st Outlet Cover with Cord Shortener for Baby Proofing</p><p> -9% 0FF </p><p>$4.99</p><a href="https://www.amazon.com/dp/B000HKVG9C?tag=eloabder-20&linkCode=osi&th=1&psc=1">View Product</a></div>
<div class="product"><a href="https://www.amazon.com/dp/B07TKB5SWG?tag=eloabder-20&linkCode=osi&th=1&psc=1"><img src="https://m.media-amazon.com/images/I/41g6kosVb2L._SL500_.jpg" alt="Product Image"></a><p>SMART ELF Car Seat Protector, 2Pack Seat Protector Protect Child Seats with Thickest Padding and Non-Slip Backing Mesh Pockets for Baby and Pet,Sedan SUV Truck (Black)</p><p> -29% 0FF </p><p>$24.69</p><a href="https://www.amazon.com/dp/B07TKB5SWG?tag=eloabder-20&linkCode=osi&th=1&psc=1">View Product</a></div><div class="product"><a href="https://www.amazon.com/dp/B096PGXGB4?tag=eloabder-20&linkCode=osi&th=1&psc=1"><img src="https://m.media-amazon.com/images/I/31Y4e9zhROS._SL500_.jpg" alt="Product Image"></a><p>XHYANG Car Seat Protector 1 Pack Car Seat Cushion Mat Thickest Padding,Waterproof 600D Fabric Car Seat Covers for Non-Slip Backing Mesh Pockets for Baby and Pet (1 Seat Protector)</p><p> -20% 0FF </p><p>$18.95</p><a href="https://www.amazon.com/dp/B096PGXGB4?tag=eloabder-20&linkCode=osi&th=1&psc=1">View Product</a></div><div class="product"><a href="https://www.amazon.com/dp/B00B7M7BKW?tag=eloabder-20&linkCode=osi&th=1&psc=1"><img src="https://m.media-amazon.com/images/I/31tGjWPadJL._SL500_.jpg" alt="Product Image"></a><p>Brica Elite Seat Guardian Car Seat Protector (1 Count Elite)</p><p> -23% 0FF </p><p>$29.97</p><a href="https://www.amazon.com/dp/B00B7M7BKW?tag=eloabder-20&linkCode=osi&th=1&psc=1">View Product</a></div><div class="product"><a href="https://www.amazon.com/dp/B09W2G8VMX?tag=eloabder-20&linkCode=osi&th=1&psc=1"><img src="https://m.media-amazon.com/images/I/31z9w8W7+YL._SL500_.jpg" alt="Product Image"></a><p>Siivton Car Seat Protector for Child Car Seat,Waterproof Car Seat Cover for Leather and Fabric Seats, 2 Mesh Pockets, Non-Slip Bottom,Thick Padding Cushion (Black)</p><p> -13% 0FF </p><p>$12.99</p><a href="https://www.amazon.com/dp/B09W2G8VMX?tag=eloabder-20&linkCode=osi&th=1&psc=1">View Product</a></div><div class="product"><a href="https://www.amazon.com/dp/B07JBQBVL6?tag=eloabder-20&linkCode=osi&th=1&psc=1"><img src="https://m.media-amazon.com/images/I/31PZj+OEfjL._SL500_.jpg" alt="Product Image"></a><p>Car Seat Protector for Baby Child Car Seats, Shynerk Auto Seat Cover Mat for Under Carseat to Protect Automotive Vehicle Leather and Cloth Upholstery - Waterproof and Dirt Resistant</p><p> -33% 0FF </p><p>$19.99</p><a href="https://www.amazon.com/dp/B07JBQBVL6?tag=eloabder-20&linkCode=osi&th=1&psc=1">View Product</a></div><div class="product"><a href="https://www.amazon.com/dp/B08XPXDCY1?tag=eloabder-20&linkCode=osi&th=1&psc=1"><img src="https://m.media-amazon.com/images/I/31y3e3zE1sL._SL500_.jpg" alt="Product Image"></a><p>Car Seat Protector, [1 Pack] Large Auto Car Seat Protectors for Child Seats with Thickest Padding and Non-Slip Backing Mesh Pockets for SUV, Sedan, Truck, Leather and Fabric Car Seat - Black</p><p> -11% 0FF </p><p>$16.99</p><a href="https://www.amazon.com/dp/B08XPXDCY1?tag=eloabder-20&linkCode=osi&th=1&psc=1">View Product</a></div>
<div class="product"><a href="https://www.amazon.com/dp/B073YBXTD2?tag=eloabder-20&linkCode=osi&th=1&psc=1"><img src="https://m.media-amazon.com/images/I/41JMjruimBL._SL500_.jpg" alt="Product Image"></a><p>Delta Children Infant Changing Table with Pad, Grey</p><p> -27% 0FF </p><p>$87.32</p><a href="https://www.amazon.com/dp/B073YBXTD2?tag=eloabder-20&linkCode=osi&th=1&psc=1">View Product</a></div><div class="product"><a href="https://www.amazon.com/dp/B0CXCDRT4B?tag=eloabder-20&linkCode=osi&th=1&psc=1"><img src="https://m.media-amazon.com/images/I/41vP79VQ+KL._SL500_.jpg" alt="Product Image"></a><p>Storkcraft Pasadena Changing Table with Water-Resistant Changing Pad (Driftwood) - GREENGUARD Gold Certified, Includes Bonus Water-Resistant Changing Pad with Safety Strap, 2 Open Shelves</p><p> -25% 0FF </p><p>$67.89</p><a href="https://www.amazon.com/dp/B0CXCDRT4B?tag=eloabder-20&linkCode=osi&th=1&psc=1">View Product</a></div><div class="product"><a href="https://www.amazon.com/dp/B0D3BPZ77F?tag=eloabder-20&linkCode=osi&th=1&psc=1"><img src="https://m.media-amazon.com/images/I/41-+eE90DeL._SL500_.jpg" alt="Product Image"></a><p>Saryocy Baby Changing Table, Versatile Folding Changing Table, Waterproof Diaper Changing Station, Adjustable Height with 2 Drawers,Baby Changing Station, Mobile Nursery for Infant and Newborn</p><p> -36% 0FF </p><p>$127.97</p><a href="https://www.amazon.com/dp/B0D3BPZ77F?tag=eloabder-20&linkCode=osi&th=1&psc=1">View Product</a></div><div class="product"><a href="https://www.amazon.com/dp/B004FURIAG?tag=eloabder-20&linkCode=osi&th=1&psc=1"><img src="https://m.media-amazon.com/images/I/31hZwey9xYS._SL500_.jpg" alt="Product Image"></a><p>Delta Children Eclipse Changing Table with Changing Pad, White</p><p> -25% 0FF </p><p>$105.12</p><a href="https://www.amazon.com/dp/B004FURIAG?tag=eloabder-20&linkCode=osi&th=1&psc=1">View Product</a></div><div class="product"><a href="https://www.amazon.com/dp/B0C84T7QFD?tag=eloabder-20&linkCode=osi&th=1&psc=1"><img src="https://m.media-amazon.com/images/I/41Kjm6caAKL._SL500_.jpg" alt="Product Image"></a><p>BabyBond Portable Baby Changing Table with 2 Storage Baskets, Foldable Changing Table Dresser Waterproof Diaper Changing Table Height Adjustable Changing Station for Infant and Newborn(Grey)</p><p> -10% 0FF </p><p>$143.99</p><a href="https://www.amazon.com/dp/B0C84T7QFD?tag=eloabder-20&linkCode=osi&th=1&psc=1">View Product</a></div><div class="product"><a href="https://www.amazon.com/dp/B08HMJCHCT?tag=eloabder-20&linkCode=osi&th=1&psc=1"><img src="https://m.media-amazon.com/images/I/31aqc05wT6L._SL500_.jpg" alt="Product Image"></a><p>Storkcraft Brookside 2 Drawer Changing Table Dresser (Pebble Gray) – GREENGUARD Gold Certified, Easy-to-Match Chest of Drawers and Cubbies for Nursery and Kids Bedroom, Includes Changing Table Topper</p><p> -31% 0FF </p><p>$151.99</p><a href="https://www.amazon.com/dp/B08HMJCHCT?tag=eloabder-20&linkCode=osi&th=1&psc=1">View Product</a></div>
<div class="product"><a href="https://www.amazon.com/dp/B09WMCNNQY?tag=eloabder-20&linkCode=osi&th=1&psc=1"><img src="https://m.media-amazon.com/images/I/31uqVf+rn9L._SL500_.jpg" alt="Product Image"></a><p>Baby Blanket for Boys and Girls, Soft Cozy Blankets for Kids, Toddler Comforter Quilted with Grey Star Print, Ultra Soft and Comfortable Baby Comforter Down Alternative Crib Comforter, 39x47 Inches</p><p> -19% 0FF </p><p>$12.99</p><a href="https://www.amazon.com/dp/B09WMCNNQY?tag=eloabder-20&linkCode=osi&th=1&psc=1">View Product</a></div><div class="product"><a href="https://www.amazon.com/dp/B00MYL8186?tag=eloabder-20&linkCode=osi&th=1&psc=1"><img src="https://m.media-amazon.com/images/I/41Ap1mz-w0L._SL500_.jpg" alt="Product Image"></a><p>Wildkin Kids 100% Cotton Toddler Comforter for Boys and Girls, Measures 58 X 42 Inches Comforter for Kids, Includes One Comforter Fits Standard Crib Mattress (Dinosaur Land)</p><p> -25% 0FF </p><p>$59.99</p><a href="https://www.amazon.com/dp/B00MYL8186?tag=eloabder-20&linkCode=osi&th=1&psc=1">View Product</a></div>

<div class="product"><a href="https://www.amazon.com/dp/B00N9X4YZW?tag=eloabder-20&linkCode=osi&th=1&psc=1"><img src="https://m.media-amazon.com/images/I/51kDCJ8oQmL._SL500_.jpg" alt="Product Image"></a><p>Evenflo Feeding Classic Tinted Plastic Standard Neck Bottles for Baby, Infant and Newborn - Teal/Green/Blue, 8 Ounce (Pack of 12)</p><p> -31% 0FF </p><p>$9.69</p><a href="https://www.amazon.com/dp/B00N9X4YZW?tag=eloabder-20&linkCode=osi&th=1&psc=1">View Product</a></div><div class="product"><a href="https://www.amazon.com/dp/B07G4KBQJ7?tag=eloabder-20&linkCode=osi&th=1&psc=1"><img src="https://m.media-amazon.com/images/I/41WM4mOjQiL._SL500_.jpg" alt="Product Image"></a><p>Evenflo Feeding Classic Tinted Plastic Standard Neck Bottles for Baby, Infant and Newborn, Pink/Lavender/Teal, 8 Ounce (Pack of 12)</p><p> -27% 0FF </p><p>$10.19</p><a href="https://www.amazon.com/dp/B07G4KBQJ7?tag=eloabder-20&linkCode=osi&th=1&psc=1">View Product</a></div><div class="product"><a href="https://www.amazon.com/dp/B07MF2TDFX?tag=eloabder-20&linkCode=osi&th=1&psc=1"><img src="https://m.media-amazon.com/images/I/4145RcJ97wL._SL500_.jpg" alt="Product Image"></a><p>Dr. Brown's Natural Flow Anti-Colic Options+ Wide-Neck Baby Bottles 5 oz/150 mL,with Level 1 Slow Flow Nipple,4 Pack,0m+</p><p> -28% 0FF </p><p>$18.65</p><a href="https://www.amazon.com/dp/B07MF2TDFX?tag=eloabder-20&linkCode=osi&th=1&psc=1">View Product</a></div><div class="product"><a href="https://www.amazon.com/dp/B00H0DH2NS?tag=eloabder-20&linkCode=osi&th=1&psc=1"><img src="https://m.media-amazon.com/images/I/41-a1Bfp4SL._SL500_.jpg" alt="Product Image"></a><p>Lansinoh Anti-Colic Baby Bottles for Breastfeeding Babies, 5 Ounces, 3 Count, Includes 3 Slow Flow Nipples, Size S</p><p> -25% 0FF </p><p>$14.99</p><a href="https://www.amazon.com/dp/B00H0DH2NS?tag=eloabder-20&linkCode=osi&th=1&psc=1">View Product</a></div><div class="product"><a href="https://www.amazon.com/dp/B0CQKHXP29?tag=eloabder-20&linkCode=osi&th=1&psc=1"><img src="https://m.media-amazon.com/images/I/41+hLpQrzBL._SL500_.jpg" alt="Product Image"></a><p>Dr. Brown's Natural Flow Anti-Colic Options+ Narrow Baby Bottle, Squirrel & Goat, 8 oz/250 mL, with Level 1 Slow Flow Nipple, BPA Free, 0m+, 2-Pack</p><p> -32% 0FF </p><p>$9.51</p><a href="https://www.amazon.com/dp/B0CQKHXP29?tag=eloabder-20&linkCode=osi&th=1&psc=1">View Product</a></div>

<div class="product"><a href="https://www.amazon.com/dp/B00N9X4YZW?tag=eloabder-20&linkCode=osi&th=1&psc=1"><img src="https://m.media-amazon.com/images/I/51kDCJ8oQmL._SL500_.jpg" alt="Product Image"></a><p>Evenflo Feeding Classic Tinted Plastic Standard Neck Bottles for Baby, Infant and Newborn - Teal/Green/Blue, 8 Ounce (Pack of 12)</p><p> -31% 0FF </p><p>$9.69</p><a href="https://www.amazon.com/dp/B00N9X4YZW?tag=eloabder-20&linkCode=osi&th=1&psc=1">View Product</a></div><div class="product"><a href="https://www.amazon.com/dp/B07G4KBQJ7?tag=eloabder-20&linkCode=osi&th=1&psc=1"><img src="https://m.media-amazon.com/images/I/41WM4mOjQiL._SL500_.jpg" alt="Product Image"></a><p>Evenflo Feeding Classic Tinted Plastic Standard Neck Bottles for Baby, Infant and Newborn, Pink/Lavender/Teal, 8 Ounce (Pack of 12)</p><p> -27% 0FF </p><p>$10.19</p><a href="https://www.amazon.com/dp/B07G4KBQJ7?tag=eloabder-20&linkCode=osi&th=1&psc=1">View Product</a></div><div class="product"><a href="https://www.amazon.com/dp/B07MF2TDFX?tag=eloabder-20&linkCode=osi&th=1&psc=1"><img src="https://m.media-amazon.com/images/I/4145RcJ97wL._SL500_.jpg" alt="Product Image"></a><p>Dr. Brown's Natural Flow Anti-Colic Options+ Wide-Neck Baby Bottles 5 oz/150 mL,with Level 1 Slow Flow Nipple,4 Pack,0m+</p><p> -28% 0FF </p><p>$18.65</p><a href="https://www.amazon.com/dp/B07MF2TDFX?tag=eloabder-20&linkCode=osi&th=1&psc=1">View Product</a></div><div class="product"><a href="https://www.amazon.com/dp/B00H0DH2NS?tag=eloabder-20&linkCode=osi&th=1&psc=1"><img src="https://m.media-amazon.com/images/I/41-a1Bfp4SL._SL500_.jpg" alt="Product Image"></a><p>Lansinoh Anti-Colic Baby Bottles for Breastfeeding Babies, 5 Ounces, 3 Count, Includes 3 Slow Flow Nipples, Size S</p><p> -25% 0FF </p><p>$14.99</p><a href="https://www.amazon.com/dp/B00H0DH2NS?tag=eloabder-20&linkCode=osi&th=1&psc=1">View Product</a></div><div class="product"><a href="https://www.amazon.com/dp/B0CQKHXP29?tag=eloabder-20&linkCode=osi&th=1&psc=1"><img src="https://m.media-amazon.com/images/I/41+hLpQrzBL._SL500_.jpg" alt="Product Image"></a><p>Dr. Brown's Natural Flow Anti-Colic Options+ Narrow Baby Bottle, Squirrel & Goat, 8 oz/250 mL, with Level 1 Slow Flow Nipple, BPA Free, 0m+, 2-Pack</p><p> -32% 0FF </p><p>$9.51</p><a href="https://www.amazon.com/dp/B0CQKHXP29?tag=eloabder-20&linkCode=osi&th=1&psc=1">View Product</a></div>
<div class="product"><a href="https://www.amazon.com/dp/B01M99JN9D?tag=eloabder-20&linkCode=osi&th=1&psc=1"><img src="https://m.media-amazon.com/images/I/410e5yE979L._SL500_.jpg" alt="Product Image"></a><p>Evenflo Pivot Modular Travel System with LiteMax Infant Car Seat with Anti-Rebound Bar (Casual Gray)</p><p> -25% 0FF </p><p>$239.99</p><a href="https://www.amazon.com/dp/B01M99JN9D?tag=eloabder-20&linkCode=osi&th=1&psc=1">View Product</a></div><div class="product"><a href="https://www.amazon.com/dp/B08847QPWV?tag=eloabder-20&linkCode=osi&th=1&psc=1"><img src="https://m.media-amazon.com/images/I/41I9zGsqR2L._SL500_.jpg" alt="Product Image"></a><p>Graco SnugFit 35 Infant Car Seat with Simply Safe Adjust Harness System | Baby Car Seat with Anti Rebound Bar, Gotham</p><p> -12% 0FF </p><p>$149.99</p><a href="https://www.amazon.com/dp/B08847QPWV?tag=eloabder-20&linkCode=osi&th=1&psc=1">View Product</a></div>

<div class="product"><a href="https://www.amazon.com/dp/B01M5JGO6D?tag=eloabder-20&linkCode=osi&th=1&psc=1"><img src="https://m.media-amazon.com/images/I/41hyrAKcBVL._SL500_.jpg" alt="Product Image"></a><p>Simple Joys by Carter's Baby 6-Piece Bodysuits (Short and Long Sleeve) and Pants Set, Grey/Mint Green/Elephant/Lamb, 0-3 Months</p><p> -5% 0FF </p><p>$23.30</p><a href="https://www.amazon.com/dp/B01M5JGO6D?tag=eloabder-20&linkCode=osi&th=1&psc=1">View Product</a></div><div class="product"><a href="https://www.amazon.com/dp/B07GFNVLS2?tag=eloabder-20&linkCode=osi&th=1&psc=1"><img src="https://m.media-amazon.com/images/I/31T-p4V5gsL._SL500_.jpg" alt="Product Image"></a><p>Gerber Unisex Baby Multi-Pack Long-Sleeve Onesies Bodysuit Mitten Cuff Sizes 6-Pack Mitten Cuff 0-3 Months</p><p> -12% 0FF </p><p>$15.81</p><a href="https://www.amazon.com/dp/B07GFNVLS2?tag=eloabder-20&linkCode=osi&th=1&psc=1">View Product</a></div><div class="product"><a href="https://www.amazon.com/dp/B08RHXJ4RN?tag=eloabder-20&linkCode=osi&th=1&psc=1"><img src="https://m.media-amazon.com/images/I/417BQ0zgHdL._SL500_.jpg" alt="Product Image"></a><p>AMAWMW Newborn Baby Girl Little Sister Sleeper Gown Stripe Long Sleeve Nightgown Pajamas Gifts Stuff Essential Outfit</p><p> -35% 0FF </p><p>$13.59</p><a href="https://www.amazon.com/dp/B08RHXJ4RN?tag=eloabder-20&linkCode=osi&th=1&psc=1">View Product</a></div>
<div class="product"><a href="https://www.amazon.com/dp/B07XP17LFJ?tag=eloabder-20&linkCode=osi&th=1&psc=1"><img src="https://m.media-amazon.com/images/I/51lB8BV82CL._SL500_.jpg" alt="Product Image"></a><p>DADA-TECH Toddler Electric Toothbrush Kids Age 1-2-3 Years Old, Baby Electric Toothbrush with LED Light 2 Minutes Timer 4 Vibrating Heads for Infants Toothbrush 6 to 12 Months and Up (Blue)</p><p> -24% 0FF </p><p>$15.99</p><a href="https://www.amazon.com/dp/B07XP17LFJ?tag=eloabder-20&linkCode=osi&th=1&psc=1">View Product</a></div><div class="product"><a href="https://www.amazon.com/dp/B0CQKSQ8RX?tag=eloabder-20&linkCode=osi&th=1&psc=1"><img src="https://m.media-amazon.com/images/I/314uxBY6cwL._SL500_.jpg" alt="Product Image"></a><p>PandaEar 2 Pack Baby Toothbrush, Silicone Double-Sided Oral Care Teether Brush for Infant 6 to 12 Months, Easy to Hold -Green & Red</p><p> -14% 0FF </p><p>$5.95 ($2.98 / Count)</p><a href="https://www.amazon.com/dp/B0CQKSQ8RX?tag=eloabder-20&linkCode=osi&th=1&psc=1">View Product</a></div>
<div class="product"><a href="https://www.amazon.com/dp/B00JHKTDQG?tag=eloabder-20&linkCode=osi&th=1&psc=1"><img src="https://m.media-amazon.com/images/I/41u2OOs0uOL._SL500_.jpg" alt="Product Image"></a><p>Safety 1st Plug Protectors, 36 Count</p><p> -22% 0FF </p><p>$3.49</p><a href="https://www.amazon.com/dp/B00JHKTDQG?tag=eloabder-20&linkCode=osi&th=1&psc=1">View Product</a></div><div class="product"><a href="https://www.amazon.com/dp/B00NO030NC?tag=eloabder-20&linkCode=osi&th=1&psc=1"><img src="https://m.media-amazon.com/images/I/2172z++GGHL._SL500_.jpg" alt="Product Image"></a><p>Power Gear 51175 Safety Plastic Outlet Covers, 30 Pack, Clear</p><p> -21% 0FF </p><p>$4.75</p><a href="https://www.amazon.com/dp/B00NO030NC?tag=eloabder-20&linkCode=osi&th=1&psc=1">View Product</a></div><div class="product"><a href="https://www.amazon.com/dp/B000HKVG9C?tag=eloabder-20&linkCode=osi&th=1&psc=1"><img src="https://m.media-amazon.com/images/I/41RdFKMVyCL._SL500_.jpg" alt="Product Image"></a><p>Safety 1st Outlet Cover with Cord Shortener for Baby Proofing</p><p> -9% 0FF </p><p>$4.99</p><a href="https://www.amazon.com/dp/B000HKVG9C?tag=eloabder-20&linkCode=osi&th=1&psc=1">View Product</a></div>
<div class="product"><a href="https://www.amazon.com/dp/B07TKB5SWG?tag=eloabder-20&linkCode=osi&th=1&psc=1"><img src="https://m.media-amazon.com/images/I/41g6kosVb2L._SL500_.jpg" alt="Product Image"></a><p>SMART ELF Car Seat Protector, 2Pack Seat Protector Protect Child Seats with Thickest Padding and Non-Slip Backing Mesh Pockets for Baby and Pet,Sedan SUV Truck (Black)</p><p> -29% 0FF </p><p>$24.69</p><a href="https://www.amazon.com/dp/B07TKB5SWG?tag=eloabder-20&linkCode=osi&th=1&psc=1">View Product</a></div><div class="product"><a href="https://www.amazon.com/dp/B096PGXGB4?tag=eloabder-20&linkCode=osi&th=1&psc=1"><img src="https://m.media-amazon.com/images/I/31Y4e9zhROS._SL500_.jpg" alt="Product Image"></a><p>XHYANG Car Seat Protector 1 Pack Car Seat Cushion Mat Thickest Padding,Waterproof 600D Fabric Car Seat Covers for Non-Slip Backing Mesh Pockets for Baby and Pet (1 Seat Protector)</p><p> -20% 0FF </p><p>$18.95</p><a href="https://www.amazon.com/dp/B096PGXGB4?tag=eloabder-20&linkCode=osi&th=1&psc=1">View Product</a></div><div class="product"><a href="https://www.amazon.com/dp/B00B7M7BKW?tag=eloabder-20&linkCode=osi&th=1&psc=1"><img src="https://m.media-amazon.com/images/I/31tGjWPadJL._SL500_.jpg" alt="Product Image"></a><p>Brica Elite Seat Guardian Car Seat Protector (1 Count Elite)</p><p> -23% 0FF </p><p>$29.97</p><a href="https://www.amazon.com/dp/B00B7M7BKW?tag=eloabder-20&linkCode=osi&th=1&psc=1">View Product</a></div><div class="product"><a href="https://www.amazon.com/dp/B09W2G8VMX?tag=eloabder-20&linkCode=osi&th=1&psc=1"><img src="https://m.media-amazon.com/images/I/31z9w8W7+YL._SL500_.jpg" alt="Product Image"></a><p>Siivton Car Seat Protector for Child Car Seat,Waterproof Car Seat Cover for Leather and Fabric Seats, 2 Mesh Pockets, Non-Slip Bottom,Thick Padding Cushion (Black)</p><p> -13% 0FF </p><p>$12.99</p><a href="https://www.amazon.com/dp/B09W2G8VMX?tag=eloabder-20&linkCode=osi&th=1&psc=1">View Product</a></div><div class="product"><a href="https://www.amazon.com/dp/B07JBQBVL6?tag=eloabder-20&linkCode=osi&th=1&psc=1"><img src="https://m.media-amazon.com/images/I/31PZj+OEfjL._SL500_.jpg" alt="Product Image"></a><p>Car Seat Protector for Baby Child Car Seats, Shynerk Auto Seat Cover Mat for Under Carseat to Protect Automotive Vehicle Leather and Cloth Upholstery - Waterproof and Dirt Resistant</p><p> -33% 0FF </p><p>$19.99</p><a href="https://www.amazon.com/dp/B07JBQBVL6?tag=eloabder-20&linkCode=osi&th=1&psc=1">View Product</a></div><div class="product"><a href="https://www.amazon.com/dp/B08XPXDCY1?tag=eloabder-20&linkCode=osi&th=1&psc=1"><img src="https://m.media-amazon.com/images/I/31y3e3zE1sL._SL500_.jpg" alt="Product Image"></a><p>Car Seat Protector, [1 Pack] Large Auto Car Seat Protectors for Child Seats with Thickest Padding and Non-Slip Backing Mesh Pockets for SUV, Sedan, Truck, Leather and Fabric Car Seat - Black</p><p> -11% 0FF </p><p>$16.99</p><a href="https://www.amazon.com/dp/B08XPXDCY1?tag=eloabder-20&linkCode=osi&th=1&psc=1">View Product</a></div>
<div class="product"><a href="https://www.amazon.com/dp/B073YBXTD2?tag=eloabder-20&linkCode=osi&th=1&psc=1"><img src="https://m.media-amazon.com/images/I/41JMjruimBL._SL500_.jpg" alt="Product Image"></a><p>Delta Children Infant Changing Table with Pad, Grey</p><p> -27% 0FF </p><p>$87.32</p><a href="https://www.amazon.com/dp/B073YBXTD2?tag=eloabder-20&linkCode=osi&th=1&psc=1">View Product</a></div><div class="product"><a href="https://www.amazon.com/dp/B0CXCDRT4B?tag=eloabder-20&linkCode=osi&th=1&psc=1"><img src="https://m.media-amazon.com/images/I/41vP79VQ+KL._SL500_.jpg" alt="Product Image"></a><p>Storkcraft Pasadena Changing Table with Water-Resistant Changing Pad (Driftwood) - GREENGUARD Gold Certified, Includes Bonus Water-Resistant Changing Pad with Safety Strap, 2 Open Shelves</p><p> -25% 0FF </p><p>$67.89</p><a href="https://www.amazon.com/dp/B0CXCDRT4B?tag=eloabder-20&linkCode=osi&th=1&psc=1">View Product</a></div><div class="product"><a href="https://www.amazon.com/dp/B0D3BPZ77F?tag=eloabder-20&linkCode=osi&th=1&psc=1"><img src="https://m.media-amazon.com/images/I/41-+eE90DeL._SL500_.jpg" alt="Product Image"></a><p>Saryocy Baby Changing Table, Versatile Folding Changing Table, Waterproof Diaper Changing Station, Adjustable Height with 2 Drawers,Baby Changing Station, Mobile Nursery for Infant and Newborn</p><p> -36% 0FF </p><p>$127.97</p><a href="https://www.amazon.com/dp/B0D3BPZ77F?tag=eloabder-20&linkCode=osi&th=1&psc=1">View Product</a></div><div class="product"><a href="https://www.amazon.com/dp/B004FURIAG?tag=eloabder-20&linkCode=osi&th=1&psc=1"><img src="https://m.media-amazon.com/images/I/31hZwey9xYS._SL500_.jpg" alt="Product Image"></a><p>Delta Children Eclipse Changing Table with Changing Pad, White</p><p> -25% 0FF </p><p>$105.12</p><a href="https://www.amazon.com/dp/B004FURIAG?tag=eloabder-20&linkCode=osi&th=1&psc=1">View Product</a></div><div class="product"><a href="https://www.amazon.com/dp/B0C84T7QFD?tag=eloabder-20&linkCode=osi&th=1&psc=1"><img src="https://m.media-amazon.com/images/I/41Kjm6caAKL._SL500_.jpg" alt="Product Image"></a><p>BabyBond Portable Baby Changing Table with 2 Storage Baskets, Foldable Changing Table Dresser Waterproof Diaper Changing Table Height Adjustable Changing Station for Infant and Newborn(Grey)</p><p> -10% 0FF </p><p>$143.99</p><a href="https://www.amazon.com/dp/B0C84T7QFD?tag=eloabder-20&linkCode=osi&th=1&psc=1">View Product</a></div><div class="product"><a href="https://www.amazon.com/dp/B08HMJCHCT?tag=eloabder-20&linkCode=osi&th=1&psc=1"><img src="https://m.media-amazon.com/images/I/31aqc05wT6L._SL500_.jpg" alt="Product Image"></a><p>Storkcraft Brookside 2 Drawer Changing Table Dresser (Pebble Gray) – GREENGUARD Gold Certified, Easy-to-Match Chest of Drawers and Cubbies for Nursery and Kids Bedroom, Includes Changing Table Topper</p><p> -31% 0FF </p><p>$151.99</p><a href="https://www.amazon.com/dp/B08HMJCHCT?tag=eloabder-20&linkCode=osi&th=1&psc=1">View Product</a></div>
<div class="product"><a href="https://www.amazon.com/dp/B09WMCNNQY?tag=eloabder-20&linkCode=osi&th=1&psc=1"><img src="https://m.media-amazon.com/images/I/31uqVf+rn9L._SL500_.jpg" alt="Product Image"></a><p>Baby Blanket for Boys and Girls, Soft Cozy Blankets for Kids, Toddler Comforter Quilted with Grey Star Print, Ultra Soft and Comfortable Baby Comforter Down Alternative Crib Comforter, 39x47 Inches</p><p> -19% 0FF </p><p>$12.99</p><a href="https://www.amazon.com/dp/B09WMCNNQY?tag=eloabder-20&linkCode=osi&th=1&psc=1">View Product</a></div><div class="product"><a href="https://www.amazon.com/dp/B00MYL8186?tag=eloabder-20&linkCode=osi&th=1&psc=1"><img src="https://m.media-amazon.com/images/I/41Ap1mz-w0L._SL500_.jpg" alt="Product Image"></a><p>Wildkin Kids 100% Cotton Toddler Comforter for Boys and Girls, Measures 58 X 42 Inches Comforter for Kids, Includes One Comforter Fits Standard Crib Mattress (Dinosaur Land)</p><p> -25% 0FF </p><p>$59.99</p><a href="https://www.amazon.com/dp/B00MYL8186?tag=eloabder-20&linkCode=osi&th=1&psc=1">View Product</a></div>
<div class="product"><a href="https://www.amazon.com/dp/B08NYPPQ85?tag=eloabder-20&linkCode=osi&th=1&psc=1"><img src="https://m.media-amazon.com/images/I/41df5sSCr6L._SL500_.jpg" alt="Product Image"></a><p>Frida Baby Thermometer, 3-in-1 Infrared Thermometer for Ear, Forehead & Touchless, FSA/ HSA Eligible Fever Thermometer for Baby, Infants ,Toddlers, Kids & Adults</p><p> -10% 0FF </p><p>$35.99</p><a href="https://www.amazon.com/dp/B08NYPPQ85?tag=eloabder-20&linkCode=osi&th=1&psc=1">View Product</a></div><div class="product"><a href="https://www.amazon.com/dp/B0D7Z4S63C?tag=eloabder-20&linkCode=osi&th=1&psc=1"><img src="https://m.media-amazon.com/images/I/31a3VmwGjYL._SL500_.jpg" alt="Product Image"></a><p>Berrcom 3 in 1 Forehead and Ear Thermometer Indoors Non-Contact Backlight Body Object Temperature Checking Sensor Touchless Digital Thermometer with Fever Alert</p><p> -9% 0FF </p><p>$20.93</p><a href="https://www.amazon.com/dp/B0D7Z4S63C?tag=eloabder-20&linkCode=osi&th=1&psc=1">View Product</a></div><div class="product"><a href="https://www.amazon.com/dp/B07YYMBVVC?tag=eloabder-20&linkCode=osi&th=1&psc=1"><img src="https://m.media-amazon.com/images/I/41eqvQ9sQ-L._SL500_.jpg" alt="Product Image"></a><p>Alcedo Forehead and Ear Thermometer for Adults, Kids, and Baby | Digital Infrared Thermometer for Fever | Touchless, Instant Read, Medical Grade | Pouch and Batteries Included</p><p> -17% 0FF </p><p>$24.95</p><a href="https://www.amazon.com/dp/B07YYMBVVC?tag=eloabder-20&linkCode=osi&th=1&psc=1">View Product</a></div><div class="product"><a href="https://www.amazon.com/dp/B0CS996Y44?tag=eloabder-20&linkCode=osi&th=1&psc=1"><img src="https://m.media-amazon.com/images/I/313CKK7VpUL._SL500_.jpg" alt="Product Image"></a><p>COOCEER Digital Thermometer for Adults and Kids: Accurate Ear and Forehead Temperature Readings - Fever Alarm - Touchless Ideal for Babies Toddlers Infants Sensiors - Large LED Display - Home Use</p><p> -32% 0FF </p><p>$12.99</p><a href="https://www.amazon.com/dp/B0CS996Y44?tag=eloabder-20&linkCode=osi&th=1&psc=1">View Product</a></div>

<div class="product"><a href="https://www.amazon.com/dp/B00N9X4YZW?tag=eloabder-20&linkCode=osi&th=1&psc=1"><img src="https://m.media-amazon.com/images/I/51kDCJ8oQmL._SL500_.jpg" alt="Product Image"></a><p>Evenflo Feeding Classic Tinted Plastic Standard Neck Bottles for Baby, Infant and Newborn - Teal/Green/Blue, 8 Ounce (Pack of 12)</p><p> -31% 0FF </p><p>$9.69</p><a href="https://www.amazon.com/dp/B00N9X4YZW?tag=eloabder-20&linkCode=osi&th=1&psc=1">View Product</a></div><div class="product"><a href="https://www.amazon.com/dp/B07G4KBQJ7?tag=eloabder-20&linkCode=osi&th=1&psc=1"><img src="https://m.media-amazon.com/images/I/41WM4mOjQiL._SL500_.jpg" alt="Product Image"></a><p>Evenflo Feeding Classic Tinted Plastic Standard Neck Bottles for Baby, Infant and Newborn, Pink/Lavender/Teal, 8 Ounce (Pack of 12)</p><p> -27% 0FF </p><p>$10.19</p><a href="https://www.amazon.com/dp/B07G4KBQJ7?tag=eloabder-20&linkCode=osi&th=1&psc=1">View Product</a></div><div class="product"><a href="https://www.amazon.com/dp/B07MF2TDFX?tag=eloabder-20&linkCode=osi&th=1&psc=1"><img src="https://m.media-amazon.com/images/I/4145RcJ97wL._SL500_.jpg" alt="Product Image"></a><p>Dr. Brown's Natural Flow Anti-Colic Options+ Wide-Neck Baby Bottles 5 oz/150 mL,with Level 1 Slow Flow Nipple,4 Pack,0m+</p><p> -28% 0FF </p><p>$18.65</p><a href="https://www.amazon.com/dp/B07MF2TDFX?tag=eloabder-20&linkCode=osi&th=1&psc=1">View Product</a></div><div class="product"><a href="https://www.amazon.com/dp/B00H0DH2NS?tag=eloabder-20&linkCode=osi&th=1&psc=1"><img src="https://m.media-amazon.com/images/I/41-a1Bfp4SL._SL500_.jpg" alt="Product Image"></a><p>Lansinoh Anti-Colic Baby Bottles for Breastfeeding Babies, 5 Ounces, 3 Count, Includes 3 Slow Flow Nipples, Size S</p><p> -25% 0FF </p><p>$14.99</p><a href="https://www.amazon.com/dp/B00H0DH2NS?tag=eloabder-20&linkCode=osi&th=1&psc=1">View Product</a></div><div class="product"><a href="https://www.amazon.com/dp/B0CQKHXP29?tag=eloabder-20&linkCode=osi&th=1&psc=1"><img src="https://m.media-amazon.com/images/I/41+hLpQrzBL._SL500_.jpg" alt="Product Image"></a><p>Dr. Brown's Natural Flow Anti-Colic Options+ Narrow Baby Bottle, Squirrel & Goat, 8 oz/250 mL, with Level 1 Slow Flow Nipple, BPA Free, 0m+, 2-Pack</p><p> -32% 0FF </p><p>$9.51</p><a href="https://www.amazon.com/dp/B0CQKHXP29?tag=eloabder-20&linkCode=osi&th=1&psc=1">View Product</a></div>
<div class="product"><a href="https://www.amazon.com/dp/B01M99JN9D?tag=eloabder-20&linkCode=osi&th=1&psc=1"><img src="https://m.media-amazon.com/images/I/410e5yE979L._SL500_.jpg" alt="Product Image"></a><p>Evenflo Pivot Modular Travel System with LiteMax Infant Car Seat with Anti-Rebound Bar (Casual Gray)</p><p> -25% 0FF </p><p>$239.99</p><a href="https://www.amazon.com/dp/B01M99JN9D?tag=eloabder-20&linkCode=osi&th=1&psc=1">View Product</a></div><div class="product"><a href="https://www.amazon.com/dp/B08847QPWV?tag=eloabder-20&linkCode=osi&th=1&psc=1"><img src="https://m.media-amazon.com/images/I/41I9zGsqR2L._SL500_.jpg" alt="Product Image"></a><p>Graco SnugFit 35 Infant Car Seat with Simply Safe Adjust Harness System | Baby Car Seat with Anti Rebound Bar, Gotham</p><p> -12% 0FF </p><p>$149.99</p><a href="https://www.amazon.com/dp/B08847QPWV?tag=eloabder-20&linkCode=osi&th=1&psc=1">View Product</a></div>
<div class="product"><a href="https://www.amazon.com/dp/B07QR384N7?tag=eloabder-20&linkCode=osi&th=1&psc=1"><img src="https://m.media-amazon.com/images/I/41OL9ZbE23L._SL500_.jpg" alt="Product Image"></a><p>HIPHOP PANDA Hooded Towel - Rayon Made from Bamboo, Bath Towel with Bear Ears for Newborn, Babie, Toddler, Infant - Absorbent Large Baby Towel - Bear, 30 x 30 Inch</p><p> -23% 0FF </p><p>$9.99</p><a href="https://www.amazon.com/dp/B07QR384N7?tag=eloabder-20&linkCode=osi&th=1&psc=1">View Product</a></div><div class="product"><a href="https://www.amazon.com/dp/B07FR917ZR?tag=eloabder-20&linkCode=osi&th=1&psc=1"><img src="https://m.media-amazon.com/images/I/510lHFuV3kL._SL500_.jpg" alt="Product Image"></a><p>Burts Bees Baby Infant Hooded Towels Honey Bee Organic Cotton, Unisex Bath Essentials and Newborn Necessities, Soft Nursery Towel with Hood Set, 2-Pack Size 29 x 29 Inch</p><p> -52% 0FF </p><p>$12.99</p><a href="https://www.amazon.com/dp/B07FR917ZR?tag=eloabder-20&linkCode=osi&th=1&psc=1">View Product</a></div><div class="product"><a href="https://www.amazon.com/dp/B0D7QC1R35?tag=eloabder-20&linkCode=osi&th=1&psc=1"><img src="https://m.media-amazon.com/images/I/41xBXl8Eb7L._SL500_.jpg" alt="Product Image"></a><p>SWEET DOLPHIN Muslin Hooded Baby Bath Towels - 2 Pack 100% Cotton Towel for Babies, Infants, Toddlers - 32x32Inch - Highly Absorbent and Newborn Essential, Light Bean Paste</p><p> -30% 0FF </p><p>$13.99 ($7.00 / Count)</p><a href="https://www.amazon.com/dp/B0D7QC1R35?tag=eloabder-20&linkCode=osi&th=1&psc=1">View Product</a></div><div class="product"><a href="https://www.amazon.com/dp/B0CKXKR1RV?tag=eloabder-20&linkCode=osi&th=1&psc=1"><img src="https://m.media-amazon.com/images/I/41PjOK7YCBL._SL500_.jpg" alt="Product Image"></a><p>Momcozy Baby Hooded Towel, 2 Pack Baby Towel Set, Super Soft Bath Towel with Original Design, Shower Gifts for Infant, Toddler (28 X 28 Inch, Lemon Leaves)</p><p> -35% 0FF </p><p>$17.59</p><a href="https://www.amazon.com/dp/B0CKXKR1RV?tag=eloabder-20&linkCode=osi&th=1&psc=1">View Product</a></div><div class="product"><a href="https://www.amazon.com/dp/B08769M234?tag=eloabder-20&linkCode=osi&th=1&psc=1"><img src="https://m.media-amazon.com/images/I/41t1zWKFOHL._SL500_.jpg" alt="Product Image"></a><p>TBEZY Baby Hooded Towel with Unique Animal Design Ultra Soft Thick Cotton Bath Towel for Newborn (Bunny)</p><p> -33% 0FF </p><p>$19.95</p><a href="https://www.amazon.com/dp/B08769M234?tag=eloabder-20&linkCode=osi&th=1&psc=1">View Product</a></div><div class="product"><a href="https://www.amazon.com/dp/B0CKHKCKMR?tag=eloabder-20&linkCode=osi&th=1&psc=1"><img src="https://m.media-amazon.com/images/I/41ITcPzD0SL._SL500_.jpg" alt="Product Image"></a><p>Spotted Play 2 Pack Hooded Baby Towels - 100% Muslin Cotton for Newborns, Infants, Toddlers - Large 32x32Inch Size - Highly Absorbent and Essential for Newborn Care, Green and Grey</p><p> -20% 0FF </p><p>$15.99 ($8.00 / Count)</p><a href="https://www.amazon.com/dp/B0CKHKCKMR?tag=eloabder-20&linkCode=osi&th=1&psc=1">View Product</a></div><div class="product"><a href="https://www.amazon.com/dp/B0DKXZ4L7K?tag=eloabder-20&linkCode=osi&th=1&psc=1"><img src="https://m.media-amazon.com/images/I/41wOe2fiTGL._SL500_.jpg" alt="Product Image"></a><p>Blissful Diary Muslin Baby Hooded Towel, Soft and Absorbent Bath Towel for Newborn, Infant, Toddler, Unisex, 32″x32″ - Smart Bear</p><p> -23% 0FF </p><p>$9.99</p><a href="https://www.amazon.com/dp/B0DKXZ4L7K?tag=eloabder-20&linkCode=osi&th=1&psc=1">View Product</a></div>

<div class="product"><a href="https://www.amazon.com/dp/B01M5JGO6D?tag=eloabder-20&linkCode=osi&th=1&psc=1"><img src="https://m.media-amazon.com/images/I/41hyrAKcBVL._SL500_.jpg" alt="Product Image"></a><p>Simple Joys by Carter's Baby 6-Piece Bodysuits (Short and Long Sleeve) and Pants Set, Grey/Mint Green/Elephant/Lamb, 0-3 Months</p><p> -5% 0FF </p><p>$23.30</p><a href="https://www.amazon.com/dp/B01M5JGO6D?tag=eloabder-20&linkCode=osi&th=1&psc=1">View Product</a></div><div class="product"><a href="https://www.amazon.com/dp/B07GFNVLS2?tag=eloabder-20&linkCode=osi&th=1&psc=1"><img src="https://m.media-amazon.com/images/I/31T-p4V5gsL._SL500_.jpg" alt="Product Image"></a><p>Gerber Unisex Baby Multi-Pack Long-Sleeve Onesies Bodysuit Mitten Cuff Sizes 6-Pack Mitten Cuff 0-3 Months</p><p> -12% 0FF </p><p>$15.81</p><a href="https://www.amazon.com/dp/B07GFNVLS2?tag=eloabder-20&linkCode=osi&th=1&psc=1">View Product</a></div><div class="product"><a href="https://www.amazon.com/dp/B08RHXJ4RN?tag=eloabder-20&linkCode=osi&th=1&psc=1"><img src="https://m.media-amazon.com/images/I/417BQ0zgHdL._SL500_.jpg" alt="Product Image"></a><p>AMAWMW Newborn Baby Girl Little Sister Sleeper Gown Stripe Long Sleeve Nightgown Pajamas Gifts Stuff Essential Outfit</p><p> -35% 0FF </p><p>$13.59</p><a href="https://www.amazon.com/dp/B08RHXJ4RN?tag=eloabder-20&linkCode=osi&th=1&psc=1">View Product</a></div>
<div class="product"><a href="https://www.amazon.com/dp/B07XP17LFJ?tag=eloabder-20&linkCode=osi&th=1&psc=1"><img src="https://m.media-amazon.com/images/I/51lB8BV82CL._SL500_.jpg" alt="Product Image"></a><p>DADA-TECH Toddler Electric Toothbrush Kids Age 1-2-3 Years Old, Baby Electric Toothbrush with LED Light 2 Minutes Timer 4 Vibrating Heads for Infants Toothbrush 6 to 12 Months and Up (Blue)</p><p> -24% 0FF </p><p>$15.99</p><a href="https://www.amazon.com/dp/B07XP17LFJ?tag=eloabder-20&linkCode=osi&th=1&psc=1">View Product</a></div><div class="product"><a href="https://www.amazon.com/dp/B0CQKSQ8RX?tag=eloabder-20&linkCode=osi&th=1&psc=1"><img src="https://m.media-amazon.com/images/I/314uxBY6cwL._SL500_.jpg" alt="Product Image"></a><p>PandaEar 2 Pack Baby Toothbrush, Silicone Double-Sided Oral Care Teether Brush for Infant 6 to 12 Months, Easy to Hold -Green & Red</p><p> -14% 0FF </p><p>$5.95 ($2.98 / Count)</p><a href="https://www.amazon.com/dp/B0CQKSQ8RX?tag=eloabder-20&linkCode=osi&th=1&psc=1">View Product</a></div>
<div class="product"><a href="https://www.amazon.com/dp/B00JHKTDQG?tag=eloabder-20&linkCode=osi&th=1&psc=1"><img src="https://m.media-amazon.com/images/I/41u2OOs0uOL._SL500_.jpg" alt="Product Image"></a><p>Safety 1st Plug Protectors, 36 Count</p><p> -22% 0FF </p><p>$3.49</p><a href="https://www.amazon.com/dp/B00JHKTDQG?tag=eloabder-20&linkCode=osi&th=1&psc=1">View Product</a></div><div class="product"><a href="https://www.amazon.com/dp/B00NO030NC?tag=eloabder-20&linkCode=osi&th=1&psc=1"><img src="https://m.media-amazon.com/images/I/2172z++GGHL._SL500_.jpg" alt="Product Image"></a><p>Power Gear 51175 Safety Plastic Outlet Covers, 30 Pack, Clear</p><p> -21% 0FF </p><p>$4.75</p><a href="https://www.amazon.com/dp/B00NO030NC?tag=eloabder-20&linkCode=osi&th=1&psc=1">View Product</a></div><div class="product"><a href="https://www.amazon.com/dp/B000HKVG9C?tag=eloabder-20&linkCode=osi&th=1&psc=1"><img src="https://m.media-amazon.com/images/I/41RdFKMVyCL._SL500_.jpg" alt="Product Image"></a><p>Safety 1st Outlet Cover with Cord Shortener for Baby Proofing</p><p> -9% 0FF </p><p>$4.99</p><a href="https://www.amazon.com/dp/B000HKVG9C?tag=eloabder-20&linkCode=osi&th=1&psc=1">View Product</a></div>
<div class="product"><a href="https://www.amazon.com/dp/B07TKB5SWG?tag=eloabder-20&linkCode=osi&th=1&psc=1"><img src="https://m.media-amazon.com/images/I/41g6kosVb2L._SL500_.jpg" alt="Product Image"></a><p>SMART ELF Car Seat Protector, 2Pack Seat Protector Protect Child Seats with Thickest Padding and Non-Slip Backing Mesh Pockets for Baby and Pet,Sedan SUV Truck (Black)</p><p> -29% 0FF </p><p>$24.69</p><a href="https://www.amazon.com/dp/B07TKB5SWG?tag=eloabder-20&linkCode=osi&th=1&psc=1">View Product</a></div><div class="product"><a href="https://www.amazon.com/dp/B096PGXGB4?tag=eloabder-20&linkCode=osi&th=1&psc=1"><img src="https://m.media-amazon.com/images/I/31Y4e9zhROS._SL500_.jpg" alt="Product Image"></a><p>XHYANG Car Seat Protector 1 Pack Car Seat Cushion Mat Thickest Padding,Waterproof 600D Fabric Car Seat Covers for Non-Slip Backing Mesh Pockets for Baby and Pet (1 Seat Protector)</p><p> -20% 0FF </p><p>$18.95</p><a href="https://www.amazon.com/dp/B096PGXGB4?tag=eloabder-20&linkCode=osi&th=1&psc=1">View Product</a></div><div class="product"><a href="https://www.amazon.com/dp/B00B7M7BKW?tag=eloabder-20&linkCode=osi&th=1&psc=1"><img src="https://m.media-amazon.com/images/I/31tGjWPadJL._SL500_.jpg" alt="Product Image"></a><p>Brica Elite Seat Guardian Car Seat Protector (1 Count Elite)</p><p> -23% 0FF </p><p>$29.97</p><a href="https://www.amazon.com/dp/B00B7M7BKW?tag=eloabder-20&linkCode=osi&th=1&psc=1">View Product</a></div><div class="product"><a href="https://www.amazon.com/dp/B09W2G8VMX?tag=eloabder-20&linkCode=osi&th=1&psc=1"><img src="https://m.media-amazon.com/images/I/31z9w8W7+YL._SL500_.jpg" alt="Product Image"></a><p>Siivton Car Seat Protector for Child Car Seat,Waterproof Car Seat Cover for Leather and Fabric Seats, 2 Mesh Pockets, Non-Slip Bottom,Thick Padding Cushion (Black)</p><p> -13% 0FF </p><p>$12.99</p><a href="https://www.amazon.com/dp/B09W2G8VMX?tag=eloabder-20&linkCode=osi&th=1&psc=1">View Product</a></div><div class="product"><a href="https://www.amazon.com/dp/B07JBQBVL6?tag=eloabder-20&linkCode=osi&th=1&psc=1"><img src="https://m.media-amazon.com/images/I/31PZj+OEfjL._SL500_.jpg" alt="Product Image"></a><p>Car Seat Protector for Baby Child Car Seats, Shynerk Auto Seat Cover Mat for Under Carseat to Protect Automotive Vehicle Leather and Cloth Upholstery - Waterproof and Dirt Resistant</p><p> -33% 0FF </p><p>$19.99</p><a href="https://www.amazon.com/dp/B07JBQBVL6?tag=eloabder-20&linkCode=osi&th=1&psc=1">View Product</a></div><div class="product"><a href="https://www.amazon.com/dp/B08XPXDCY1?tag=eloabder-20&linkCode=osi&th=1&psc=1"><img src="https://m.media-amazon.com/images/I/31y3e3zE1sL._SL500_.jpg" alt="Product Image"></a><p>Car Seat Protector, [1 Pack] Large Auto Car Seat Protectors for Child Seats with Thickest Padding and Non-Slip Backing Mesh Pockets for SUV, Sedan, Truck, Leather and Fabric Car Seat - Black</p><p> -11% 0FF </p><p>$16.99</p><a href="https://www.amazon.com/dp/B08XPXDCY1?tag=eloabder-20&linkCode=osi&th=1&psc=1">View Product</a></div>
<div class="product"><a href="https://www.amazon.com/dp/B073YBXTD2?tag=eloabder-20&linkCode=osi&th=1&psc=1"><img src="https://m.media-amazon.com/images/I/41JMjruimBL._SL500_.jpg" alt="Product Image"></a><p>Delta Children Infant Changing Table with Pad, Grey</p><p> -27% 0FF </p><p>$87.32</p><a href="https://www.amazon.com/dp/B073YBXTD2?tag=eloabder-20&linkCode=osi&th=1&psc=1">View Product</a></div><div class="product"><a href="https://www.amazon.com/dp/B0CXCDRT4B?tag=eloabder-20&linkCode=osi&th=1&psc=1"><img src="https://m.media-amazon.com/images/I/41vP79VQ+KL._SL500_.jpg" alt="Product Image"></a><p>Storkcraft Pasadena Changing Table with Water-Resistant Changing Pad (Driftwood) - GREENGUARD Gold Certified, Includes Bonus Water-Resistant Changing Pad with Safety Strap, 2 Open Shelves</p><p> -25% 0FF </p><p>$67.89</p><a href="https://www.amazon.com/dp/B0CXCDRT4B?tag=eloabder-20&linkCode=osi&th=1&psc=1">View Product</a></div><div class="product"><a href="https://www.amazon.com/dp/B0D3BPZ77F?tag=eloabder-20&linkCode=osi&th=1&psc=1"><img src="https://m.media-amazon.com/images/I/41-+eE90DeL._SL500_.jpg" alt="Product Image"></a><p>Saryocy Baby Changing Table, Versatile Folding Changing Table, Waterproof Diaper Changing Station, Adjustable Height with 2 Drawers,Baby Changing Station, Mobile Nursery for Infant and Newborn</p><p> -36% 0FF </p><p>$127.97</p><a href="https://www.amazon.com/dp/B0D3BPZ77F?tag=eloabder-20&linkCode=osi&th=1&psc=1">View Product</a></div><div class="product"><a href="https://www.amazon.com/dp/B004FURIAG?tag=eloabder-20&linkCode=osi&th=1&psc=1"><img src="https://m.media-amazon.com/images/I/31hZwey9xYS._SL500_.jpg" alt="Product Image"></a><p>Delta Children Eclipse Changing Table with Changing Pad, White</p><p> -25% 0FF </p><p>$105.12</p><a href="https://www.amazon.com/dp/B004FURIAG?tag=eloabder-20&linkCode=osi&th=1&psc=1">View Product</a></div><div class="product"><a href="https://www.amazon.com/dp/B0C84T7QFD?tag=eloabder-20&linkCode=osi&th=1&psc=1"><img src="https://m.media-amazon.com/images/I/41Kjm6caAKL._SL500_.jpg" alt="Product Image"></a><p>BabyBond Portable Baby Changing Table with 2 Storage Baskets, Foldable Changing Table Dresser Waterproof Diaper Changing Table Height Adjustable Changing Station for Infant and Newborn(Grey)</p><p> -10% 0FF </p><p>$143.99</p><a href="https://www.amazon.com/dp/B0C84T7QFD?tag=eloabder-20&linkCode=osi&th=1&psc=1">View Product</a></div><div class="product"><a href="https://www.amazon.com/dp/B08HMJCHCT?tag=eloabder-20&linkCode=osi&th=1&psc=1"><img src="https://m.media-amazon.com/images/I/31aqc05wT6L._SL500_.jpg" alt="Product Image"></a><p>Storkcraft Brookside 2 Drawer Changing Table Dresser (Pebble Gray) – GREENGUARD Gold Certified, Easy-to-Match Chest of Drawers and Cubbies for Nursery and Kids Bedroom, Includes Changing Table Topper</p><p> -31% 0FF </p><p>$151.99</p><a href="https://www.amazon.com/dp/B08HMJCHCT?tag=eloabder-20&linkCode=osi&th=1&psc=1">View Product</a></div>
<div class="product"><a href="https://www.amazon.com/dp/B09WMCNNQY?tag=eloabder-20&linkCode=osi&th=1&psc=1"><img src="https://m.media-amazon.com/images/I/31uqVf+rn9L._SL500_.jpg" alt="Product Image"></a><p>Baby Blanket for Boys and Girls, Soft Cozy Blankets for Kids, Toddler Comforter Quilted with Grey Star Print, Ultra Soft and Comfortable Baby Comforter Down Alternative Crib Comforter, 39x47 Inches</p><p> -19% 0FF </p><p>$12.99</p><a href="https://www.amazon.com/dp/B09WMCNNQY?tag=eloabder-20&linkCode=osi&th=1&psc=1">View Product</a></div><div class="product"><a href="https://www.amazon.com/dp/B00MYL8186?tag=eloabder-20&linkCode=osi&th=1&psc=1"><img src="https://m.media-amazon.com/images/I/41Ap1mz-w0L._SL500_.jpg" alt="Product Image"></a><p>Wildkin Kids 100% Cotton Toddler Comforter for Boys and Girls, Measures 58 X 42 Inches Comforter for Kids, Includes One Comforter Fits Standard Crib Mattress (Dinosaur Land)</p><p> -25% 0FF </p><p>$59.99</p><a href="https://www.amazon.com/dp/B00MYL8186?tag=eloabder-20&linkCode=osi&th=1&psc=1">View Product</a></div>
<div class="product"><a href="https://www.amazon.com/dp/B08NYPPQ85?tag=eloabder-20&linkCode=osi&th=1&psc=1"><img src="https://m.media-amazon.com/images/I/41df5sSCr6L._SL500_.jpg" alt="Product Image"></a><p>Frida Baby Thermometer, 3-in-1 Infrared Thermometer for Ear, Forehead & Touchless, FSA/ HSA Eligible Fever Thermometer for Baby, Infants ,Toddlers, Kids & Adults</p><p> -10% 0FF </p><p>$35.99</p><a href="https://www.amazon.com/dp/B08NYPPQ85?tag=eloabder-20&linkCode=osi&th=1&psc=1">View Product</a></div><div class="product"><a href="https://www.amazon.com/dp/B0D7Z4S63C?tag=eloabder-20&linkCode=osi&th=1&psc=1"><img src="https://m.media-amazon.com/images/I/31a3VmwGjYL._SL500_.jpg" alt="Product Image"></a><p>Berrcom 3 in 1 Forehead and Ear Thermometer Indoors Non-Contact Backlight Body Object Temperature Checking Sensor Touchless Digital Thermometer with Fever Alert</p><p> -9% 0FF </p><p>$20.93</p><a href="https://www.amazon.com/dp/B0D7Z4S63C?tag=eloabder-20&linkCode=osi&th=1&psc=1">View Product</a></div><div class="product"><a href="https://www.amazon.com/dp/B07YYMBVVC?tag=eloabder-20&linkCode=osi&th=1&psc=1"><img src="https://m.media-amazon.com/images/I/41eqvQ9sQ-L._SL500_.jpg" alt="Product Image"></a><p>Alcedo Forehead and Ear Thermometer for Adults, Kids, and Baby | Digital Infrared Thermometer for Fever | Touchless, Instant Read, Medical Grade | Pouch and Batteries Included</p><p> -17% 0FF </p><p>$24.95</p><a href="https://www.amazon.com/dp/B07YYMBVVC?tag=eloabder-20&linkCode=osi&th=1&psc=1">View Product</a></div><div class="product"><a href="https://www.amazon.com/dp/B0CS996Y44?tag=eloabder-20&linkCode=osi&th=1&psc=1"><img src="https://m.media-amazon.com/images/I/313CKK7VpUL._SL500_.jpg" alt="Product Image"></a><p>COOCEER Digital Thermometer for Adults and Kids: Accurate Ear and Forehead Temperature Readings - Fever Alarm - Touchless Ideal for Babies Toddlers Infants Sensiors - Large LED Display - Home Use</p><p> -32% 0FF </p><p>$12.99</p><a href="https://www.amazon.com/dp/B0CS996Y44?tag=eloabder-20&linkCode=osi&th=1&psc=1">View Product</a></div>
<div class="product"><a href="https://www.amazon.com/dp/B00DG8F02Q?tag=eloabder-20&linkCode=osi&th=1&psc=1"><img src="https://m.media-amazon.com/images/I/317Ve37DL7L._SL500_.jpg" alt="Product Image"></a><p>NIVEA Shea Nourish Body Lotion, Dry Skin Lotion with Shea Butter, Moisturizing Lotion for Dry Skin, 16.9 Fl Oz Pump Bottle</p><p> -22% 0FF </p><p>$6.24 ($0.37 / Fl Oz)</p><a href="https://www.amazon.com/dp/B00DG8F02Q?tag=eloabder-20&linkCode=osi&th=1&psc=1">View Product</a></div><div class="product"><a href="https://www.amazon.com/dp/B07DGKXBD7?tag=eloabder-20&linkCode=osi&th=1&psc=1"><img src="https://m.media-amazon.com/images/I/31FyDL3570L._SL500_.jpg" alt="Product Image"></a><p>Johnson's Moisturizing Mild Pink Baby Lotion with Coconut Oil for Delicate Baby Skin, Paraben-, Phthalate- & Dye-Free, Hypoallergenic & Dermatologist-Tested, Baby Skin Care, 27.1 Fl. Oz</p><p> -28% 0FF </p><p>$7.68 ($0.28 / Fl Oz)</p><a href="https://www.amazon.com/dp/B07DGKXBD7?tag=eloabder-20&linkCode=osi&th=1&psc=1">View Product</a></div><div class="product"><a href="https://www.amazon.com/dp/B0030UF6EW?tag=eloabder-20&linkCode=osi&th=1&psc=1"><img src="https://m.media-amazon.com/images/I/31RKFp5lxLL._SL500_.jpg" alt="Product Image"></a><p>Aveeno Baby Daily Moisture Body Lotion for Sensitive Skin, Hypoallergenic Moisturizing Baby Lotion with Nourishing Oatmeal to Deeply Moisturize Baby's Skin, Fragrance-Free, 18 fl. oz</p><p> -25% 0FF </p><p>$12.28</p><a href="https://www.amazon.com/dp/B0030UF6EW?tag=eloabder-20&linkCode=osi&th=1&psc=1">View Product</a></div><div class="product"><a href="https://www.amazon.com/dp/B0013DIZL4?tag=eloabder-20&linkCode=osi&th=1&psc=1"><img src="https://m.media-amazon.com/images/I/31bPmcqX7+L._SL500_.jpg" alt="Product Image"></a><p>Lubriderm Intense Dry Skin Repair Lotion + Pro-Ceramide with Vitamin E & Minerals Helps to Repair Rough, Dry Skin, Fast Absorbing Lotion is Fragrance-Free and Non-Greasy, 16 fl. oz</p><p> -27% 0FF </p><p>$8.99 ($0.56 / Fl Oz)</p><a href="https://www.amazon.com/dp/B0013DIZL4?tag=eloabder-20&linkCode=osi&th=1&psc=1">View Product</a></div><div class="product"><a href="https://www.amazon.com/dp/B000056W71?tag=eloabder-20&linkCode=osi&th=1&psc=1"><img src="https://m.media-amazon.com/images/I/31sbZrzAC6L._SL500_.jpg" alt="Product Image"></a><p>Palmer's Cocoa Butter Formula Daily Skin Therapy Fragrance Free Lotion for Dry Skin, Unscented Body Lotion, Flip Cap Bottle, 8.5 Fl Oz</p><p> -34% 0FF </p><p>$4.58 ($0.54 / Fl Oz)</p><a href="https://www.amazon.com/dp/B000056W71?tag=eloabder-20&linkCode=osi&th=1&psc=1">View Product</a></div><div class="product"><a href="https://www.amazon.com/dp/B08RTKXZXF?tag=eloabder-20&linkCode=osi&th=1&psc=1"><img src="https://m.media-amazon.com/images/I/41pBq4jukUL._SL500_.jpg" alt="Product Image"></a><p>Mustela Hydra Bebe Body Lotion - Daily Moisturizing Baby Lotion with Natural Avocado, Jojoba & Sunflower Oil – 25.35 fl. oz.</p><p> -10% 0FF </p><p>$27.00 ($1.07 / Fl Oz)</p><a href="https://www.amazon.com/dp/B08RTKXZXF?tag=eloabder-20&linkCode=osi&th=1&psc=1">View Product</a></div><div class="product"><a href="https://www.amazon.com/dp/B00U2VQW72?tag=eloabder-20&linkCode=osi&th=1&psc=1"><img src="https://m.media-amazon.com/images/I/31nMuDcXtPL._SL500_.jpg" alt="Product Image"></a><p>Aveeno Baby Calming Comfort Moisturizing Body Lotion with Relaxing Lavender & Vanilla Scents, Non-Greasy Baby Lotion, Nourishing Prebiotic Oatmeal, Paraben- & Phthalate-Free, 18 fl. oz</p><p> -34% 0FF </p><p>$10.76 ($0.60 / Fl Oz)</p><a href="https://www.amazon.com/dp/B00U2VQW72?tag=eloabder-20&linkCode=osi&th=1&psc=1">View Product</a></div>

<div class="product"><a href="https://www.amazon.com/dp/B01M5JGO6D?tag=eloabder-20&linkCode=osi&th=1&psc=1"><img src="https://m.media-amazon.com/images/I/41hyrAKcBVL._SL500_.jpg" alt="Product Image"></a><p>Simple Joys by Carter's Baby 6-Piece Bodysuits (Short and Long Sleeve) and Pants Set, Grey/Mint Green/Elephant/Lamb, 0-3 Months</p><p> -5% 0FF </p><p>$23.30</p><a href="https://www.amazon.com/dp/B01M5JGO6D?tag=eloabder-20&linkCode=osi&th=1&psc=1">View Product</a></div><div class="product"><a href="https://www.amazon.com/dp/B07GFNVLS2?tag=eloabder-20&linkCode=osi&th=1&psc=1"><img src="https://m.media-amazon.com/images/I/31T-p4V5gsL._SL500_.jpg" alt="Product Image"></a><p>Gerber Unisex Baby Multi-Pack Long-Sleeve Onesies Bodysuit Mitten Cuff Sizes 6-Pack Mitten Cuff 0-3 Months</p><p> -12% 0FF </p><p>$15.81</p><a href="https://www.amazon.com/dp/B07GFNVLS2?tag=eloabder-20&linkCode=osi&th=1&psc=1">View Product</a></div><div class="product"><a href="https://www.amazon.com/dp/B08RHXJ4RN?tag=eloabder-20&linkCode=osi&th=1&psc=1"><img src="https://m.media-amazon.com/images/I/417BQ0zgHdL._SL500_.jpg" alt="Product Image"></a><p>AMAWMW Newborn Baby Girl Little Sister Sleeper Gown Stripe Long Sleeve Nightgown Pajamas Gifts Stuff Essential Outfit</p><p> -35% 0FF </p><p>$13.59</p><a href="https://www.amazon.com/dp/B08RHXJ4RN?tag=eloabder-20&linkCode=osi&th=1&psc=1">View Product</a></div>
<div class="product"><a href="https://www.amazon.com/dp/B07XP17LFJ?tag=eloabder-20&linkCode=osi&th=1&psc=1"><img src="https://m.media-amazon.com/images/I/51lB8BV82CL._SL500_.jpg" alt="Product Image"></a><p>DADA-TECH Toddler Electric Toothbrush Kids Age 1-2-3 Years Old, Baby Electric Toothbrush with LED Light 2 Minutes Timer 4 Vibrating Heads for Infants Toothbrush 6 to 12 Months and Up (Blue)</p><p> -24% 0FF </p><p>$15.99</p><a href="https://www.amazon.com/dp/B07XP17LFJ?tag=eloabder-20&linkCode=osi&th=1&psc=1">View Product</a></div><div class="product"><a href="https://www.amazon.com/dp/B0CQKSQ8RX?tag=eloabder-20&linkCode=osi&th=1&psc=1"><img src="https://m.media-amazon.com/images/I/314uxBY6cwL._SL500_.jpg" alt="Product Image"></a><p>PandaEar 2 Pack Baby Toothbrush, Silicone Double-Sided Oral Care Teether Brush for Infant 6 to 12 Months, Easy to Hold -Green & Red</p><p> -14% 0FF </p><p>$5.95 ($2.98 / Count)</p><a href="https://www.amazon.com/dp/B0CQKSQ8RX?tag=eloabder-20&linkCode=osi&th=1&psc=1">View Product</a></div>
<div class="product"><a href="https://www.amazon.com/dp/B00JHKTDQG?tag=eloabder-20&linkCode=osi&th=1&psc=1"><img src="https://m.media-amazon.com/images/I/41u2OOs0uOL._SL500_.jpg" alt="Product Image"></a><p>Safety 1st Plug Protectors, 36 Count</p><p> -22% 0FF </p><p>$3.49</p><a href="https://www.amazon.com/dp/B00JHKTDQG?tag=eloabder-20&linkCode=osi&th=1&psc=1">View Product</a></div><div class="product"><a href="https://www.amazon.com/dp/B00NO030NC?tag=eloabder-20&linkCode=osi&th=1&psc=1"><img src="https://m.media-amazon.com/images/I/2172z++GGHL._SL500_.jpg" alt="Product Image"></a><p>Power Gear 51175 Safety Plastic Outlet Covers, 30 Pack, Clear</p><p> -21% 0FF </p><p>$4.75</p><a href="https://www.amazon.com/dp/B00NO030NC?tag=eloabder-20&linkCode=osi&th=1&psc=1">View Product</a></div><div class="product"><a href="https://www.amazon.com/dp/B000HKVG9C?tag=eloabder-20&linkCode=osi&th=1&psc=1"><img src="https://m.media-amazon.com/images/I/41RdFKMVyCL._SL500_.jpg" alt="Product Image"></a><p>Safety 1st Outlet Cover with Cord Shortener for Baby Proofing</p><p> -9% 0FF </p><p>$4.99</p><a href="https://www.amazon.com/dp/B000HKVG9C?tag=eloabder-20&linkCode=osi&th=1&psc=1">View Product</a></div>
<div class="product"><a href="https://www.amazon.com/dp/B07TKB5SWG?tag=eloabder-20&linkCode=osi&th=1&psc=1"><img src="https://m.media-amazon.com/images/I/41g6kosVb2L._SL500_.jpg" alt="Product Image"></a><p>SMART ELF Car Seat Protector, 2Pack Seat Protector Protect Child Seats with Thickest Padding and Non-Slip Backing Mesh Pockets for Baby and Pet,Sedan SUV Truck (Black)</p><p> -29% 0FF </p><p>$24.69</p><a href="https://www.amazon.com/dp/B07TKB5SWG?tag=eloabder-20&linkCode=osi&th=1&psc=1">View Product</a></div><div class="product"><a href="https://www.amazon.com/dp/B096PGXGB4?tag=eloabder-20&linkCode=osi&th=1&psc=1"><img src="https://m.media-amazon.com/images/I/31Y4e9zhROS._SL500_.jpg" alt="Product Image"></a><p>XHYANG Car Seat Protector 1 Pack Car Seat Cushion Mat Thickest Padding,Waterproof 600D Fabric Car Seat Covers for Non-Slip Backing Mesh Pockets for Baby and Pet (1 Seat Protector)</p><p> -20% 0FF </p><p>$18.95</p><a href="https://www.amazon.com/dp/B096PGXGB4?tag=eloabder-20&linkCode=osi&th=1&psc=1">View Product</a></div><div class="product"><a href="https://www.amazon.com/dp/B00B7M7BKW?tag=eloabder-20&linkCode=osi&th=1&psc=1"><img src="https://m.media-amazon.com/images/I/31tGjWPadJL._SL500_.jpg" alt="Product Image"></a><p>Brica Elite Seat Guardian Car Seat Protector (1 Count Elite)</p><p> -23% 0FF </p><p>$29.97</p><a href="https://www.amazon.com/dp/B00B7M7BKW?tag=eloabder-20&linkCode=osi&th=1&psc=1">View Product</a></div><div class="product"><a href="https://www.amazon.com/dp/B09W2G8VMX?tag=eloabder-20&linkCode=osi&th=1&psc=1"><img src="https://m.media-amazon.com/images/I/31z9w8W7+YL._SL500_.jpg" alt="Product Image"></a><p>Siivton Car Seat Protector for Child Car Seat,Waterproof Car Seat Cover for Leather and Fabric Seats, 2 Mesh Pockets, Non-Slip Bottom,Thick Padding Cushion (Black)</p><p> -13% 0FF </p><p>$12.99</p><a href="https://www.amazon.com/dp/B09W2G8VMX?tag=eloabder-20&linkCode=osi&th=1&psc=1">View Product</a></div><div class="product"><a href="https://www.amazon.com/dp/B07JBQBVL6?tag=eloabder-20&linkCode=osi&th=1&psc=1"><img src="https://m.media-amazon.com/images/I/31PZj+OEfjL._SL500_.jpg" alt="Product Image"></a><p>Car Seat Protector for Baby Child Car Seats, Shynerk Auto Seat Cover Mat for Under Carseat to Protect Automotive Vehicle Leather and Cloth Upholstery - Waterproof and Dirt Resistant</p><p> -33% 0FF </p><p>$19.99</p><a href="https://www.amazon.com/dp/B07JBQBVL6?tag=eloabder-20&linkCode=osi&th=1&psc=1">View Product</a></div><div class="product"><a href="https://www.amazon.com/dp/B08XPXDCY1?tag=eloabder-20&linkCode=osi&th=1&psc=1"><img src="https://m.media-amazon.com/images/I/31y3e3zE1sL._SL500_.jpg" alt="Product Image"></a><p>Car Seat Protector, [1 Pack] Large Auto Car Seat Protectors for Child Seats with Thickest Padding and Non-Slip Backing Mesh Pockets for SUV, Sedan, Truck, Leather and Fabric Car Seat - Black</p><p> -11% 0FF </p><p>$16.99</p><a href="https://www.amazon.com/dp/B08XPXDCY1?tag=eloabder-20&linkCode=osi&th=1&psc=1">View Product</a></div>
<div class="product"><a href="https://www.amazon.com/dp/B073YBXTD2?tag=eloabder-20&linkCode=osi&th=1&psc=1"><img src="https://m.media-amazon.com/images/I/41JMjruimBL._SL500_.jpg" alt="Product Image"></a><p>Delta Children Infant Changing Table with Pad, Grey</p><p> -27% 0FF </p><p>$87.32</p><a href="https://www.amazon.com/dp/B073YBXTD2?tag=eloabder-20&linkCode=osi&th=1&psc=1">View Product</a></div><div class="product"><a href="https://www.amazon.com/dp/B0CXCDRT4B?tag=eloabder-20&linkCode=osi&th=1&psc=1"><img src="https://m.media-amazon.com/images/I/41vP79VQ+KL._SL500_.jpg" alt="Product Image"></a><p>Storkcraft Pasadena Changing Table with Water-Resistant Changing Pad (Driftwood) - GREENGUARD Gold Certified, Includes Bonus Water-Resistant Changing Pad with Safety Strap, 2 Open Shelves</p><p> -25% 0FF </p><p>$67.89</p><a href="https://www.amazon.com/dp/B0CXCDRT4B?tag=eloabder-20&linkCode=osi&th=1&psc=1">View Product</a></div><div class="product"><a href="https://www.amazon.com/dp/B0D3BPZ77F?tag=eloabder-20&linkCode=osi&th=1&psc=1"><img src="https://m.media-amazon.com/images/I/41-+eE90DeL._SL500_.jpg" alt="Product Image"></a><p>Saryocy Baby Changing Table, Versatile Folding Changing Table, Waterproof Diaper Changing Station, Adjustable Height with 2 Drawers,Baby Changing Station, Mobile Nursery for Infant and Newborn</p><p> -36% 0FF </p><p>$127.97</p><a href="https://www.amazon.com/dp/B0D3BPZ77F?tag=eloabder-20&linkCode=osi&th=1&psc=1">View Product</a></div><div class="product"><a href="https://www.amazon.com/dp/B004FURIAG?tag=eloabder-20&linkCode=osi&th=1&psc=1"><img src="https://m.media-amazon.com/images/I/31hZwey9xYS._SL500_.jpg" alt="Product Image"></a><p>Delta Children Eclipse Changing Table with Changing Pad, White</p><p> -25% 0FF </p><p>$105.12</p><a href="https://www.amazon.com/dp/B004FURIAG?tag=eloabder-20&linkCode=osi&th=1&psc=1">View Product</a></div><div class="product"><a href="https://www.amazon.com/dp/B0C84T7QFD?tag=eloabder-20&linkCode=osi&th=1&psc=1"><img src="https://m.media-amazon.com/images/I/41Kjm6caAKL._SL500_.jpg" alt="Product Image"></a><p>BabyBond Portable Baby Changing Table with 2 Storage Baskets, Foldable Changing Table Dresser Waterproof Diaper Changing Table Height Adjustable Changing Station for Infant and Newborn(Grey)</p><p> -10% 0FF </p><p>$143.99</p><a href="https://www.amazon.com/dp/B0C84T7QFD?tag=eloabder-20&linkCode=osi&th=1&psc=1">View Product</a></div><div class="product"><a href="https://www.amazon.com/dp/B08HMJCHCT?tag=eloabder-20&linkCode=osi&th=1&psc=1"><img src="https://m.media-amazon.com/images/I/31aqc05wT6L._SL500_.jpg" alt="Product Image"></a><p>Storkcraft Brookside 2 Drawer Changing Table Dresser (Pebble Gray) – GREENGUARD Gold Certified, Easy-to-Match Chest of Drawers and Cubbies for Nursery and Kids Bedroom, Includes Changing Table Topper</p><p> -31% 0FF </p><p>$151.99</p><a href="https://www.amazon.com/dp/B08HMJCHCT?tag=eloabder-20&linkCode=osi&th=1&psc=1">View Product</a></div>
<div class="product"><a href="https://www.amazon.com/dp/B09WMCNNQY?tag=eloabder-20&linkCode=osi&th=1&psc=1"><img src="https://m.media-amazon.com/images/I/31uqVf+rn9L._SL500_.jpg" alt="Product Image"></a><p>Baby Blanket for Boys and Girls, Soft Cozy Blankets for Kids, Toddler Comforter Quilted with Grey Star Print, Ultra Soft and Comfortable Baby Comforter Down Alternative Crib Comforter, 39x47 Inches</p><p> -19% 0FF </p><p>$12.99</p><a href="https://www.amazon.com/dp/B09WMCNNQY?tag=eloabder-20&linkCode=osi&th=1&psc=1">View Product</a></div><div class="product"><a href="https://www.amazon.com/dp/B00MYL8186?tag=eloabder-20&linkCode=osi&th=1&psc=1"><img src="https://m.media-amazon.com/images/I/41Ap1mz-w0L._SL500_.jpg" alt="Product Image"></a><p>Wildkin Kids 100% Cotton Toddler Comforter for Boys and Girls, Measures 58 X 42 Inches Comforter for Kids, Includes One Comforter Fits Standard Crib Mattress (Dinosaur Land)</p><p> -25% 0FF </p><p>$59.99</p><a href="https://www.amazon.com/dp/B00MYL8186?tag=eloabder-20&linkCode=osi&th=1&psc=1">View Product</a></div>
<div class="product"><a href="https://www.amazon.com/dp/B08NYPPQ85?tag=eloabder-20&linkCode=osi&th=1&psc=1"><img src="https://m.media-amazon.com/images/I/41df5sSCr6L._SL500_.jpg" alt="Product Image"></a><p>Frida Baby Thermometer, 3-in-1 Infrared Thermometer for Ear, Forehead & Touchless, FSA/ HSA Eligible Fever Thermometer for Baby, Infants ,Toddlers, Kids & Adults</p><p> -10% 0FF </p><p>$35.99</p><a href="https://www.amazon.com/dp/B08NYPPQ85?tag=eloabder-20&linkCode=osi&th=1&psc=1">View Product</a></div><div class="product"><a href="https://www.amazon.com/dp/B0D7Z4S63C?tag=eloabder-20&linkCode=osi&th=1&psc=1"><img src="https://m.media-amazon.com/images/I/31a3VmwGjYL._SL500_.jpg" alt="Product Image"></a><p>Berrcom 3 in 1 Forehead and Ear Thermometer Indoors Non-Contact Backlight Body Object Temperature Checking Sensor Touchless Digital Thermometer with Fever Alert</p><p> -9% 0FF </p><p>$20.93</p><a href="https://www.amazon.com/dp/B0D7Z4S63C?tag=eloabder-20&linkCode=osi&th=1&psc=1">View Product</a></div><div class="product"><a href="https://www.amazon.com/dp/B07YYMBVVC?tag=eloabder-20&linkCode=osi&th=1&psc=1"><img src="https://m.media-amazon.com/images/I/41eqvQ9sQ-L._SL500_.jpg" alt="Product Image"></a><p>Alcedo Forehead and Ear Thermometer for Adults, Kids, and Baby | Digital Infrared Thermometer for Fever | Touchless, Instant Read, Medical Grade | Pouch and Batteries Included</p><p> -17% 0FF </p><p>$24.95</p><a href="https://www.amazon.com/dp/B07YYMBVVC?tag=eloabder-20&linkCode=osi&th=1&psc=1">View Product</a></div><div class="product"><a href="https://www.amazon.com/dp/B0CS996Y44?tag=eloabder-20&linkCode=osi&th=1&psc=1"><img src="https://m.media-amazon.com/images/I/313CKK7VpUL._SL500_.jpg" alt="Product Image"></a><p>COOCEER Digital Thermometer for Adults and Kids: Accurate Ear and Forehead Temperature Readings - Fever Alarm - Touchless Ideal for Babies Toddlers Infants Sensiors - Large LED Display - Home Use</p><p> -32% 0FF </p><p>$12.99</p><a href="https://www.amazon.com/dp/B0CS996Y44?tag=eloabder-20&linkCode=osi&th=1&psc=1">View Product</a></div>
<div class="product"><a href="https://www.amazon.com/dp/B00DG8F02Q?tag=eloabder-20&linkCode=osi&th=1&psc=1"><img src="https://m.media-amazon.com/images/I/317Ve37DL7L._SL500_.jpg" alt="Product Image"></a><p>NIVEA Shea Nourish Body Lotion, Dry Skin Lotion with Shea Butter, Moisturizing Lotion for Dry Skin, 16.9 Fl Oz Pump Bottle</p><p> -22% 0FF </p><p>$6.24 ($0.37 / Fl Oz)</p><a href="https://www.amazon.com/dp/B00DG8F02Q?tag=eloabder-20&linkCode=osi&th=1&psc=1">View Product</a></div><div class="product"><a href="https://www.amazon.com/dp/B07DGKXBD7?tag=eloabder-20&linkCode=osi&th=1&psc=1"><img src="https://m.media-amazon.com/images/I/31FyDL3570L._SL500_.jpg" alt="Product Image"></a><p>Johnson's Moisturizing Mild Pink Baby Lotion with Coconut Oil for Delicate Baby Skin, Paraben-, Phthalate- & Dye-Free, Hypoallergenic & Dermatologist-Tested, Baby Skin Care, 27.1 Fl. Oz</p><p> -28% 0FF </p><p>$7.68 ($0.28 / Fl Oz)</p><a href="https://www.amazon.com/dp/B07DGKXBD7?tag=eloabder-20&linkCode=osi&th=1&psc=1">View Product</a></div><div class="product"><a href="https://www.amazon.com/dp/B0030UF6EW?tag=eloabder-20&linkCode=osi&th=1&psc=1"><img src="https://m.media-amazon.com/images/I/31RKFp5lxLL._SL500_.jpg" alt="Product Image"></a><p>Aveeno Baby Daily Moisture Body Lotion for Sensitive Skin, Hypoallergenic Moisturizing Baby Lotion with Nourishing Oatmeal to Deeply Moisturize Baby's Skin, Fragrance-Free, 18 fl. oz</p><p> -25% 0FF </p><p>$12.28</p><a href="https://www.amazon.com/dp/B0030UF6EW?tag=eloabder-20&linkCode=osi&th=1&psc=1">View Product</a></div><div class="product"><a href="https://www.amazon.com/dp/B0013DIZL4?tag=eloabder-20&linkCode=osi&th=1&psc=1"><img src="https://m.media-amazon.com/images/I/31bPmcqX7+L._SL500_.jpg" alt="Product Image"></a><p>Lubriderm Intense Dry Skin Repair Lotion + Pro-Ceramide with Vitamin E & Minerals Helps to Repair Rough, Dry Skin, Fast Absorbing Lotion is Fragrance-Free and Non-Greasy, 16 fl. oz</p><p> -27% 0FF </p><p>$8.99 ($0.56 / Fl Oz)</p><a href="https://www.amazon.com/dp/B0013DIZL4?tag=eloabder-20&linkCode=osi&th=1&psc=1">View Product</a></div><div class="product"><a href="https://www.amazon.com/dp/B000056W71?tag=eloabder-20&linkCode=osi&th=1&psc=1"><img src="https://m.media-amazon.com/images/I/31sbZrzAC6L._SL500_.jpg" alt="Product Image"></a><p>Palmer's Cocoa Butter Formula Daily Skin Therapy Fragrance Free Lotion for Dry Skin, Unscented Body Lotion, Flip Cap Bottle, 8.5 Fl Oz</p><p> -34% 0FF </p><p>$4.58 ($0.54 / Fl Oz)</p><a href="https://www.amazon.com/dp/B000056W71?tag=eloabder-20&linkCode=osi&th=1&psc=1">View Product</a></div><div class="product"><a href="https://www.amazon.com/dp/B08RTKXZXF?tag=eloabder-20&linkCode=osi&th=1&psc=1"><img src="https://m.media-amazon.com/images/I/41pBq4jukUL._SL500_.jpg" alt="Product Image"></a><p>Mustela Hydra Bebe Body Lotion - Daily Moisturizing Baby Lotion with Natural Avocado, Jojoba & Sunflower Oil – 25.35 fl. oz.</p><p> -10% 0FF </p><p>$27.00 ($1.07 / Fl Oz)</p><a href="https://www.amazon.com/dp/B08RTKXZXF?tag=eloabder-20&linkCode=osi&th=1&psc=1">View Product</a></div><div class="product"><a href="https://www.amazon.com/dp/B00U2VQW72?tag=eloabder-20&linkCode=osi&th=1&psc=1"><img src="https://m.media-amazon.com/images/I/31nMuDcXtPL._SL500_.jpg" alt="Product Image"></a><p>Aveeno Baby Calming Comfort Moisturizing Body Lotion with Relaxing Lavender & Vanilla Scents, Non-Greasy Baby Lotion, Nourishing Prebiotic Oatmeal, Paraben- & Phthalate-Free, 18 fl. oz</p><p> -34% 0FF </p><p>$10.76 ($0.60 / Fl Oz)</p><a href="https://www.amazon.com/dp/B00U2VQW72?tag=eloabder-20&linkCode=osi&th=1&psc=1">View Product</a></div>
<div class="product"><a href="https://www.amazon.com/dp/B0BKPXLGVF?tag=eloabder-20&linkCode=osi&th=1&psc=1"><img src="https://m.media-amazon.com/images/I/41b6HbUXo2L._SL500_.jpg" alt="Product Image"></a><p>CottCare Baby Muslin Swaddle Blankets for Boys and Girls,4-Pack Breathable and Skin-Friendly,Wrap Soft Silky Cotton Muslin Swaddle Blankets/Atrovirens/Green/Apricot White/Grey…</p><p> -38% 0FF </p><p>$14.99</p><a href="https://www.amazon.com/dp/B0BKPXLGVF?tag=eloabder-20&linkCode=osi&th=1&psc=1">View Product</a></div><div class="product"><a href="https://www.amazon.com/dp/B098NY9KW8?tag=eloabder-20&linkCode=osi&th=1&psc=1"><img src="https://m.media-amazon.com/images/I/41k5gWkxQgL._SL500_.jpg" alt="Product Image"></a><p>Momcozy Muslin Swaddle Blankets, Swaddle Blanket for Baby Boys and Girls, 4-Pack Breathable and Skin-Friendly Baby Receiving Blankets Swaddle Wrap, Baby Essentials, Registry & Gift, 47 x 47 inches</p><p> -52% 0FF </p><p>$23.99</p><a href="https://www.amazon.com/dp/B098NY9KW8?tag=eloabder-20&linkCode=osi&th=1&psc=1">View Product</a></div><div class="product"><a href="https://www.amazon.com/dp/B0C6GP7NXF?tag=eloabder-20&linkCode=osi&th=1&psc=1"><img src="https://m.media-amazon.com/images/I/51vjlWRLQjL._SL500_.jpg" alt="Product Image"></a><p>Konssy 2 Pack Muslin Swaddle Blankets for Baby Boys Girls, Receiving Blanket Large 47 x 47 inches, Soft Breathable Muslin Baby Blanket for Unisex Newborn(Pink, Floral)</p><p> -27% 0FF </p><p>$19.79 ($9.90 / Count)</p><a href="https://www.amazon.com/dp/B0C6GP7NXF?tag=eloabder-20&linkCode=osi&th=1&psc=1">View Product</a></div><div class="product"><a href="https://www.amazon.com/dp/B07HP1TQRP?tag=eloabder-20&linkCode=osi&th=1&psc=1"><img src="https://m.media-amazon.com/images/I/51nniEP2D0L._SL500_.jpg" alt="Product Image"></a><p>upsimples Baby Swaddle Blanket Unisex Swaddle Wrap Soft Silky Muslin Swaddle Blankets Neutral Receiving Blanket for Boys and Girls, 47 x 47 inches, Set of 4 - Fox/Elephant/Giraffe/Dinosaur</p><p> -9% 0FF </p><p>$20.99</p><a href="https://www.amazon.com/dp/B07HP1TQRP?tag=eloabder-20&linkCode=osi&th=1&psc=1">View Product</a></div><div class="product"><a href="https://www.amazon.com/dp/B0CBCC4HWK?tag=eloabder-20&linkCode=osi&th=1&psc=1"><img src="https://m.media-amazon.com/images/I/41uQK7FlKmL._SL500_.jpg" alt="Product Image"></a><p>Lovely Care 12 Pack Muslin Burp Cloths 100% Cotton Muslin Cloths Large 20''x10'' Extra Soft and Absorbent Baby Burping Cloth - White</p><p> -40% 0FF </p><p>$11.39</p><a href="https://www.amazon.com/dp/B0CBCC4HWK?tag=eloabder-20&linkCode=osi&th=1&psc=1">View Product</a></div><div class="product"><a href="https://www.amazon.com/dp/B0BZNNBJTG?tag=eloabder-20&linkCode=osi&th=1&psc=1"><img src="https://m.media-amazon.com/images/I/41JvYM6RTaL._SL500_.jpg" alt="Product Image"></a><p>Konssy 3 Pack Muslin Swaddle Blankets for Unisex, Newborn Receiving Blanket, Large 47 x 47 inches, Soft Breathable Muslin Baby Swaddles for Boys & Girls</p><p> -15% 0FF </p><p>$27.99</p><a href="https://www.amazon.com/dp/B0BZNNBJTG?tag=eloabder-20&linkCode=osi&th=1&psc=1">View Product</a></div>

<div class="product"><a href="https://www.amazon.com/dp/B01M5JGO6D?tag=eloabder-20&linkCode=osi&th=1&psc=1"><img src="https://m.media-amazon.com/images/I/41hyrAKcBVL._SL500_.jpg" alt="Product Image"></a><p>Simple Joys by Carter's Baby 6-Piece Bodysuits (Short and Long Sleeve) and Pants Set, Grey/Mint Green/Elephant/Lamb, 0-3 Months</p><p> -5% 0FF </p><p>$23.30</p><a href="https://www.amazon.com/dp/B01M5JGO6D?tag=eloabder-20&linkCode=osi&th=1&psc=1">View Product</a></div><div class="product"><a href="https://www.amazon.com/dp/B07GFNVLS2?tag=eloabder-20&linkCode=osi&th=1&psc=1"><img src="https://m.media-amazon.com/images/I/31T-p4V5gsL._SL500_.jpg" alt="Product Image"></a><p>Gerber Unisex Baby Multi-Pack Long-Sleeve Onesies Bodysuit Mitten Cuff Sizes 6-Pack Mitten Cuff 0-3 Months</p><p> -12% 0FF </p><p>$15.81</p><a href="https://www.amazon.com/dp/B07GFNVLS2?tag=eloabder-20&linkCode=osi&th=1&psc=1">View Product</a></div><div class="product"><a href="https://www.amazon.com/dp/B08RHXJ4RN?tag=eloabder-20&linkCode=osi&th=1&psc=1"><img src="https://m.media-amazon.com/images/I/417BQ0zgHdL._SL500_.jpg" alt="Product Image"></a><p>AMAWMW Newborn Baby Girl Little Sister Sleeper Gown Stripe Long Sleeve Nightgown Pajamas Gifts Stuff Essential Outfit</p><p> -35% 0FF </p><p>$13.59</p><a href="https://www.amazon.com/dp/B08RHXJ4RN?tag=eloabder-20&linkCode=osi&th=1&psc=1">View Product</a></div>
<div class="product"><a href="https://www.amazon.com/dp/B07XP17LFJ?tag=eloabder-20&linkCode=osi&th=1&psc=1"><img src="https://m.media-amazon.com/images/I/51lB8BV82CL._SL500_.jpg" alt="Product Image"></a><p>DADA-TECH Toddler Electric Toothbrush Kids Age 1-2-3 Years Old, Baby Electric Toothbrush with LED Light 2 Minutes Timer 4 Vibrating Heads for Infants Toothbrush 6 to 12 Months and Up (Blue)</p><p> -24% 0FF </p><p>$15.99</p><a href="https://www.amazon.com/dp/B07XP17LFJ?tag=eloabder-20&linkCode=osi&th=1&psc=1">View Product</a></div><div class="product"><a href="https://www.amazon.com/dp/B0CQKSQ8RX?tag=eloabder-20&linkCode=osi&th=1&psc=1"><img src="https://m.media-amazon.com/images/I/314uxBY6cwL._SL500_.jpg" alt="Product Image"></a><p>PandaEar 2 Pack Baby Toothbrush, Silicone Double-Sided Oral Care Teether Brush for Infant 6 to 12 Months, Easy to Hold -Green & Red</p><p> -14% 0FF </p><p>$5.95 ($2.98 / Count)</p><a href="https://www.amazon.com/dp/B0CQKSQ8RX?tag=eloabder-20&linkCode=osi&th=1&psc=1">View Product</a></div>
<div class="product"><a href="https://www.amazon.com/dp/B00JHKTDQG?tag=eloabder-20&linkCode=osi&th=1&psc=1"><img src="https://m.media-amazon.com/images/I/41u2OOs0uOL._SL500_.jpg" alt="Product Image"></a><p>Safety 1st Plug Protectors, 36 Count</p><p> -22% 0FF </p><p>$3.49</p><a href="https://www.amazon.com/dp/B00JHKTDQG?tag=eloabder-20&linkCode=osi&th=1&psc=1">View Product</a></div><div class="product"><a href="https://www.amazon.com/dp/B00NO030NC?tag=eloabder-20&linkCode=osi&th=1&psc=1"><img src="https://m.media-amazon.com/images/I/2172z++GGHL._SL500_.jpg" alt="Product Image"></a><p>Power Gear 51175 Safety Plastic Outlet Covers, 30 Pack, Clear</p><p> -21% 0FF </p><p>$4.75</p><a href="https://www.amazon.com/dp/B00NO030NC?tag=eloabder-20&linkCode=osi&th=1&psc=1">View Product</a></div><div class="product"><a href="https://www.amazon.com/dp/B000HKVG9C?tag=eloabder-20&linkCode=osi&th=1&psc=1"><img src="https://m.media-amazon.com/images/I/41RdFKMVyCL._SL500_.jpg" alt="Product Image"></a><p>Safety 1st Outlet Cover with Cord Shortener for Baby Proofing</p><p> -9% 0FF </p><p>$4.99</p><a href="https://www.amazon.com/dp/B000HKVG9C?tag=eloabder-20&linkCode=osi&th=1&psc=1">View Product</a></div>
<div class="product"><a href="https://www.amazon.com/dp/B07TKB5SWG?tag=eloabder-20&linkCode=osi&th=1&psc=1"><img src="https://m.media-amazon.com/images/I/41g6kosVb2L._SL500_.jpg" alt="Product Image"></a><p>SMART ELF Car Seat Protector, 2Pack Seat Protector Protect Child Seats with Thickest Padding and Non-Slip Backing Mesh Pockets for Baby and Pet,Sedan SUV Truck (Black)</p><p> -29% 0FF </p><p>$24.69</p><a href="https://www.amazon.com/dp/B07TKB5SWG?tag=eloabder-20&linkCode=osi&th=1&psc=1">View Product</a></div><div class="product"><a href="https://www.amazon.com/dp/B096PGXGB4?tag=eloabder-20&linkCode=osi&th=1&psc=1"><img src="https://m.media-amazon.com/images/I/31Y4e9zhROS._SL500_.jpg" alt="Product Image"></a><p>XHYANG Car Seat Protector 1 Pack Car Seat Cushion Mat Thickest Padding,Waterproof 600D Fabric Car Seat Covers for Non-Slip Backing Mesh Pockets for Baby and Pet (1 Seat Protector)</p><p> -20% 0FF </p><p>$18.95</p><a href="https://www.amazon.com/dp/B096PGXGB4?tag=eloabder-20&linkCode=osi&th=1&psc=1">View Product</a></div><div class="product"><a href="https://www.amazon.com/dp/B00B7M7BKW?tag=eloabder-20&linkCode=osi&th=1&psc=1"><img src="https://m.media-amazon.com/images/I/31tGjWPadJL._SL500_.jpg" alt="Product Image"></a><p>Brica Elite Seat Guardian Car Seat Protector (1 Count Elite)</p><p> -23% 0FF </p><p>$29.97</p><a href="https://www.amazon.com/dp/B00B7M7BKW?tag=eloabder-20&linkCode=osi&th=1&psc=1">View Product</a></div><div class="product"><a href="https://www.amazon.com/dp/B09W2G8VMX?tag=eloabder-20&linkCode=osi&th=1&psc=1"><img src="https://m.media-amazon.com/images/I/31z9w8W7+YL._SL500_.jpg" alt="Product Image"></a><p>Siivton Car Seat Protector for Child Car Seat,Waterproof Car Seat Cover for Leather and Fabric Seats, 2 Mesh Pockets, Non-Slip Bottom,Thick Padding Cushion (Black)</p><p> -13% 0FF </p><p>$12.99</p><a href="https://www.amazon.com/dp/B09W2G8VMX?tag=eloabder-20&linkCode=osi&th=1&psc=1">View Product</a></div><div class="product"><a href="https://www.amazon.com/dp/B07JBQBVL6?tag=eloabder-20&linkCode=osi&th=1&psc=1"><img src="https://m.media-amazon.com/images/I/31PZj+OEfjL._SL500_.jpg" alt="Product Image"></a><p>Car Seat Protector for Baby Child Car Seats, Shynerk Auto Seat Cover Mat for Under Carseat to Protect Automotive Vehicle Leather and Cloth Upholstery - Waterproof and Dirt Resistant</p><p> -33% 0FF </p><p>$19.99</p><a href="https://www.amazon.com/dp/B07JBQBVL6?tag=eloabder-20&linkCode=osi&th=1&psc=1">View Product</a></div><div class="product"><a href="https://www.amazon.com/dp/B08XPXDCY1?tag=eloabder-20&linkCode=osi&th=1&psc=1"><img src="https://m.media-amazon.com/images/I/31y3e3zE1sL._SL500_.jpg" alt="Product Image"></a><p>Car Seat Protector, [1 Pack] Large Auto Car Seat Protectors for Child Seats with Thickest Padding and Non-Slip Backing Mesh Pockets for SUV, Sedan, Truck, Leather and Fabric Car Seat - Black</p><p> -11% 0FF </p><p>$16.99</p><a href="https://www.amazon.com/dp/B08XPXDCY1?tag=eloabder-20&linkCode=osi&th=1&psc=1">View Product</a></div>
<div class="product"><a href="https://www.amazon.com/dp/B073YBXTD2?tag=eloabder-20&linkCode=osi&th=1&psc=1"><img src="https://m.media-amazon.com/images/I/41JMjruimBL._SL500_.jpg" alt="Product Image"></a><p>Delta Children Infant Changing Table with Pad, Grey</p><p> -27% 0FF </p><p>$87.32</p><a href="https://www.amazon.com/dp/B073YBXTD2?tag=eloabder-20&linkCode=osi&th=1&psc=1">View Product</a></div><div class="product"><a href="https://www.amazon.com/dp/B0CXCDRT4B?tag=eloabder-20&linkCode=osi&th=1&psc=1"><img src="https://m.media-amazon.com/images/I/41vP79VQ+KL._SL500_.jpg" alt="Product Image"></a><p>Storkcraft Pasadena Changing Table with Water-Resistant Changing Pad (Driftwood) - GREENGUARD Gold Certified, Includes Bonus Water-Resistant Changing Pad with Safety Strap, 2 Open Shelves</p><p> -25% 0FF </p><p>$67.89</p><a href="https://www.amazon.com/dp/B0CXCDRT4B?tag=eloabder-20&linkCode=osi&th=1&psc=1">View Product</a></div><div class="product"><a href="https://www.amazon.com/dp/B0D3BPZ77F?tag=eloabder-20&linkCode=osi&th=1&psc=1"><img src="https://m.media-amazon.com/images/I/41-+eE90DeL._SL500_.jpg" alt="Product Image"></a><p>Saryocy Baby Changing Table, Versatile Folding Changing Table, Waterproof Diaper Changing Station, Adjustable Height with 2 Drawers,Baby Changing Station, Mobile Nursery for Infant and Newborn</p><p> -36% 0FF </p><p>$127.97</p><a href="https://www.amazon.com/dp/B0D3BPZ77F?tag=eloabder-20&linkCode=osi&th=1&psc=1">View Product</a></div><div class="product"><a href="https://www.amazon.com/dp/B004FURIAG?tag=eloabder-20&linkCode=osi&th=1&psc=1"><img src="https://m.media-amazon.com/images/I/31hZwey9xYS._SL500_.jpg" alt="Product Image"></a><p>Delta Children Eclipse Changing Table with Changing Pad, White</p><p> -25% 0FF </p><p>$105.12</p><a href="https://www.amazon.com/dp/B004FURIAG?tag=eloabder-20&linkCode=osi&th=1&psc=1">View Product</a></div><div class="product"><a href="https://www.amazon.com/dp/B0C84T7QFD?tag=eloabder-20&linkCode=osi&th=1&psc=1"><img src="https://m.media-amazon.com/images/I/41Kjm6caAKL._SL500_.jpg" alt="Product Image"></a><p>BabyBond Portable Baby Changing Table with 2 Storage Baskets, Foldable Changing Table Dresser Waterproof Diaper Changing Table Height Adjustable Changing Station for Infant and Newborn(Grey)</p><p> -10% 0FF </p><p>$143.99</p><a href="https://www.amazon.com/dp/B0C84T7QFD?tag=eloabder-20&linkCode=osi&th=1&psc=1">View Product</a></div><div class="product"><a href="https://www.amazon.com/dp/B08HMJCHCT?tag=eloabder-20&linkCode=osi&th=1&psc=1"><img src="https://m.media-amazon.com/images/I/31aqc05wT6L._SL500_.jpg" alt="Product Image"></a><p>Storkcraft Brookside 2 Drawer Changing Table Dresser (Pebble Gray) – GREENGUARD Gold Certified, Easy-to-Match Chest of Drawers and Cubbies for Nursery and Kids Bedroom, Includes Changing Table Topper</p><p> -31% 0FF </p><p>$151.99</p><a href="https://www.amazon.com/dp/B08HMJCHCT?tag=eloabder-20&linkCode=osi&th=1&psc=1">View Product</a></div>
<div class="product"><a href="https://www.amazon.com/dp/B09WMCNNQY?tag=eloabder-20&linkCode=osi&th=1&psc=1"><img src="https://m.media-amazon.com/images/I/31uqVf+rn9L._SL500_.jpg" alt="Product Image"></a><p>Baby Blanket for Boys and Girls, Soft Cozy Blankets for Kids, Toddler Comforter Quilted with Grey Star Print, Ultra Soft and Comfortable Baby Comforter Down Alternative Crib Comforter, 39x47 Inches</p><p> -19% 0FF </p><p>$12.99</p><a href="https://www.amazon.com/dp/B09WMCNNQY?tag=eloabder-20&linkCode=osi&th=1&psc=1">View Product</a></div><div class="product"><a href="https://www.amazon.com/dp/B00MYL8186?tag=eloabder-20&linkCode=osi&th=1&psc=1"><img src="https://m.media-amazon.com/images/I/41Ap1mz-w0L._SL500_.jpg" alt="Product Image"></a><p>Wildkin Kids 100% Cotton Toddler Comforter for Boys and Girls, Measures 58 X 42 Inches Comforter for Kids, Includes One Comforter Fits Standard Crib Mattress (Dinosaur Land)</p><p> -25% 0FF </p><p>$59.99</p><a href="https://www.amazon.com/dp/B00MYL8186?tag=eloabder-20&linkCode=osi&th=1&psc=1">View Product</a></div>
<div class="product"><a href="https://www.amazon.com/dp/B08NYPPQ85?tag=eloabder-20&linkCode=osi&th=1&psc=1"><img src="https://m.media-amazon.com/images/I/41df5sSCr6L._SL500_.jpg" alt="Product Image"></a><p>Frida Baby Thermometer, 3-in-1 Infrared Thermometer for Ear, Forehead & Touchless, FSA/ HSA Eligible Fever Thermometer for Baby, Infants ,Toddlers, Kids & Adults</p><p> -10% 0FF </p><p>$35.99</p><a href="https://www.amazon.com/dp/B08NYPPQ85?tag=eloabder-20&linkCode=osi&th=1&psc=1">View Product</a></div><div class="product"><a href="https://www.amazon.com/dp/B0D7Z4S63C?tag=eloabder-20&linkCode=osi&th=1&psc=1"><img src="https://m.media-amazon.com/images/I/31a3VmwGjYL._SL500_.jpg" alt="Product Image"></a><p>Berrcom 3 in 1 Forehead and Ear Thermometer Indoors Non-Contact Backlight Body Object Temperature Checking Sensor Touchless Digital Thermometer with Fever Alert</p><p> -9% 0FF </p><p>$20.93</p><a href="https://www.amazon.com/dp/B0D7Z4S63C?tag=eloabder-20&linkCode=osi&th=1&psc=1">View Product</a></div><div class="product"><a href="https://www.amazon.com/dp/B07YYMBVVC?tag=eloabder-20&linkCode=osi&th=1&psc=1"><img src="https://m.media-amazon.com/images/I/41eqvQ9sQ-L._SL500_.jpg" alt="Product Image"></a><p>Alcedo Forehead and Ear Thermometer for Adults, Kids, and Baby | Digital Infrared Thermometer for Fever | Touchless, Instant Read, Medical Grade | Pouch and Batteries Included</p><p> -17% 0FF </p><p>$24.95</p><a href="https://www.amazon.com/dp/B07YYMBVVC?tag=eloabder-20&linkCode=osi&th=1&psc=1">View Product</a></div><div class="product"><a href="https://www.amazon.com/dp/B0CS996Y44?tag=eloabder-20&linkCode=osi&th=1&psc=1"><img src="https://m.media-amazon.com/images/I/313CKK7VpUL._SL500_.jpg" alt="Product Image"></a><p>COOCEER Digital Thermometer for Adults and Kids: Accurate Ear and Forehead Temperature Readings - Fever Alarm - Touchless Ideal for Babies Toddlers Infants Sensiors - Large LED Display - Home Use</p><p> -32% 0FF </p><p>$12.99</p><a href="https://www.amazon.com/dp/B0CS996Y44?tag=eloabder-20&linkCode=osi&th=1&psc=1">View Product</a></div>
<div class="product"><a href="https://www.amazon.com/dp/B00DG8F02Q?tag=eloabder-20&linkCode=osi&th=1&psc=1"><img src="https://m.media-amazon.com/images/I/317Ve37DL7L._SL500_.jpg" alt="Product Image"></a><p>NIVEA Shea Nourish Body Lotion, Dry Skin Lotion with Shea Butter, Moisturizing Lotion for Dry Skin, 16.9 Fl Oz Pump Bottle</p><p> -22% 0FF </p><p>$6.24 ($0.37 / Fl Oz)</p><a href="https://www.amazon.com/dp/B00DG8F02Q?tag=eloabder-20&linkCode=osi&th=1&psc=1">View Product</a></div><div class="product"><a href="https://www.amazon.com/dp/B07DGKXBD7?tag=eloabder-20&linkCode=osi&th=1&psc=1"><img src="https://m.media-amazon.com/images/I/31FyDL3570L._SL500_.jpg" alt="Product Image"></a><p>Johnson's Moisturizing Mild Pink Baby Lotion with Coconut Oil for Delicate Baby Skin, Paraben-, Phthalate- & Dye-Free, Hypoallergenic & Dermatologist-Tested, Baby Skin Care, 27.1 Fl. Oz</p><p> -28% 0FF </p><p>$7.68 ($0.28 / Fl Oz)</p><a href="https://www.amazon.com/dp/B07DGKXBD7?tag=eloabder-20&linkCode=osi&th=1&psc=1">View Product</a></div><div class="product"><a href="https://www.amazon.com/dp/B0030UF6EW?tag=eloabder-20&linkCode=osi&th=1&psc=1"><img src="https://m.media-amazon.com/images/I/31RKFp5lxLL._SL500_.jpg" alt="Product Image"></a><p>Aveeno Baby Daily Moisture Body Lotion for Sensitive Skin, Hypoallergenic Moisturizing Baby Lotion with Nourishing Oatmeal to Deeply Moisturize Baby's Skin, Fragrance-Free, 18 fl. oz</p><p> -25% 0FF </p><p>$12.28</p><a href="https://www.amazon.com/dp/B0030UF6EW?tag=eloabder-20&linkCode=osi&th=1&psc=1">View Product</a></div><div class="product"><a href="https://www.amazon.com/dp/B0013DIZL4?tag=eloabder-20&linkCode=osi&th=1&psc=1"><img src="https://m.media-amazon.com/images/I/31bPmcqX7+L._SL500_.jpg" alt="Product Image"></a><p>Lubriderm Intense Dry Skin Repair Lotion + Pro-Ceramide with Vitamin E & Minerals Helps to Repair Rough, Dry Skin, Fast Absorbing Lotion is Fragrance-Free and Non-Greasy, 16 fl. oz</p><p> -27% 0FF </p><p>$8.99 ($0.56 / Fl Oz)</p><a href="https://www.amazon.com/dp/B0013DIZL4?tag=eloabder-20&linkCode=osi&th=1&psc=1">View Product</a></div><div class="product"><a href="https://www.amazon.com/dp/B000056W71?tag=eloabder-20&linkCode=osi&th=1&psc=1"><img src="https://m.media-amazon.com/images/I/31sbZrzAC6L._SL500_.jpg" alt="Product Image"></a><p>Palmer's Cocoa Butter Formula Daily Skin Therapy Fragrance Free Lotion for Dry Skin, Unscented Body Lotion, Flip Cap Bottle, 8.5 Fl Oz</p><p> -34% 0FF </p><p>$4.58 ($0.54 / Fl Oz)</p><a href="https://www.amazon.com/dp/B000056W71?tag=eloabder-20&linkCode=osi&th=1&psc=1">View Product</a></div><div class="product"><a href="https://www.amazon.com/dp/B08RTKXZXF?tag=eloabder-20&linkCode=osi&th=1&psc=1"><img src="https://m.media-amazon.com/images/I/41pBq4jukUL._SL500_.jpg" alt="Product Image"></a><p>Mustela Hydra Bebe Body Lotion - Daily Moisturizing Baby Lotion with Natural Avocado, Jojoba & Sunflower Oil – 25.35 fl. oz.</p><p> -10% 0FF </p><p>$27.00 ($1.07 / Fl Oz)</p><a href="https://www.amazon.com/dp/B08RTKXZXF?tag=eloabder-20&linkCode=osi&th=1&psc=1">View Product</a></div><div class="product"><a href="https://www.amazon.com/dp/B00U2VQW72?tag=eloabder-20&linkCode=osi&th=1&psc=1"><img src="https://m.media-amazon.com/images/I/31nMuDcXtPL._SL500_.jpg" alt="Product Image"></a><p>Aveeno Baby Calming Comfort Moisturizing Body Lotion with Relaxing Lavender & Vanilla Scents, Non-Greasy Baby Lotion, Nourishing Prebiotic Oatmeal, Paraben- & Phthalate-Free, 18 fl. oz</p><p> -34% 0FF </p><p>$10.76 ($0.60 / Fl Oz)</p><a href="https://www.amazon.com/dp/B00U2VQW72?tag=eloabder-20&linkCode=osi&th=1&psc=1">View Product</a></div>
<div class="product"><a href="https://www.amazon.com/dp/B0BKPXLGVF?tag=eloabder-20&linkCode=osi&th=1&psc=1"><img src="https://m.media-amazon.com/images/I/41b6HbUXo2L._SL500_.jpg" alt="Product Image"></a><p>CottCare Baby Muslin Swaddle Blankets for Boys and Girls,4-Pack Breathable and Skin-Friendly,Wrap Soft Silky Cotton Muslin Swaddle Blankets/Atrovirens/Green/Apricot White/Grey…</p><p> -38% 0FF </p><p>$14.99</p><a href="https://www.amazon.com/dp/B0BKPXLGVF?tag=eloabder-20&linkCode=osi&th=1&psc=1">View Product</a></div><div class="product"><a href="https://www.amazon.com/dp/B098NY9KW8?tag=eloabder-20&linkCode=osi&th=1&psc=1"><img src="https://m.media-amazon.com/images/I/41k5gWkxQgL._SL500_.jpg" alt="Product Image"></a><p>Momcozy Muslin Swaddle Blankets, Swaddle Blanket for Baby Boys and Girls, 4-Pack Breathable and Skin-Friendly Baby Receiving Blankets Swaddle Wrap, Baby Essentials, Registry & Gift, 47 x 47 inches</p><p> -52% 0FF </p><p>$23.99</p><a href="https://www.amazon.com/dp/B098NY9KW8?tag=eloabder-20&linkCode=osi&th=1&psc=1">View Product</a></div><div class="product"><a href="https://www.amazon.com/dp/B0C6GP7NXF?tag=eloabder-20&linkCode=osi&th=1&psc=1"><img src="https://m.media-amazon.com/images/I/51vjlWRLQjL._SL500_.jpg" alt="Product Image"></a><p>Konssy 2 Pack Muslin Swaddle Blankets for Baby Boys Girls, Receiving Blanket Large 47 x 47 inches, Soft Breathable Muslin Baby Blanket for Unisex Newborn(Pink, Floral)</p><p> -27% 0FF </p><p>$19.79 ($9.90 / Count)</p><a href="https://www.amazon.com/dp/B0C6GP7NXF?tag=eloabder-20&linkCode=osi&th=1&psc=1">View Product</a></div><div class="product"><a href="https://www.amazon.com/dp/B07HP1TQRP?tag=eloabder-20&linkCode=osi&th=1&psc=1"><img src="https://m.media-amazon.com/images/I/51nniEP2D0L._SL500_.jpg" alt="Product Image"></a><p>upsimples Baby Swaddle Blanket Unisex Swaddle Wrap Soft Silky Muslin Swaddle Blankets Neutral Receiving Blanket for Boys and Girls, 47 x 47 inches, Set of 4 - Fox/Elephant/Giraffe/Dinosaur</p><p> -9% 0FF </p><p>$20.99</p><a href="https://www.amazon.com/dp/B07HP1TQRP?tag=eloabder-20&linkCode=osi&th=1&psc=1">View Product</a></div><div class="product"><a href="https://www.amazon.com/dp/B0CBCC4HWK?tag=eloabder-20&linkCode=osi&th=1&psc=1"><img src="https://m.media-amazon.com/images/I/41uQK7FlKmL._SL500_.jpg" alt="Product Image"></a><p>Lovely Care 12 Pack Muslin Burp Cloths 100% Cotton Muslin Cloths Large 20''x10'' Extra Soft and Absorbent Baby Burping Cloth - White</p><p> -40% 0FF </p><p>$11.39</p><a href="https://www.amazon.com/dp/B0CBCC4HWK?tag=eloabder-20&linkCode=osi&th=1&psc=1">View Product</a></div><div class="product"><a href="https://www.amazon.com/dp/B0BZNNBJTG?tag=eloabder-20&linkCode=osi&th=1&psc=1"><img src="https://m.media-amazon.com/images/I/41JvYM6RTaL._SL500_.jpg" alt="Product Image"></a><p>Konssy 3 Pack Muslin Swaddle Blankets for Unisex, Newborn Receiving Blanket, Large 47 x 47 inches, Soft Breathable Muslin Baby Swaddles for Boys & Girls</p><p> -15% 0FF </p><p>$27.99</p><a href="https://www.amazon.com/dp/B0BZNNBJTG?tag=eloabder-20&linkCode=osi&th=1&psc=1">View Product</a></div>
<div class="product"><a href="https://www.amazon.com/dp/B0C4LYH49V?tag=eloabder-20&linkCode=osi&th=1&psc=1"><img src="https://m.media-amazon.com/images/I/51FyQbJ2iQL._SL500_.jpg" alt="Product Image"></a><p>Comfy Cubs Muslin Swaddle Blankets Neutral Receiving Blanket Swaddling, Wrap for Boys and Girls, Baby Essentials, Registry & Gift (Sun, Rainbow, Rain, Doodle)</p><p> -38% 0FF </p><p>$24.99</p><a href="https://www.amazon.com/dp/B0C4LYH49V?tag=eloabder-20&linkCode=osi&th=1&psc=1">View Product</a></div>

<div class="product"><a href="https://www.amazon.com/dp/B00N9X4YZW?tag=eloabder-20&linkCode=osi&th=1&psc=1"><img src="https://m.media-amazon.com/images/I/51kDCJ8oQmL._SL500_.jpg" alt="Product Image"></a><p>Evenflo Feeding Classic Tinted Plastic Standard Neck Bottles for Baby, Infant and Newborn - Teal/Green/Blue, 8 Ounce (Pack of 12)</p><p> -31% 0FF </p><p>$9.69</p><a href="https://www.amazon.com/dp/B00N9X4YZW?tag=eloabder-20&linkCode=osi&th=1&psc=1">View Product</a></div><div class="product"><a href="https://www.amazon.com/dp/B07G4KBQJ7?tag=eloabder-20&linkCode=osi&th=1&psc=1"><img src="https://m.media-amazon.com/images/I/41WM4mOjQiL._SL500_.jpg" alt="Product Image"></a><p>Evenflo Feeding Classic Tinted Plastic Standard Neck Bottles for Baby, Infant and Newborn, Pink/Lavender/Teal, 8 Ounce (Pack of 12)</p><p> -27% 0FF </p><p>$10.19</p><a href="https://www.amazon.com/dp/B07G4KBQJ7?tag=eloabder-20&linkCode=osi&th=1&psc=1">View Product</a></div><div class="product"><a href="https://www.amazon.com/dp/B07MF2TDFX?tag=eloabder-20&linkCode=osi&th=1&psc=1"><img src="https://m.media-amazon.com/images/I/4145RcJ97wL._SL500_.jpg" alt="Product Image"></a><p>Dr. Brown's Natural Flow Anti-Colic Options+ Wide-Neck Baby Bottles 5 oz/150 mL,with Level 1 Slow Flow Nipple,4 Pack,0m+</p><p> -28% 0FF </p><p>$18.65</p><a href="https://www.amazon.com/dp/B07MF2TDFX?tag=eloabder-20&linkCode=osi&th=1&psc=1">View Product</a></div><div class="product"><a href="https://www.amazon.com/dp/B00H0DH2NS?tag=eloabder-20&linkCode=osi&th=1&psc=1"><img src="https://m.media-amazon.com/images/I/41-a1Bfp4SL._SL500_.jpg" alt="Product Image"></a><p>Lansinoh Anti-Colic Baby Bottles for Breastfeeding Babies, 5 Ounces, 3 Count, Includes 3 Slow Flow Nipples, Size S</p><p> -25% 0FF </p><p>$14.99</p><a href="https://www.amazon.com/dp/B00H0DH2NS?tag=eloabder-20&linkCode=osi&th=1&psc=1">View Product</a></div><div class="product"><a href="https://www.amazon.com/dp/B0CQKHXP29?tag=eloabder-20&linkCode=osi&th=1&psc=1"><img src="https://m.media-amazon.com/images/I/41+hLpQrzBL._SL500_.jpg" alt="Product Image"></a><p>Dr. Brown's Natural Flow Anti-Colic Options+ Narrow Baby Bottle, Squirrel & Goat, 8 oz/250 mL, with Level 1 Slow Flow Nipple, BPA Free, 0m+, 2-Pack</p><p> -32% 0FF </p><p>$9.51</p><a href="https://www.amazon.com/dp/B0CQKHXP29?tag=eloabder-20&linkCode=osi&th=1&psc=1">View Product</a></div>
<div class="product"><a href="https://www.amazon.com/dp/B01M99JN9D?tag=eloabder-20&linkCode=osi&th=1&psc=1"><img src="https://m.media-amazon.com/images/I/410e5yE979L._SL500_.jpg" alt="Product Image"></a><p>Evenflo Pivot Modular Travel System with LiteMax Infant Car Seat with Anti-Rebound Bar (Casual Gray)</p><p> -25% 0FF </p><p>$239.99</p><a href="https://www.amazon.com/dp/B01M99JN9D?tag=eloabder-20&linkCode=osi&th=1&psc=1">View Product</a></div><div class="product"><a href="https://www.amazon.com/dp/B08847QPWV?tag=eloabder-20&linkCode=osi&th=1&psc=1"><img src="https://m.media-amazon.com/images/I/41I9zGsqR2L._SL500_.jpg" alt="Product Image"></a><p>Graco SnugFit 35 Infant Car Seat with Simply Safe Adjust Harness System | Baby Car Seat with Anti Rebound Bar, Gotham</p><p> -12% 0FF </p><p>$149.99</p><a href="https://www.amazon.com/dp/B08847QPWV?tag=eloabder-20&linkCode=osi&th=1&psc=1">View Product</a></div>
<div class="product"><a href="https://www.amazon.com/dp/B07QR384N7?tag=eloabder-20&linkCode=osi&th=1&psc=1"><img src="https://m.media-amazon.com/images/I/41OL9ZbE23L._SL500_.jpg" alt="Product Image"></a><p>HIPHOP PANDA Hooded Towel - Rayon Made from Bamboo, Bath Towel with Bear Ears for Newborn, Babie, Toddler, Infant - Absorbent Large Baby Towel - Bear, 30 x 30 Inch</p><p> -23% 0FF </p><p>$9.99</p><a href="https://www.amazon.com/dp/B07QR384N7?tag=eloabder-20&linkCode=osi&th=1&psc=1">View Product</a></div><div class="product"><a href="https://www.amazon.com/dp/B07FR917ZR?tag=eloabder-20&linkCode=osi&th=1&psc=1"><img src="https://m.media-amazon.com/images/I/510lHFuV3kL._SL500_.jpg" alt="Product Image"></a><p>Burts Bees Baby Infant Hooded Towels Honey Bee Organic Cotton, Unisex Bath Essentials and Newborn Necessities, Soft Nursery Towel with Hood Set, 2-Pack Size 29 x 29 Inch</p><p> -52% 0FF </p><p>$12.99</p><a href="https://www.amazon.com/dp/B07FR917ZR?tag=eloabder-20&linkCode=osi&th=1&psc=1">View Product</a></div><div class="product"><a href="https://www.amazon.com/dp/B0D7QC1R35?tag=eloabder-20&linkCode=osi&th=1&psc=1"><img src="https://m.media-amazon.com/images/I/41xBXl8Eb7L._SL500_.jpg" alt="Product Image"></a><p>SWEET DOLPHIN Muslin Hooded Baby Bath Towels - 2 Pack 100% Cotton Towel for Babies, Infants, Toddlers - 32x32Inch - Highly Absorbent and Newborn Essential, Light Bean Paste</p><p> -30% 0FF </p><p>$13.99 ($7.00 / Count)</p><a href="https://www.amazon.com/dp/B0D7QC1R35?tag=eloabder-20&linkCode=osi&th=1&psc=1">View Product</a></div><div class="product"><a href="https://www.amazon.com/dp/B0CKXKR1RV?tag=eloabder-20&linkCode=osi&th=1&psc=1"><img src="https://m.media-amazon.com/images/I/41PjOK7YCBL._SL500_.jpg" alt="Product Image"></a><p>Momcozy Baby Hooded Towel, 2 Pack Baby Towel Set, Super Soft Bath Towel with Original Design, Shower Gifts for Infant, Toddler (28 X 28 Inch, Lemon Leaves)</p><p> -35% 0FF </p><p>$17.59</p><a href="https://www.amazon.com/dp/B0CKXKR1RV?tag=eloabder-20&linkCode=osi&th=1&psc=1">View Product</a></div><div class="product"><a href="https://www.amazon.com/dp/B08769M234?tag=eloabder-20&linkCode=osi&th=1&psc=1"><img src="https://m.media-amazon.com/images/I/41t1zWKFOHL._SL500_.jpg" alt="Product Image"></a><p>TBEZY Baby Hooded Towel with Unique Animal Design Ultra Soft Thick Cotton Bath Towel for Newborn (Bunny)</p><p> -33% 0FF </p><p>$19.95</p><a href="https://www.amazon.com/dp/B08769M234?tag=eloabder-20&linkCode=osi&th=1&psc=1">View Product</a></div><div class="product"><a href="https://www.amazon.com/dp/B0CKHKCKMR?tag=eloabder-20&linkCode=osi&th=1&psc=1"><img src="https://m.media-amazon.com/images/I/41ITcPzD0SL._SL500_.jpg" alt="Product Image"></a><p>Spotted Play 2 Pack Hooded Baby Towels - 100% Muslin Cotton for Newborns, Infants, Toddlers - Large 32x32Inch Size - Highly Absorbent and Essential for Newborn Care, Green and Grey</p><p> -20% 0FF </p><p>$15.99 ($8.00 / Count)</p><a href="https://www.amazon.com/dp/B0CKHKCKMR?tag=eloabder-20&linkCode=osi&th=1&psc=1">View Product</a></div><div class="product"><a href="https://www.amazon.com/dp/B0DKXZ4L7K?tag=eloabder-20&linkCode=osi&th=1&psc=1"><img src="https://m.media-amazon.com/images/I/41wOe2fiTGL._SL500_.jpg" alt="Product Image"></a><p>Blissful Diary Muslin Baby Hooded Towel, Soft and Absorbent Bath Towel for Newborn, Infant, Toddler, Unisex, 32″x32″ - Smart Bear</p><p> -23% 0FF </p><p>$9.99</p><a href="https://www.amazon.com/dp/B0DKXZ4L7K?tag=eloabder-20&linkCode=osi&th=1&psc=1">View Product</a></div>
<div class="product"><a href="https://www.amazon.com/dp/B0C7VRMHYY?tag=eloabder-20&linkCode=osi&th=1&psc=1"><img src="https://m.media-amazon.com/images/I/41XOT8oQMML._SL500_.jpg" alt="Product Image"></a><p>AirClub Bassinet Bedside Sleeper, Baby Crib for Newborn, Baby Bassinets Bedside Sleeper with 4 Auto-Lock & Adjustable Height, Breathable Mesh & Mattress, Bedside Bassinet</p><p> -33% 0FF </p><p>$99.89</p><a href="https://www.amazon.com/dp/B0C7VRMHYY?tag=eloabder-20&linkCode=osi&th=1&psc=1">View Product</a></div><div class="product"><a href="https://www.amazon.com/dp/B09X7G4QLM?tag=eloabder-20&linkCode=osi&th=1&psc=1"><img src="https://m.media-amazon.com/images/I/41-oivlhtPL._SL500_.jpg" alt="Product Image"></a><p>Fodoss Baby Bassinet Bedside Sleeper with Wheels and Storage Tray,4-Sided Mesh Bedside Bassinet for Infant/Newborn,7 Height Adjustable Easy Folding Bedside Crib</p><p> -29% 0FF </p><p>$100.00</p><a href="https://www.amazon.com/dp/B09X7G4QLM?tag=eloabder-20&linkCode=osi&th=1&psc=1">View Product</a></div><div class="product"><a href="https://www.amazon.com/dp/B0C2HT7H5L?tag=eloabder-20&linkCode=osi&th=1&psc=1"><img src="https://m.media-amazon.com/images/I/410dnVeB0HL._SL500_.jpg" alt="Product Image"></a><p>YADAQE Baby Bassinet, Baby Basinet Bedside Sleeper, Easy to Fold Portable Crib Side Bassinet 2024new Style Girl/boy bassinets (Dark Gray)</p><p> -21% 0FF </p><p>$109.99</p><a href="https://www.amazon.com/dp/B0C2HT7H5L?tag=eloabder-20&linkCode=osi&th=1&psc=1">View Product</a></div><div class="product"><a href="https://www.amazon.com/dp/B0CTKT6641?tag=eloabder-20&linkCode=osi&th=1&psc=1"><img src="https://m.media-amazon.com/images/I/31pNKDUBgDL._SL500_.jpg" alt="Product Image"></a><p>Baby Delight Beside Me Dreamer Bassinet | Bedside Sleeper & Baby Bassinet | 6-Position Height Adjustment | 100% GOTS Certified Organic Cotton Fabric | Organic Mocha</p><p> -31% 0FF </p><p>$123.99</p><a href="https://www.amazon.com/dp/B0CTKT6641?tag=eloabder-20&linkCode=osi&th=1&psc=1">View Product</a></div><div class="product"><a href="https://www.amazon.com/dp/B07964SFW4?tag=eloabder-20&linkCode=osi&th=1&psc=1"><img src="https://m.media-amazon.com/images/I/415S7evTplL._SL500_.jpg" alt="Product Image"></a><p>Baby Trend Lil' Snooze Deluxe II Nursery Center, Twinkle Twinkle Little Moon</p><p> -15% 0FF </p><p>$84.99</p><a href="https://www.amazon.com/dp/B07964SFW4?tag=eloabder-20&linkCode=osi&th=1&psc=1">View Product</a></div><div class="product"><a href="https://www.amazon.com/dp/B08VKXMD2M?tag=eloabder-20&linkCode=osi&th=1&psc=1"><img src="https://m.media-amazon.com/images/I/41WSBkbK-DL._SL500_.jpg" alt="Product Image"></a><p>Delta Children Sweet Dreams Bassinet with Airflow Mesh Bedside Portable Crib with Vibration Lights and Music, Grey Infinity</p><p> -29% 0FF </p><p>$59.99</p><a href="https://www.amazon.com/dp/B08VKXMD2M?tag=eloabder-20&linkCode=osi&th=1&psc=1">View Product</a></div>

<div class="product"><a href="https://www.amazon.com/dp/B01M5JGO6D?tag=eloabder-20&linkCode=osi&th=1&psc=1"><img src="https://m.media-amazon.com/images/I/41hyrAKcBVL._SL500_.jpg" alt="Product Image"></a><p>Simple Joys by Carter's Baby 6-Piece Bodysuits (Short and Long Sleeve) and Pants Set, Grey/Mint Green/Elephant/Lamb, 0-3 Months</p><p> -5% 0FF </p><p>$23.30</p><a href="https://www.amazon.com/dp/B01M5JGO6D?tag=eloabder-20&linkCode=osi&th=1&psc=1">View Product</a></div><div class="product"><a href="https://www.amazon.com/dp/B07GFNVLS2?tag=eloabder-20&linkCode=osi&th=1&psc=1"><img src="https://m.media-amazon.com/images/I/31T-p4V5gsL._SL500_.jpg" alt="Product Image"></a><p>Gerber Unisex Baby Multi-Pack Long-Sleeve Onesies Bodysuit Mitten Cuff Sizes 6-Pack Mitten Cuff 0-3 Months</p><p> -12% 0FF </p><p>$15.81</p><a href="https://www.amazon.com/dp/B07GFNVLS2?tag=eloabder-20&linkCode=osi&th=1&psc=1">View Product</a></div><div class="product"><a href="https://www.amazon.com/dp/B08RHXJ4RN?tag=eloabder-20&linkCode=osi&th=1&psc=1"><img src="https://m.media-amazon.com/images/I/417BQ0zgHdL._SL500_.jpg" alt="Product Image"></a><p>AMAWMW Newborn Baby Girl Little Sister Sleeper Gown Stripe Long Sleeve Nightgown Pajamas Gifts Stuff Essential Outfit</p><p> -35% 0FF </p><p>$13.59</p><a href="https://www.amazon.com/dp/B08RHXJ4RN?tag=eloabder-20&linkCode=osi&th=1&psc=1">View Product</a></div>
<div class="product"><a href="https://www.amazon.com/dp/B07XP17LFJ?tag=eloabder-20&linkCode=osi&th=1&psc=1"><img src="https://m.media-amazon.com/images/I/51lB8BV82CL._SL500_.jpg" alt="Product Image"></a><p>DADA-TECH Toddler Electric Toothbrush Kids Age 1-2-3 Years Old, Baby Electric Toothbrush with LED Light 2 Minutes Timer 4 Vibrating Heads for Infants Toothbrush 6 to 12 Months and Up (Blue)</p><p> -24% 0FF </p><p>$15.99</p><a href="https://www.amazon.com/dp/B07XP17LFJ?tag=eloabder-20&linkCode=osi&th=1&psc=1">View Product</a></div><div class="product"><a href="https://www.amazon.com/dp/B0CQKSQ8RX?tag=eloabder-20&linkCode=osi&th=1&psc=1"><img src="https://m.media-amazon.com/images/I/314uxBY6cwL._SL500_.jpg" alt="Product Image"></a><p>PandaEar 2 Pack Baby Toothbrush, Silicone Double-Sided Oral Care Teether Brush for Infant 6 to 12 Months, Easy to Hold -Green & Red</p><p> -14% 0FF </p><p>$5.95 ($2.98 / Count)</p><a href="https://www.amazon.com/dp/B0CQKSQ8RX?tag=eloabder-20&linkCode=osi&th=1&psc=1">View Product</a></div>
<div class="product"><a href="https://www.amazon.com/dp/B00JHKTDQG?tag=eloabder-20&linkCode=osi&th=1&psc=1"><img src="https://m.media-amazon.com/images/I/41u2OOs0uOL._SL500_.jpg" alt="Product Image"></a><p>Safety 1st Plug Protectors, 36 Count</p><p> -22% 0FF </p><p>$3.49</p><a href="https://www.amazon.com/dp/B00JHKTDQG?tag=eloabder-20&linkCode=osi&th=1&psc=1">View Product</a></div><div class="product"><a href="https://www.amazon.com/dp/B00NO030NC?tag=eloabder-20&linkCode=osi&th=1&psc=1"><img src="https://m.media-amazon.com/images/I/2172z++GGHL._SL500_.jpg" alt="Product Image"></a><p>Power Gear 51175 Safety Plastic Outlet Covers, 30 Pack, Clear</p><p> -21% 0FF </p><p>$4.75</p><a href="https://www.amazon.com/dp/B00NO030NC?tag=eloabder-20&linkCode=osi&th=1&psc=1">View Product</a></div><div class="product"><a href="https://www.amazon.com/dp/B000HKVG9C?tag=eloabder-20&linkCode=osi&th=1&psc=1"><img src="https://m.media-amazon.com/images/I/41RdFKMVyCL._SL500_.jpg" alt="Product Image"></a><p>Safety 1st Outlet Cover with Cord Shortener for Baby Proofing</p><p> -9% 0FF </p><p>$4.99</p><a href="https://www.amazon.com/dp/B000HKVG9C?tag=eloabder-20&linkCode=osi&th=1&psc=1">View Product</a></div>
<div class="product"><a href="https://www.amazon.com/dp/B07TKB5SWG?tag=eloabder-20&linkCode=osi&th=1&psc=1"><img src="https://m.media-amazon.com/images/I/41g6kosVb2L._SL500_.jpg" alt="Product Image"></a><p>SMART ELF Car Seat Protector, 2Pack Seat Protector Protect Child Seats with Thickest Padding and Non-Slip Backing Mesh Pockets for Baby and Pet,Sedan SUV Truck (Black)</p><p> -29% 0FF </p><p>$24.69</p><a href="https://www.amazon.com/dp/B07TKB5SWG?tag=eloabder-20&linkCode=osi&th=1&psc=1">View Product</a></div><div class="product"><a href="https://www.amazon.com/dp/B096PGXGB4?tag=eloabder-20&linkCode=osi&th=1&psc=1"><img src="https://m.media-amazon.com/images/I/31Y4e9zhROS._SL500_.jpg" alt="Product Image"></a><p>XHYANG Car Seat Protector 1 Pack Car Seat Cushion Mat Thickest Padding,Waterproof 600D Fabric Car Seat Covers for Non-Slip Backing Mesh Pockets for Baby and Pet (1 Seat Protector)</p><p> -20% 0FF </p><p>$18.95</p><a href="https://www.amazon.com/dp/B096PGXGB4?tag=eloabder-20&linkCode=osi&th=1&psc=1">View Product</a></div><div class="product"><a href="https://www.amazon.com/dp/B00B7M7BKW?tag=eloabder-20&linkCode=osi&th=1&psc=1"><img src="https://m.media-amazon.com/images/I/31tGjWPadJL._SL500_.jpg" alt="Product Image"></a><p>Brica Elite Seat Guardian Car Seat Protector (1 Count Elite)</p><p> -23% 0FF </p><p>$29.97</p><a href="https://www.amazon.com/dp/B00B7M7BKW?tag=eloabder-20&linkCode=osi&th=1&psc=1">View Product</a></div><div class="product"><a href="https://www.amazon.com/dp/B09W2G8VMX?tag=eloabder-20&linkCode=osi&th=1&psc=1"><img src="https://m.media-amazon.com/images/I/31z9w8W7+YL._SL500_.jpg" alt="Product Image"></a><p>Siivton Car Seat Protector for Child Car Seat,Waterproof Car Seat Cover for Leather and Fabric Seats, 2 Mesh Pockets, Non-Slip Bottom,Thick Padding Cushion (Black)</p><p> -13% 0FF </p><p>$12.99</p><a href="https://www.amazon.com/dp/B09W2G8VMX?tag=eloabder-20&linkCode=osi&th=1&psc=1">View Product</a></div><div class="product"><a href="https://www.amazon.com/dp/B07JBQBVL6?tag=eloabder-20&linkCode=osi&th=1&psc=1"><img src="https://m.media-amazon.com/images/I/31PZj+OEfjL._SL500_.jpg" alt="Product Image"></a><p>Car Seat Protector for Baby Child Car Seats, Shynerk Auto Seat Cover Mat for Under Carseat to Protect Automotive Vehicle Leather and Cloth Upholstery - Waterproof and Dirt Resistant</p><p> -33% 0FF </p><p>$19.99</p><a href="https://www.amazon.com/dp/B07JBQBVL6?tag=eloabder-20&linkCode=osi&th=1&psc=1">View Product</a></div><div class="product"><a href="https://www.amazon.com/dp/B08XPXDCY1?tag=eloabder-20&linkCode=osi&th=1&psc=1"><img src="https://m.media-amazon.com/images/I/31y3e3zE1sL._SL500_.jpg" alt="Product Image"></a><p>Car Seat Protector, [1 Pack] Large Auto Car Seat Protectors for Child Seats with Thickest Padding and Non-Slip Backing Mesh Pockets for SUV, Sedan, Truck, Leather and Fabric Car Seat - Black</p><p> -11% 0FF </p><p>$16.99</p><a href="https://www.amazon.com/dp/B08XPXDCY1?tag=eloabder-20&linkCode=osi&th=1&psc=1">View Product</a></div>
<div class="product"><a href="https://www.amazon.com/dp/B073YBXTD2?tag=eloabder-20&linkCode=osi&th=1&psc=1"><img src="https://m.media-amazon.com/images/I/41JMjruimBL._SL500_.jpg" alt="Product Image"></a><p>Delta Children Infant Changing Table with Pad, Grey</p><p> -27% 0FF </p><p>$87.32</p><a href="https://www.amazon.com/dp/B073YBXTD2?tag=eloabder-20&linkCode=osi&th=1&psc=1">View Product</a></div><div class="product"><a href="https://www.amazon.com/dp/B0CXCDRT4B?tag=eloabder-20&linkCode=osi&th=1&psc=1"><img src="https://m.media-amazon.com/images/I/41vP79VQ+KL._SL500_.jpg" alt="Product Image"></a><p>Storkcraft Pasadena Changing Table with Water-Resistant Changing Pad (Driftwood) - GREENGUARD Gold Certified, Includes Bonus Water-Resistant Changing Pad with Safety Strap, 2 Open Shelves</p><p> -25% 0FF </p><p>$67.89</p><a href="https://www.amazon.com/dp/B0CXCDRT4B?tag=eloabder-20&linkCode=osi&th=1&psc=1">View Product</a></div><div class="product"><a href="https://www.amazon.com/dp/B0D3BPZ77F?tag=eloabder-20&linkCode=osi&th=1&psc=1"><img src="https://m.media-amazon.com/images/I/41-+eE90DeL._SL500_.jpg" alt="Product Image"></a><p>Saryocy Baby Changing Table, Versatile Folding Changing Table, Waterproof Diaper Changing Station, Adjustable Height with 2 Drawers,Baby Changing Station, Mobile Nursery for Infant and Newborn</p><p> -36% 0FF </p><p>$127.97</p><a href="https://www.amazon.com/dp/B0D3BPZ77F?tag=eloabder-20&linkCode=osi&th=1&psc=1">View Product</a></div><div class="product"><a href="https://www.amazon.com/dp/B004FURIAG?tag=eloabder-20&linkCode=osi&th=1&psc=1"><img src="https://m.media-amazon.com/images/I/31hZwey9xYS._SL500_.jpg" alt="Product Image"></a><p>Delta Children Eclipse Changing Table with Changing Pad, White</p><p> -25% 0FF </p><p>$105.12</p><a href="https://www.amazon.com/dp/B004FURIAG?tag=eloabder-20&linkCode=osi&th=1&psc=1">View Product</a></div><div class="product"><a href="https://www.amazon.com/dp/B0C84T7QFD?tag=eloabder-20&linkCode=osi&th=1&psc=1"><img src="https://m.media-amazon.com/images/I/41Kjm6caAKL._SL500_.jpg" alt="Product Image"></a><p>BabyBond Portable Baby Changing Table with 2 Storage Baskets, Foldable Changing Table Dresser Waterproof Diaper Changing Table Height Adjustable Changing Station for Infant and Newborn(Grey)</p><p> -10% 0FF </p><p>$143.99</p><a href="https://www.amazon.com/dp/B0C84T7QFD?tag=eloabder-20&linkCode=osi&th=1&psc=1">View Product</a></div><div class="product"><a href="https://www.amazon.com/dp/B08HMJCHCT?tag=eloabder-20&linkCode=osi&th=1&psc=1"><img src="https://m.media-amazon.com/images/I/31aqc05wT6L._SL500_.jpg" alt="Product Image"></a><p>Storkcraft Brookside 2 Drawer Changing Table Dresser (Pebble Gray) – GREENGUARD Gold Certified, Easy-to-Match Chest of Drawers and Cubbies for Nursery and Kids Bedroom, Includes Changing Table Topper</p><p> -31% 0FF </p><p>$151.99</p><a href="https://www.amazon.com/dp/B08HMJCHCT?tag=eloabder-20&linkCode=osi&th=1&psc=1">View Product</a></div>
<div class="product"><a href="https://www.amazon.com/dp/B09WMCNNQY?tag=eloabder-20&linkCode=osi&th=1&psc=1"><img src="https://m.media-amazon.com/images/I/31uqVf+rn9L._SL500_.jpg" alt="Product Image"></a><p>Baby Blanket for Boys and Girls, Soft Cozy Blankets for Kids, Toddler Comforter Quilted with Grey Star Print, Ultra Soft and Comfortable Baby Comforter Down Alternative Crib Comforter, 39x47 Inches</p><p> -19% 0FF </p><p>$12.99</p><a href="https://www.amazon.com/dp/B09WMCNNQY?tag=eloabder-20&linkCode=osi&th=1&psc=1">View Product</a></div><div class="product"><a href="https://www.amazon.com/dp/B00MYL8186?tag=eloabder-20&linkCode=osi&th=1&psc=1"><img src="https://m.media-amazon.com/images/I/41Ap1mz-w0L._SL500_.jpg" alt="Product Image"></a><p>Wildkin Kids 100% Cotton Toddler Comforter for Boys and Girls, Measures 58 X 42 Inches Comforter for Kids, Includes One Comforter Fits Standard Crib Mattress (Dinosaur Land)</p><p> -25% 0FF </p><p>$59.99</p><a href="https://www.amazon.com/dp/B00MYL8186?tag=eloabder-20&linkCode=osi&th=1&psc=1">View Product</a></div>
<div class="product"><a href="https://www.amazon.com/dp/B08NYPPQ85?tag=eloabder-20&linkCode=osi&th=1&psc=1"><img src="https://m.media-amazon.com/images/I/41df5sSCr6L._SL500_.jpg" alt="Product Image"></a><p>Frida Baby Thermometer, 3-in-1 Infrared Thermometer for Ear, Forehead & Touchless, FSA/ HSA Eligible Fever Thermometer for Baby, Infants ,Toddlers, Kids & Adults</p><p> -10% 0FF </p><p>$35.99</p><a href="https://www.amazon.com/dp/B08NYPPQ85?tag=eloabder-20&linkCode=osi&th=1&psc=1">View Product</a></div><div class="product"><a href="https://www.amazon.com/dp/B0D7Z4S63C?tag=eloabder-20&linkCode=osi&th=1&psc=1"><img src="https://m.media-amazon.com/images/I/31a3VmwGjYL._SL500_.jpg" alt="Product Image"></a><p>Berrcom 3 in 1 Forehead and Ear Thermometer Indoors Non-Contact Backlight Body Object Temperature Checking Sensor Touchless Digital Thermometer with Fever Alert</p><p> -9% 0FF </p><p>$20.93</p><a href="https://www.amazon.com/dp/B0D7Z4S63C?tag=eloabder-20&linkCode=osi&th=1&psc=1">View Product</a></div><div class="product"><a href="https://www.amazon.com/dp/B07YYMBVVC?tag=eloabder-20&linkCode=osi&th=1&psc=1"><img src="https://m.media-amazon.com/images/I/41eqvQ9sQ-L._SL500_.jpg" alt="Product Image"></a><p>Alcedo Forehead and Ear Thermometer for Adults, Kids, and Baby | Digital Infrared Thermometer for Fever | Touchless, Instant Read, Medical Grade | Pouch and Batteries Included</p><p> -17% 0FF </p><p>$24.95</p><a href="https://www.amazon.com/dp/B07YYMBVVC?tag=eloabder-20&linkCode=osi&th=1&psc=1">View Product</a></div><div class="product"><a href="https://www.amazon.com/dp/B0CS996Y44?tag=eloabder-20&linkCode=osi&th=1&psc=1"><img src="https://m.media-amazon.com/images/I/313CKK7VpUL._SL500_.jpg" alt="Product Image"></a><p>COOCEER Digital Thermometer for Adults and Kids: Accurate Ear and Forehead Temperature Readings - Fever Alarm - Touchless Ideal for Babies Toddlers Infants Sensiors - Large LED Display - Home Use</p><p> -32% 0FF </p><p>$12.99</p><a href="https://www.amazon.com/dp/B0CS996Y44?tag=eloabder-20&linkCode=osi&th=1&psc=1">View Product</a></div>
<div class="product"><a href="https://www.amazon.com/dp/B00DG8F02Q?tag=eloabder-20&linkCode=osi&th=1&psc=1"><img src="https://m.media-amazon.com/images/I/317Ve37DL7L._SL500_.jpg" alt="Product Image"></a><p>NIVEA Shea Nourish Body Lotion, Dry Skin Lotion with Shea Butter, Moisturizing Lotion for Dry Skin, 16.9 Fl Oz Pump Bottle</p><p> -22% 0FF </p><p>$6.24 ($0.37 / Fl Oz)</p><a href="https://www.amazon.com/dp/B00DG8F02Q?tag=eloabder-20&linkCode=osi&th=1&psc=1">View Product</a></div><div class="product"><a href="https://www.amazon.com/dp/B07DGKXBD7?tag=eloabder-20&linkCode=osi&th=1&psc=1"><img src="https://m.media-amazon.com/images/I/31FyDL3570L._SL500_.jpg" alt="Product Image"></a><p>Johnson's Moisturizing Mild Pink Baby Lotion with Coconut Oil for Delicate Baby Skin, Paraben-, Phthalate- & Dye-Free, Hypoallergenic & Dermatologist-Tested, Baby Skin Care, 27.1 Fl. Oz</p><p> -28% 0FF </p><p>$7.68 ($0.28 / Fl Oz)</p><a href="https://www.amazon.com/dp/B07DGKXBD7?tag=eloabder-20&linkCode=osi&th=1&psc=1">View Product</a></div><div class="product"><a href="https://www.amazon.com/dp/B0030UF6EW?tag=eloabder-20&linkCode=osi&th=1&psc=1"><img src="https://m.media-amazon.com/images/I/31RKFp5lxLL._SL500_.jpg" alt="Product Image"></a><p>Aveeno Baby Daily Moisture Body Lotion for Sensitive Skin, Hypoallergenic Moisturizing Baby Lotion with Nourishing Oatmeal to Deeply Moisturize Baby's Skin, Fragrance-Free, 18 fl. oz</p><p> -25% 0FF </p><p>$12.28</p><a href="https://www.amazon.com/dp/B0030UF6EW?tag=eloabder-20&linkCode=osi&th=1&psc=1">View Product</a></div><div class="product"><a href="https://www.amazon.com/dp/B0013DIZL4?tag=eloabder-20&linkCode=osi&th=1&psc=1"><img src="https://m.media-amazon.com/images/I/31bPmcqX7+L._SL500_.jpg" alt="Product Image"></a><p>Lubriderm Intense Dry Skin Repair Lotion + Pro-Ceramide with Vitamin E & Minerals Helps to Repair Rough, Dry Skin, Fast Absorbing Lotion is Fragrance-Free and Non-Greasy, 16 fl. oz</p><p> -27% 0FF </p><p>$8.99 ($0.56 / Fl Oz)</p><a href="https://www.amazon.com/dp/B0013DIZL4?tag=eloabder-20&linkCode=osi&th=1&psc=1">View Product</a></div><div class="product"><a href="https://www.amazon.com/dp/B000056W71?tag=eloabder-20&linkCode=osi&th=1&psc=1"><img src="https://m.media-amazon.com/images/I/31sbZrzAC6L._SL500_.jpg" alt="Product Image"></a><p>Palmer's Cocoa Butter Formula Daily Skin Therapy Fragrance Free Lotion for Dry Skin, Unscented Body Lotion, Flip Cap Bottle, 8.5 Fl Oz</p><p> -34% 0FF </p><p>$4.58 ($0.54 / Fl Oz)</p><a href="https://www.amazon.com/dp/B000056W71?tag=eloabder-20&linkCode=osi&th=1&psc=1">View Product</a></div><div class="product"><a href="https://www.amazon.com/dp/B08RTKXZXF?tag=eloabder-20&linkCode=osi&th=1&psc=1"><img src="https://m.media-amazon.com/images/I/41pBq4jukUL._SL500_.jpg" alt="Product Image"></a><p>Mustela Hydra Bebe Body Lotion - Daily Moisturizing Baby Lotion with Natural Avocado, Jojoba & Sunflower Oil – 25.35 fl. oz.</p><p> -10% 0FF </p><p>$27.00 ($1.07 / Fl Oz)</p><a href="https://www.amazon.com/dp/B08RTKXZXF?tag=eloabder-20&linkCode=osi&th=1&psc=1">View Product</a></div><div class="product"><a href="https://www.amazon.com/dp/B00U2VQW72?tag=eloabder-20&linkCode=osi&th=1&psc=1"><img src="https://m.media-amazon.com/images/I/31nMuDcXtPL._SL500_.jpg" alt="Product Image"></a><p>Aveeno Baby Calming Comfort Moisturizing Body Lotion with Relaxing Lavender & Vanilla Scents, Non-Greasy Baby Lotion, Nourishing Prebiotic Oatmeal, Paraben- & Phthalate-Free, 18 fl. oz</p><p> -34% 0FF </p><p>$10.76 ($0.60 / Fl Oz)</p><a href="https://www.amazon.com/dp/B00U2VQW72?tag=eloabder-20&linkCode=osi&th=1&psc=1">View Product</a></div>
<div class="product"><a href="https://www.amazon.com/dp/B0BKPXLGVF?tag=eloabder-20&linkCode=osi&th=1&psc=1"><img src="https://m.media-amazon.com/images/I/41b6HbUXo2L._SL500_.jpg" alt="Product Image"></a><p>CottCare Baby Muslin Swaddle Blankets for Boys and Girls,4-Pack Breathable and Skin-Friendly,Wrap Soft Silky Cotton Muslin Swaddle Blankets/Atrovirens/Green/Apricot White/Grey…</p><p> -38% 0FF </p><p>$14.99</p><a href="https://www.amazon.com/dp/B0BKPXLGVF?tag=eloabder-20&linkCode=osi&th=1&psc=1">View Product</a></div><div class="product"><a href="https://www.amazon.com/dp/B098NY9KW8?tag=eloabder-20&linkCode=osi&th=1&psc=1"><img src="https://m.media-amazon.com/images/I/41k5gWkxQgL._SL500_.jpg" alt="Product Image"></a><p>Momcozy Muslin Swaddle Blankets, Swaddle Blanket for Baby Boys and Girls, 4-Pack Breathable and Skin-Friendly Baby Receiving Blankets Swaddle Wrap, Baby Essentials, Registry & Gift, 47 x 47 inches</p><p> -52% 0FF </p><p>$23.99</p><a href="https://www.amazon.com/dp/B098NY9KW8?tag=eloabder-20&linkCode=osi&th=1&psc=1">View Product</a></div><div class="product"><a href="https://www.amazon.com/dp/B0C6GP7NXF?tag=eloabder-20&linkCode=osi&th=1&psc=1"><img src="https://m.media-amazon.com/images/I/51vjlWRLQjL._SL500_.jpg" alt="Product Image"></a><p>Konssy 2 Pack Muslin Swaddle Blankets for Baby Boys Girls, Receiving Blanket Large 47 x 47 inches, Soft Breathable Muslin Baby Blanket for Unisex Newborn(Pink, Floral)</p><p> -27% 0FF </p><p>$19.79 ($9.90 / Count)</p><a href="https://www.amazon.com/dp/B0C6GP7NXF?tag=eloabder-20&linkCode=osi&th=1&psc=1">View Product</a></div><div class="product"><a href="https://www.amazon.com/dp/B07HP1TQRP?tag=eloabder-20&linkCode=osi&th=1&psc=1"><img src="https://m.media-amazon.com/images/I/51nniEP2D0L._SL500_.jpg" alt="Product Image"></a><p>upsimples Baby Swaddle Blanket Unisex Swaddle Wrap Soft Silky Muslin Swaddle Blankets Neutral Receiving Blanket for Boys and Girls, 47 x 47 inches, Set of 4 - Fox/Elephant/Giraffe/Dinosaur</p><p> -9% 0FF </p><p>$20.99</p><a href="https://www.amazon.com/dp/B07HP1TQRP?tag=eloabder-20&linkCode=osi&th=1&psc=1">View Product</a></div><div class="product"><a href="https://www.amazon.com/dp/B0CBCC4HWK?tag=eloabder-20&linkCode=osi&th=1&psc=1"><img src="https://m.media-amazon.com/images/I/41uQK7FlKmL._SL500_.jpg" alt="Product Image"></a><p>Lovely Care 12 Pack Muslin Burp Cloths 100% Cotton Muslin Cloths Large 20''x10'' Extra Soft and Absorbent Baby Burping Cloth - White</p><p> -40% 0FF </p><p>$11.39</p><a href="https://www.amazon.com/dp/B0CBCC4HWK?tag=eloabder-20&linkCode=osi&th=1&psc=1">View Product</a></div><div class="product"><a href="https://www.amazon.com/dp/B0BZNNBJTG?tag=eloabder-20&linkCode=osi&th=1&psc=1"><img src="https://m.media-amazon.com/images/I/41JvYM6RTaL._SL500_.jpg" alt="Product Image"></a><p>Konssy 3 Pack Muslin Swaddle Blankets for Unisex, Newborn Receiving Blanket, Large 47 x 47 inches, Soft Breathable Muslin Baby Swaddles for Boys & Girls</p><p> -15% 0FF </p><p>$27.99</p><a href="https://www.amazon.com/dp/B0BZNNBJTG?tag=eloabder-20&linkCode=osi&th=1&psc=1">View Product</a></div>
<div class="product"><a href="https://www.amazon.com/dp/B0C4LYH49V?tag=eloabder-20&linkCode=osi&th=1&psc=1"><img src="https://m.media-amazon.com/images/I/51FyQbJ2iQL._SL500_.jpg" alt="Product Image"></a><p>Comfy Cubs Muslin Swaddle Blankets Neutral Receiving Blanket Swaddling, Wrap for Boys and Girls, Baby Essentials, Registry & Gift (Sun, Rainbow, Rain, Doodle)</p><p> -38% 0FF </p><p>$24.99</p><a href="https://www.amazon.com/dp/B0C4LYH49V?tag=eloabder-20&linkCode=osi&th=1&psc=1">View Product</a></div>
<div class="product"><a href="https://www.amazon.com/dp/B005MI648C?tag=eloabder-20&linkCode=osi&th=1&psc=1"><img src="https://m.media-amazon.com/images/I/41IsNMYojbL._SL500_.jpg" alt="Product Image"></a><p>Lansinoh Lanolin Nipple Cream Safe for Breastfeeding Baby, 100% Natural Nipple Butter for Mom, Breastfeeding Essentials, 1.41 Ounces</p><p> -17% 0FF </p><p>$8.99 ($6.38 / Ounce)</p><a href="https://www.amazon.com/dp/B005MI648C?tag=eloabder-20&linkCode=osi&th=1&psc=1">View Product</a></div><div class="product"><a href="https://www.amazon.com/dp/B000JVCBBG?tag=eloabder-20&linkCode=osi&th=1&psc=1"><img src="https://m.media-amazon.com/images/I/41TljzHSgHL._SL500_.jpg" alt="Product Image"></a><p>Earth Mama Organic Nipple Butter™ | Nipple Cream Safe for Breastfeeding | Postpartum Essentials for Nursing | Non Lanolin Nipple Cream, 2-Fluid Ounce</p><p> -7% 0FF </p><p>$13.99 ($7.00 / Fl Oz)</p><a href="https://www.amazon.com/dp/B000JVCBBG?tag=eloabder-20&linkCode=osi&th=1&psc=1">View Product</a></div><div class="product"><a href="https://www.amazon.com/dp/B07X53WM1H?tag=eloabder-20&linkCode=osi&th=1&psc=1"><img src="https://m.media-amazon.com/images/I/41sh4NHSA1L._SL500_.jpg" alt="Product Image"></a><p>Lansinoh Organic Nipple Butter, Nipple Cream Safe for Breastfeeding Baby, Postpartum Essentials for Mom, 2 Ounces</p><p> -37% 0FF </p><p>$9.39</p><a href="https://www.amazon.com/dp/B07X53WM1H?tag=eloabder-20&linkCode=osi&th=1&psc=1">View Product</a></div><div class="product"><a href="https://www.amazon.com/dp/B08L68WR4B?tag=eloabder-20&linkCode=osi&th=1&psc=1"><img src="https://m.media-amazon.com/images/I/41qRTIl9vqL._SL500_.jpg" alt="Product Image"></a><p>Medela Purelan Lanolin, Safe for Breastfeeding Baby, 100% Natural Nipple Cream, Single Ingredient, Soothing Protection for Nursing Moms, 1.3 Ounce</p><p> -19% 0FF </p><p>$8.39</p><a href="https://www.amazon.com/dp/B08L68WR4B?tag=eloabder-20&linkCode=osi&th=1&psc=1">View Product</a></div><div class="product"><a href="https://www.amazon.com/dp/B08PXP59L6?tag=eloabder-20&linkCode=osi&th=1&psc=1"><img src="https://m.media-amazon.com/images/I/31IW7nwLECL._SL500_.jpg" alt="Product Image"></a><p>The Honest Company Honest Mama Calm Your Nip Balm | Nourishing + Soothing Nipple Cream for Nursing | Naturally Derived + Safe for Sensitive Skin | 1.75 fl oz</p><p> -33% 0FF </p><p>$9.99 ($5.71 / Fl Oz)</p><a href="https://www.amazon.com/dp/B08PXP59L6?tag=eloabder-20&linkCode=osi&th=1&psc=1">View Product</a></div><div class="product"><a href="https://www.amazon.com/dp/B006YTX0HQ?tag=eloabder-20&linkCode=osi&th=1&psc=1"><img src="https://m.media-amazon.com/images/I/41WJwvRm5aL._SL500_.jpg" alt="Product Image"></a><p>Burt's Bees Baby 100% Natural Multipurpose Healing Ointment, Face & Body Baby Ointment – 7.5 Ounce Tub</p><p> -16% 0FF </p><p>$7.59 ($1.01 / Ounce)</p><a href="https://www.amazon.com/dp/B006YTX0HQ?tag=eloabder-20&linkCode=osi&th=1&psc=1">View Product</a></div>

<div class="product"><a href="https://www.amazon.com/dp/B01M5JGO6D?tag=eloabder-20&linkCode=osi&th=1&psc=1"><img src="https://m.media-amazon.com/images/I/41hyrAKcBVL._SL500_.jpg" alt="Product Image"></a><p>Simple Joys by Carter's Baby 6-Piece Bodysuits (Short and Long Sleeve) and Pants Set, Grey/Mint Green/Elephant/Lamb, 0-3 Months</p><p> -5% 0FF </p><p>$23.30</p><a href="https://www.amazon.com/dp/B01M5JGO6D?tag=eloabder-20&linkCode=osi&th=1&psc=1">View Product</a></div><div class="product"><a href="https://www.amazon.com/dp/B07GFNVLS2?tag=eloabder-20&linkCode=osi&th=1&psc=1"><img src="https://m.media-amazon.com/images/I/31T-p4V5gsL._SL500_.jpg" alt="Product Image"></a><p>Gerber Unisex Baby Multi-Pack Long-Sleeve Onesies Bodysuit Mitten Cuff Sizes 6-Pack Mitten Cuff 0-3 Months</p><p> -12% 0FF </p><p>$15.81</p><a href="https://www.amazon.com/dp/B07GFNVLS2?tag=eloabder-20&linkCode=osi&th=1&psc=1">View Product</a></div><div class="product"><a href="https://www.amazon.com/dp/B08RHXJ4RN?tag=eloabder-20&linkCode=osi&th=1&psc=1"><img src="https://m.media-amazon.com/images/I/417BQ0zgHdL._SL500_.jpg" alt="Product Image"></a><p>AMAWMW Newborn Baby Girl Little Sister Sleeper Gown Stripe Long Sleeve Nightgown Pajamas Gifts Stuff Essential Outfit</p><p> -35% 0FF </p><p>$13.59</p><a href="https://www.amazon.com/dp/B08RHXJ4RN?tag=eloabder-20&linkCode=osi&th=1&psc=1">View Product</a></div>
<div class="product"><a href="https://www.amazon.com/dp/B07XP17LFJ?tag=eloabder-20&linkCode=osi&th=1&psc=1"><img src="https://m.media-amazon.com/images/I/51lB8BV82CL._SL500_.jpg" alt="Product Image"></a><p>DADA-TECH Toddler Electric Toothbrush Kids Age 1-2-3 Years Old, Baby Electric Toothbrush with LED Light 2 Minutes Timer 4 Vibrating Heads for Infants Toothbrush 6 to 12 Months and Up (Blue)</p><p> -24% 0FF </p><p>$15.99</p><a href="https://www.amazon.com/dp/B07XP17LFJ?tag=eloabder-20&linkCode=osi&th=1&psc=1">View Product</a></div><div class="product"><a href="https://www.amazon.com/dp/B0CQKSQ8RX?tag=eloabder-20&linkCode=osi&th=1&psc=1"><img src="https://m.media-amazon.com/images/I/314uxBY6cwL._SL500_.jpg" alt="Product Image"></a><p>PandaEar 2 Pack Baby Toothbrush, Silicone Double-Sided Oral Care Teether Brush for Infant 6 to 12 Months, Easy to Hold -Green & Red</p><p> -14% 0FF </p><p>$5.95 ($2.98 / Count)</p><a href="https://www.amazon.com/dp/B0CQKSQ8RX?tag=eloabder-20&linkCode=osi&th=1&psc=1">View Product</a></div>
<div class="product"><a href="https://www.amazon.com/dp/B00JHKTDQG?tag=eloabder-20&linkCode=osi&th=1&psc=1"><img src="https://m.media-amazon.com/images/I/41u2OOs0uOL._SL500_.jpg" alt="Product Image"></a><p>Safety 1st Plug Protectors, 36 Count</p><p> -22% 0FF </p><p>$3.49</p><a href="https://www.amazon.com/dp/B00JHKTDQG?tag=eloabder-20&linkCode=osi&th=1&psc=1">View Product</a></div><div class="product"><a href="https://www.amazon.com/dp/B00NO030NC?tag=eloabder-20&linkCode=osi&th=1&psc=1"><img src="https://m.media-amazon.com/images/I/2172z++GGHL._SL500_.jpg" alt="Product Image"></a><p>Power Gear 51175 Safety Plastic Outlet Covers, 30 Pack, Clear</p><p> -21% 0FF </p><p>$4.75</p><a href="https://www.amazon.com/dp/B00NO030NC?tag=eloabder-20&linkCode=osi&th=1&psc=1">View Product</a></div><div class="product"><a href="https://www.amazon.com/dp/B000HKVG9C?tag=eloabder-20&linkCode=osi&th=1&psc=1"><img src="https://m.media-amazon.com/images/I/41RdFKMVyCL._SL500_.jpg" alt="Product Image"></a><p>Safety 1st Outlet Cover with Cord Shortener for Baby Proofing</p><p> -9% 0FF </p><p>$4.99</p><a href="https://www.amazon.com/dp/B000HKVG9C?tag=eloabder-20&linkCode=osi&th=1&psc=1">View Product</a></div>
<div class="product"><a href="https://www.amazon.com/dp/B07TKB5SWG?tag=eloabder-20&linkCode=osi&th=1&psc=1"><img src="https://m.media-amazon.com/images/I/41g6kosVb2L._SL500_.jpg" alt="Product Image"></a><p>SMART ELF Car Seat Protector, 2Pack Seat Protector Protect Child Seats with Thickest Padding and Non-Slip Backing Mesh Pockets for Baby and Pet,Sedan SUV Truck (Black)</p><p> -29% 0FF </p><p>$24.69</p><a href="https://www.amazon.com/dp/B07TKB5SWG?tag=eloabder-20&linkCode=osi&th=1&psc=1">View Product</a></div><div class="product"><a href="https://www.amazon.com/dp/B096PGXGB4?tag=eloabder-20&linkCode=osi&th=1&psc=1"><img src="https://m.media-amazon.com/images/I/31Y4e9zhROS._SL500_.jpg" alt="Product Image"></a><p>XHYANG Car Seat Protector 1 Pack Car Seat Cushion Mat Thickest Padding,Waterproof 600D Fabric Car Seat Covers for Non-Slip Backing Mesh Pockets for Baby and Pet (1 Seat Protector)</p><p> -20% 0FF </p><p>$18.95</p><a href="https://www.amazon.com/dp/B096PGXGB4?tag=eloabder-20&linkCode=osi&th=1&psc=1">View Product</a></div><div class="product"><a href="https://www.amazon.com/dp/B00B7M7BKW?tag=eloabder-20&linkCode=osi&th=1&psc=1"><img src="https://m.media-amazon.com/images/I/31tGjWPadJL._SL500_.jpg" alt="Product Image"></a><p>Brica Elite Seat Guardian Car Seat Protector (1 Count Elite)</p><p> -23% 0FF </p><p>$29.97</p><a href="https://www.amazon.com/dp/B00B7M7BKW?tag=eloabder-20&linkCode=osi&th=1&psc=1">View Product</a></div><div class="product"><a href="https://www.amazon.com/dp/B09W2G8VMX?tag=eloabder-20&linkCode=osi&th=1&psc=1"><img src="https://m.media-amazon.com/images/I/31z9w8W7+YL._SL500_.jpg" alt="Product Image"></a><p>Siivton Car Seat Protector for Child Car Seat,Waterproof Car Seat Cover for Leather and Fabric Seats, 2 Mesh Pockets, Non-Slip Bottom,Thick Padding Cushion (Black)</p><p> -13% 0FF </p><p>$12.99</p><a href="https://www.amazon.com/dp/B09W2G8VMX?tag=eloabder-20&linkCode=osi&th=1&psc=1">View Product</a></div><div class="product"><a href="https://www.amazon.com/dp/B07JBQBVL6?tag=eloabder-20&linkCode=osi&th=1&psc=1"><img src="https://m.media-amazon.com/images/I/31PZj+OEfjL._SL500_.jpg" alt="Product Image"></a><p>Car Seat Protector for Baby Child Car Seats, Shynerk Auto Seat Cover Mat for Under Carseat to Protect Automotive Vehicle Leather and Cloth Upholstery - Waterproof and Dirt Resistant</p><p> -33% 0FF </p><p>$19.99</p><a href="https://www.amazon.com/dp/B07JBQBVL6?tag=eloabder-20&linkCode=osi&th=1&psc=1">View Product</a></div><div class="product"><a href="https://www.amazon.com/dp/B08XPXDCY1?tag=eloabder-20&linkCode=osi&th=1&psc=1"><img src="https://m.media-amazon.com/images/I/31y3e3zE1sL._SL500_.jpg" alt="Product Image"></a><p>Car Seat Protector, [1 Pack] Large Auto Car Seat Protectors for Child Seats with Thickest Padding and Non-Slip Backing Mesh Pockets for SUV, Sedan, Truck, Leather and Fabric Car Seat - Black</p><p> -11% 0FF </p><p>$16.99</p><a href="https://www.amazon.com/dp/B08XPXDCY1?tag=eloabder-20&linkCode=osi&th=1&psc=1">View Product</a></div>
<div class="product"><a href="https://www.amazon.com/dp/B073YBXTD2?tag=eloabder-20&linkCode=osi&th=1&psc=1"><img src="https://m.media-amazon.com/images/I/41JMjruimBL._SL500_.jpg" alt="Product Image"></a><p>Delta Children Infant Changing Table with Pad, Grey</p><p> -27% 0FF </p><p>$87.32</p><a href="https://www.amazon.com/dp/B073YBXTD2?tag=eloabder-20&linkCode=osi&th=1&psc=1">View Product</a></div><div class="product"><a href="https://www.amazon.com/dp/B0CXCDRT4B?tag=eloabder-20&linkCode=osi&th=1&psc=1"><img src="https://m.media-amazon.com/images/I/41vP79VQ+KL._SL500_.jpg" alt="Product Image"></a><p>Storkcraft Pasadena Changing Table with Water-Resistant Changing Pad (Driftwood) - GREENGUARD Gold Certified, Includes Bonus Water-Resistant Changing Pad with Safety Strap, 2 Open Shelves</p><p> -25% 0FF </p><p>$67.89</p><a href="https://www.amazon.com/dp/B0CXCDRT4B?tag=eloabder-20&linkCode=osi&th=1&psc=1">View Product</a></div><div class="product"><a href="https://www.amazon.com/dp/B0D3BPZ77F?tag=eloabder-20&linkCode=osi&th=1&psc=1"><img src="https://m.media-amazon.com/images/I/41-+eE90DeL._SL500_.jpg" alt="Product Image"></a><p>Saryocy Baby Changing Table, Versatile Folding Changing Table, Waterproof Diaper Changing Station, Adjustable Height with 2 Drawers,Baby Changing Station, Mobile Nursery for Infant and Newborn</p><p> -36% 0FF </p><p>$127.97</p><a href="https://www.amazon.com/dp/B0D3BPZ77F?tag=eloabder-20&linkCode=osi&th=1&psc=1">View Product</a></div><div class="product"><a href="https://www.amazon.com/dp/B004FURIAG?tag=eloabder-20&linkCode=osi&th=1&psc=1"><img src="https://m.media-amazon.com/images/I/31hZwey9xYS._SL500_.jpg" alt="Product Image"></a><p>Delta Children Eclipse Changing Table with Changing Pad, White</p><p> -25% 0FF </p><p>$105.12</p><a href="https://www.amazon.com/dp/B004FURIAG?tag=eloabder-20&linkCode=osi&th=1&psc=1">View Product</a></div><div class="product"><a href="https://www.amazon.com/dp/B0C84T7QFD?tag=eloabder-20&linkCode=osi&th=1&psc=1"><img src="https://m.media-amazon.com/images/I/41Kjm6caAKL._SL500_.jpg" alt="Product Image"></a><p>BabyBond Portable Baby Changing Table with 2 Storage Baskets, Foldable Changing Table Dresser Waterproof Diaper Changing Table Height Adjustable Changing Station for Infant and Newborn(Grey)</p><p> -10% 0FF </p><p>$143.99</p><a href="https://www.amazon.com/dp/B0C84T7QFD?tag=eloabder-20&linkCode=osi&th=1&psc=1">View Product</a></div><div class="product"><a href="https://www.amazon.com/dp/B08HMJCHCT?tag=eloabder-20&linkCode=osi&th=1&psc=1"><img src="https://m.media-amazon.com/images/I/31aqc05wT6L._SL500_.jpg" alt="Product Image"></a><p>Storkcraft Brookside 2 Drawer Changing Table Dresser (Pebble Gray) – GREENGUARD Gold Certified, Easy-to-Match Chest of Drawers and Cubbies for Nursery and Kids Bedroom, Includes Changing Table Topper</p><p> -31% 0FF </p><p>$151.99</p><a href="https://www.amazon.com/dp/B08HMJCHCT?tag=eloabder-20&linkCode=osi&th=1&psc=1">View Product</a></div>
<div class="product"><a href="https://www.amazon.com/dp/B09WMCNNQY?tag=eloabder-20&linkCode=osi&th=1&psc=1"><img src="https://m.media-amazon.com/images/I/31uqVf+rn9L._SL500_.jpg" alt="Product Image"></a><p>Baby Blanket for Boys and Girls, Soft Cozy Blankets for Kids, Toddler Comforter Quilted with Grey Star Print, Ultra Soft and Comfortable Baby Comforter Down Alternative Crib Comforter, 39x47 Inches</p><p> -19% 0FF </p><p>$12.99</p><a href="https://www.amazon.com/dp/B09WMCNNQY?tag=eloabder-20&linkCode=osi&th=1&psc=1">View Product</a></div><div class="product"><a href="https://www.amazon.com/dp/B00MYL8186?tag=eloabder-20&linkCode=osi&th=1&psc=1"><img src="https://m.media-amazon.com/images/I/41Ap1mz-w0L._SL500_.jpg" alt="Product Image"></a><p>Wildkin Kids 100% Cotton Toddler Comforter for Boys and Girls, Measures 58 X 42 Inches Comforter for Kids, Includes One Comforter Fits Standard Crib Mattress (Dinosaur Land)</p><p> -25% 0FF </p><p>$59.99</p><a href="https://www.amazon.com/dp/B00MYL8186?tag=eloabder-20&linkCode=osi&th=1&psc=1">View Product</a></div>
<div class="product"><a href="https://www.amazon.com/dp/B08NYPPQ85?tag=eloabder-20&linkCode=osi&th=1&psc=1"><img src="https://m.media-amazon.com/images/I/41df5sSCr6L._SL500_.jpg" alt="Product Image"></a><p>Frida Baby Thermometer, 3-in-1 Infrared Thermometer for Ear, Forehead & Touchless, FSA/ HSA Eligible Fever Thermometer for Baby, Infants ,Toddlers, Kids & Adults</p><p> -10% 0FF </p><p>$35.99</p><a href="https://www.amazon.com/dp/B08NYPPQ85?tag=eloabder-20&linkCode=osi&th=1&psc=1">View Product</a></div><div class="product"><a href="https://www.amazon.com/dp/B0D7Z4S63C?tag=eloabder-20&linkCode=osi&th=1&psc=1"><img src="https://m.media-amazon.com/images/I/31a3VmwGjYL._SL500_.jpg" alt="Product Image"></a><p>Berrcom 3 in 1 Forehead and Ear Thermometer Indoors Non-Contact Backlight Body Object Temperature Checking Sensor Touchless Digital Thermometer with Fever Alert</p><p> -9% 0FF </p><p>$20.93</p><a href="https://www.amazon.com/dp/B0D7Z4S63C?tag=eloabder-20&linkCode=osi&th=1&psc=1">View Product</a></div><div class="product"><a href="https://www.amazon.com/dp/B07YYMBVVC?tag=eloabder-20&linkCode=osi&th=1&psc=1"><img src="https://m.media-amazon.com/images/I/41eqvQ9sQ-L._SL500_.jpg" alt="Product Image"></a><p>Alcedo Forehead and Ear Thermometer for Adults, Kids, and Baby | Digital Infrared Thermometer for Fever | Touchless, Instant Read, Medical Grade | Pouch and Batteries Included</p><p> -17% 0FF </p><p>$24.95</p><a href="https://www.amazon.com/dp/B07YYMBVVC?tag=eloabder-20&linkCode=osi&th=1&psc=1">View Product</a></div><div class="product"><a href="https://www.amazon.com/dp/B0CS996Y44?tag=eloabder-20&linkCode=osi&th=1&psc=1"><img src="https://m.media-amazon.com/images/I/313CKK7VpUL._SL500_.jpg" alt="Product Image"></a><p>COOCEER Digital Thermometer for Adults and Kids: Accurate Ear and Forehead Temperature Readings - Fever Alarm - Touchless Ideal for Babies Toddlers Infants Sensiors - Large LED Display - Home Use</p><p> -32% 0FF </p><p>$12.99</p><a href="https://www.amazon.com/dp/B0CS996Y44?tag=eloabder-20&linkCode=osi&th=1&psc=1">View Product</a></div>
<div class="product"><a href="https://www.amazon.com/dp/B00DG8F02Q?tag=eloabder-20&linkCode=osi&th=1&psc=1"><img src="https://m.media-amazon.com/images/I/317Ve37DL7L._SL500_.jpg" alt="Product Image"></a><p>NIVEA Shea Nourish Body Lotion, Dry Skin Lotion with Shea Butter, Moisturizing Lotion for Dry Skin, 16.9 Fl Oz Pump Bottle</p><p> -22% 0FF </p><p>$6.24 ($0.37 / Fl Oz)</p><a href="https://www.amazon.com/dp/B00DG8F02Q?tag=eloabder-20&linkCode=osi&th=1&psc=1">View Product</a></div><div class="product"><a href="https://www.amazon.com/dp/B07DGKXBD7?tag=eloabder-20&linkCode=osi&th=1&psc=1"><img src="https://m.media-amazon.com/images/I/31FyDL3570L._SL500_.jpg" alt="Product Image"></a><p>Johnson's Moisturizing Mild Pink Baby Lotion with Coconut Oil for Delicate Baby Skin, Paraben-, Phthalate- & Dye-Free, Hypoallergenic & Dermatologist-Tested, Baby Skin Care, 27.1 Fl. Oz</p><p> -28% 0FF </p><p>$7.68 ($0.28 / Fl Oz)</p><a href="https://www.amazon.com/dp/B07DGKXBD7?tag=eloabder-20&linkCode=osi&th=1&psc=1">View Product</a></div><div class="product"><a href="https://www.amazon.com/dp/B0030UF6EW?tag=eloabder-20&linkCode=osi&th=1&psc=1"><img src="https://m.media-amazon.com/images/I/31RKFp5lxLL._SL500_.jpg" alt="Product Image"></a><p>Aveeno Baby Daily Moisture Body Lotion for Sensitive Skin, Hypoallergenic Moisturizing Baby Lotion with Nourishing Oatmeal to Deeply Moisturize Baby's Skin, Fragrance-Free, 18 fl. oz</p><p> -25% 0FF </p><p>$12.28</p><a href="https://www.amazon.com/dp/B0030UF6EW?tag=eloabder-20&linkCode=osi&th=1&psc=1">View Product</a></div><div class="product"><a href="https://www.amazon.com/dp/B0013DIZL4?tag=eloabder-20&linkCode=osi&th=1&psc=1"><img src="https://m.media-amazon.com/images/I/31bPmcqX7+L._SL500_.jpg" alt="Product Image"></a><p>Lubriderm Intense Dry Skin Repair Lotion + Pro-Ceramide with Vitamin E & Minerals Helps to Repair Rough, Dry Skin, Fast Absorbing Lotion is Fragrance-Free and Non-Greasy, 16 fl. oz</p><p> -27% 0FF </p><p>$8.99 ($0.56 / Fl Oz)</p><a href="https://www.amazon.com/dp/B0013DIZL4?tag=eloabder-20&linkCode=osi&th=1&psc=1">View Product</a></div><div class="product"><a href="https://www.amazon.com/dp/B000056W71?tag=eloabder-20&linkCode=osi&th=1&psc=1"><img src="https://m.media-amazon.com/images/I/31sbZrzAC6L._SL500_.jpg" alt="Product Image"></a><p>Palmer's Cocoa Butter Formula Daily Skin Therapy Fragrance Free Lotion for Dry Skin, Unscented Body Lotion, Flip Cap Bottle, 8.5 Fl Oz</p><p> -34% 0FF </p><p>$4.58 ($0.54 / Fl Oz)</p><a href="https://www.amazon.com/dp/B000056W71?tag=eloabder-20&linkCode=osi&th=1&psc=1">View Product</a></div><div class="product"><a href="https://www.amazon.com/dp/B08RTKXZXF?tag=eloabder-20&linkCode=osi&th=1&psc=1"><img src="https://m.media-amazon.com/images/I/41pBq4jukUL._SL500_.jpg" alt="Product Image"></a><p>Mustela Hydra Bebe Body Lotion - Daily Moisturizing Baby Lotion with Natural Avocado, Jojoba & Sunflower Oil – 25.35 fl. oz.</p><p> -10% 0FF </p><p>$27.00 ($1.07 / Fl Oz)</p><a href="https://www.amazon.com/dp/B08RTKXZXF?tag=eloabder-20&linkCode=osi&th=1&psc=1">View Product</a></div><div class="product"><a href="https://www.amazon.com/dp/B00U2VQW72?tag=eloabder-20&linkCode=osi&th=1&psc=1"><img src="https://m.media-amazon.com/images/I/31nMuDcXtPL._SL500_.jpg" alt="Product Image"></a><p>Aveeno Baby Calming Comfort Moisturizing Body Lotion with Relaxing Lavender & Vanilla Scents, Non-Greasy Baby Lotion, Nourishing Prebiotic Oatmeal, Paraben- & Phthalate-Free, 18 fl. oz</p><p> -34% 0FF </p><p>$10.76 ($0.60 / Fl Oz)</p><a href="https://www.amazon.com/dp/B00U2VQW72?tag=eloabder-20&linkCode=osi&th=1&psc=1">View Product</a></div>
<div class="product"><a href="https://www.amazon.com/dp/B0BKPXLGVF?tag=eloabder-20&linkCode=osi&th=1&psc=1"><img src="https://m.media-amazon.com/images/I/41b6HbUXo2L._SL500_.jpg" alt="Product Image"></a><p>CottCare Baby Muslin Swaddle Blankets for Boys and Girls,4-Pack Breathable and Skin-Friendly,Wrap Soft Silky Cotton Muslin Swaddle Blankets/Atrovirens/Green/Apricot White/Grey…</p><p> -38% 0FF </p><p>$14.99</p><a href="https://www.amazon.com/dp/B0BKPXLGVF?tag=eloabder-20&linkCode=osi&th=1&psc=1">View Product</a></div><div class="product"><a href="https://www.amazon.com/dp/B098NY9KW8?tag=eloabder-20&linkCode=osi&th=1&psc=1"><img src="https://m.media-amazon.com/images/I/41k5gWkxQgL._SL500_.jpg" alt="Product Image"></a><p>Momcozy Muslin Swaddle Blankets, Swaddle Blanket for Baby Boys and Girls, 4-Pack Breathable and Skin-Friendly Baby Receiving Blankets Swaddle Wrap, Baby Essentials, Registry & Gift, 47 x 47 inches</p><p> -52% 0FF </p><p>$23.99</p><a href="https://www.amazon.com/dp/B098NY9KW8?tag=eloabder-20&linkCode=osi&th=1&psc=1">View Product</a></div><div class="product"><a href="https://www.amazon.com/dp/B0C6GP7NXF?tag=eloabder-20&linkCode=osi&th=1&psc=1"><img src="https://m.media-amazon.com/images/I/51vjlWRLQjL._SL500_.jpg" alt="Product Image"></a><p>Konssy 2 Pack Muslin Swaddle Blankets for Baby Boys Girls, Receiving Blanket Large 47 x 47 inches, Soft Breathable Muslin Baby Blanket for Unisex Newborn(Pink, Floral)</p><p> -27% 0FF </p><p>$19.79 ($9.90 / Count)</p><a href="https://www.amazon.com/dp/B0C6GP7NXF?tag=eloabder-20&linkCode=osi&th=1&psc=1">View Product</a></div><div class="product"><a href="https://www.amazon.com/dp/B07HP1TQRP?tag=eloabder-20&linkCode=osi&th=1&psc=1"><img src="https://m.media-amazon.com/images/I/51nniEP2D0L._SL500_.jpg" alt="Product Image"></a><p>upsimples Baby Swaddle Blanket Unisex Swaddle Wrap Soft Silky Muslin Swaddle Blankets Neutral Receiving Blanket for Boys and Girls, 47 x 47 inches, Set of 4 - Fox/Elephant/Giraffe/Dinosaur</p><p> -9% 0FF </p><p>$20.99</p><a href="https://www.amazon.com/dp/B07HP1TQRP?tag=eloabder-20&linkCode=osi&th=1&psc=1">View Product</a></div><div class="product"><a href="https://www.amazon.com/dp/B0CBCC4HWK?tag=eloabder-20&linkCode=osi&th=1&psc=1"><img src="https://m.media-amazon.com/images/I/41uQK7FlKmL._SL500_.jpg" alt="Product Image"></a><p>Lovely Care 12 Pack Muslin Burp Cloths 100% Cotton Muslin Cloths Large 20''x10'' Extra Soft and Absorbent Baby Burping Cloth - White</p><p> -40% 0FF </p><p>$11.39</p><a href="https://www.amazon.com/dp/B0CBCC4HWK?tag=eloabder-20&linkCode=osi&th=1&psc=1">View Product</a></div><div class="product"><a href="https://www.amazon.com/dp/B0BZNNBJTG?tag=eloabder-20&linkCode=osi&th=1&psc=1"><img src="https://m.media-amazon.com/images/I/41JvYM6RTaL._SL500_.jpg" alt="Product Image"></a><p>Konssy 3 Pack Muslin Swaddle Blankets for Unisex, Newborn Receiving Blanket, Large 47 x 47 inches, Soft Breathable Muslin Baby Swaddles for Boys & Girls</p><p> -15% 0FF </p><p>$27.99</p><a href="https://www.amazon.com/dp/B0BZNNBJTG?tag=eloabder-20&linkCode=osi&th=1&psc=1">View Product</a></div>
<div class="product"><a href="https://www.amazon.com/dp/B0C4LYH49V?tag=eloabder-20&linkCode=osi&th=1&psc=1"><img src="https://m.media-amazon.com/images/I/51FyQbJ2iQL._SL500_.jpg" alt="Product Image"></a><p>Comfy Cubs Muslin Swaddle Blankets Neutral Receiving Blanket Swaddling, Wrap for Boys and Girls, Baby Essentials, Registry & Gift (Sun, Rainbow, Rain, Doodle)</p><p> -38% 0FF </p><p>$24.99</p><a href="https://www.amazon.com/dp/B0C4LYH49V?tag=eloabder-20&linkCode=osi&th=1&psc=1">View Product</a></div>
<div class="product"><a href="https://www.amazon.com/dp/B005MI648C?tag=eloabder-20&linkCode=osi&th=1&psc=1"><img src="https://m.media-amazon.com/images/I/41IsNMYojbL._SL500_.jpg" alt="Product Image"></a><p>Lansinoh Lanolin Nipple Cream Safe for Breastfeeding Baby, 100% Natural Nipple Butter for Mom, Breastfeeding Essentials, 1.41 Ounces</p><p> -17% 0FF </p><p>$8.99 ($6.38 / Ounce)</p><a href="https://www.amazon.com/dp/B005MI648C?tag=eloabder-20&linkCode=osi&th=1&psc=1">View Product</a></div><div class="product"><a href="https://www.amazon.com/dp/B000JVCBBG?tag=eloabder-20&linkCode=osi&th=1&psc=1"><img src="https://m.media-amazon.com/images/I/41TljzHSgHL._SL500_.jpg" alt="Product Image"></a><p>Earth Mama Organic Nipple Butter™ | Nipple Cream Safe for Breastfeeding | Postpartum Essentials for Nursing | Non Lanolin Nipple Cream, 2-Fluid Ounce</p><p> -7% 0FF </p><p>$13.99 ($7.00 / Fl Oz)</p><a href="https://www.amazon.com/dp/B000JVCBBG?tag=eloabder-20&linkCode=osi&th=1&psc=1">View Product</a></div><div class="product"><a href="https://www.amazon.com/dp/B07X53WM1H?tag=eloabder-20&linkCode=osi&th=1&psc=1"><img src="https://m.media-amazon.com/images/I/41sh4NHSA1L._SL500_.jpg" alt="Product Image"></a><p>Lansinoh Organic Nipple Butter, Nipple Cream Safe for Breastfeeding Baby, Postpartum Essentials for Mom, 2 Ounces</p><p> -37% 0FF </p><p>$9.39</p><a href="https://www.amazon.com/dp/B07X53WM1H?tag=eloabder-20&linkCode=osi&th=1&psc=1">View Product</a></div><div class="product"><a href="https://www.amazon.com/dp/B08L68WR4B?tag=eloabder-20&linkCode=osi&th=1&psc=1"><img src="https://m.media-amazon.com/images/I/41qRTIl9vqL._SL500_.jpg" alt="Product Image"></a><p>Medela Purelan Lanolin, Safe for Breastfeeding Baby, 100% Natural Nipple Cream, Single Ingredient, Soothing Protection for Nursing Moms, 1.3 Ounce</p><p> -19% 0FF </p><p>$8.39</p><a href="https://www.amazon.com/dp/B08L68WR4B?tag=eloabder-20&linkCode=osi&th=1&psc=1">View Product</a></div><div class="product"><a href="https://www.amazon.com/dp/B08PXP59L6?tag=eloabder-20&linkCode=osi&th=1&psc=1"><img src="https://m.media-amazon.com/images/I/31IW7nwLECL._SL500_.jpg" alt="Product Image"></a><p>The Honest Company Honest Mama Calm Your Nip Balm | Nourishing + Soothing Nipple Cream for Nursing | Naturally Derived + Safe for Sensitive Skin | 1.75 fl oz</p><p> -33% 0FF </p><p>$9.99 ($5.71 / Fl Oz)</p><a href="https://www.amazon.com/dp/B08PXP59L6?tag=eloabder-20&linkCode=osi&th=1&psc=1">View Product</a></div><div class="product"><a href="https://www.amazon.com/dp/B006YTX0HQ?tag=eloabder-20&linkCode=osi&th=1&psc=1"><img src="https://m.media-amazon.com/images/I/41WJwvRm5aL._SL500_.jpg" alt="Product Image"></a><p>Burt's Bees Baby 100% Natural Multipurpose Healing Ointment, Face & Body Baby Ointment – 7.5 Ounce Tub</p><p> -16% 0FF </p><p>$7.59 ($1.01 / Ounce)</p><a href="https://www.amazon.com/dp/B006YTX0HQ?tag=eloabder-20&linkCode=osi&th=1&psc=1">View Product</a></div>
<div class="product"><a href="https://www.amazon.com/dp/B089NR6B41?tag=eloabder-20&linkCode=osi&th=1&psc=1"><img src="https://m.media-amazon.com/images/I/41rzZDhg20L._SL500_.jpg" alt="Product Image"></a><p>Newroutes Child Airplane Safety Travel Harness - The Safety Restraint System Will Protect Your Child from Dangerous. - Airplane Kid Travel Accessories for Aviation Travel Use…</p><p> -10% 0FF </p><p>$53.99</p><a href="https://www.amazon.com/dp/B089NR6B41?tag=eloabder-20&linkCode=osi&th=1&psc=1">View Product</a></div>                </div>

                <!-- Bouton flottant -->
                <button class="floating-button" onclick="window.location.href='https://www.iasmarket.us'">HOME</button>
            
                <!-- Pagination -->
                <div class="pagination">
                        </div>

            <script>
                function updateTime() {
                    const optionsDate = {
                        timeZone: 'America/Los_Angeles',
                        year: 'numeric',
                        month: 'long',
                        day: 'numeric',
                        weekday: 'long'
                    };
                    const optionsTime = {
                        timeZone: 'America/Los_Angeles',
                        hour: '2-digit',
                        minute: '2-digit',
                        second: '2-digit'
                    };
        
                    const now = new Date();
                    const formatterDate = new Intl.DateTimeFormat('en-US', optionsDate);
                    const formatterTime = new Intl.DateTimeFormat('en-US', optionsTime);
        
                    const formattedDate = formatterDate.format(now);
                    const formattedTime = formatterTime.format(now);
        
                    document.getElementById('comment').textContent = "As an AMAZON Associate, I earn from qualifying purchases.";
                    document.getElementById('date').textContent = formattedDate;
                    document.getElementById('time').textContent = formattedTime;
                }
        
                updateTime();
                setInterval(updateTime, 1000);
        
                function filterProducts() {
                    const input = document.getElementById('searchInput');
                    const filter = input.value.toLowerCase();
                    const container = document.getElementById('productContainer');
                    const products = container.getElementsByClassName('product');
        
                    for (let i = 0; i < products.length; i++) {
                        const product = products[i];
                        const text = product.textContent || product.innerText;
                        if (text.toLowerCase().indexOf(filter) > -1) {
                            product.style.display = "";
                        } else {
                            product.style.display = "none";
                        }
                    }
                }
            </script>
             </body>
        
            </html>
        